3165 4959
946 329 1312 380 stomoma
1355 331 1721 381 RESPONsm.
2308 315 2440 378 177

225 479 335 563 qui
363 485 504 544 tam
532 479 817 563 indigna,
847 483 1135 550 Henrico
1159 487 1324 566 IV.‘,
1356 486 1682 551 Friderico
1706 486 1815 564 1³¹,
1841 491 1908 548 et
1938 485 2083 563 ΙΙΙ,
2109 484 2437 547 Ludovico

225 587 527 648 Bavarow
573 583 955 665 intulerunt,
1007 590 1116 671 qui
1173 589 1699 673 proscripserunt,
1748 588 1944 652 etiam
2002 586 2383 651 abdicarunt
2403 587 2434 648 ⁴?

228 689 426 751 Certe
458 687 770 769 Caligula,
803 687 905 753 vel
935 690 1138 769 Nem,
1179 713 1314 757 non
1359 693 1635 770 fecisset,
1676 692 1847 774 quod
1883 691 2126 754 factum
2160 689 2438 771 legimus

228 790 554 854 Friderico
584 790 666 855 ab
695 791 1064 858 Alexandro
1096 796 1231 859 111.
1736 802 1742 810 '

296 940 420 990 Pari
442 941 701 990 calumnia
720 941 1043 994 cardinalem
1069 945 1363 1006 Beronium,
1386 947 1555 996 virum
1587 961 1729 1010 aeque
1761 946 1922 1009 pium,
1953 959 2011 994 ac
2044 944 2270 1005 doctum,
2292 959 2349 994 ac
2372 944 2436 994 de

362 1022 612 1073 Historiis
644 1023 1015 1077 Ecclesiasticis
1052 1029 1245 1092 optime
1281 1029 1540 1087 meritum,
1574 1027 1946 1092 aspergendum
1985 1041 2090 1076 esse
2125 1026 2236 1076 Rex
2267 1025 2436 1086 duxit,

359 1103 605 1166 majorem
636 1103 790 1155 fidem
814 1106 1004 1156 habens
1025 1107 1216 1159 famoso
1238 1109 1432 1167 libello,
1453 1124 1606 1172 quam
1629 1110 1753 1159 viris
1774 1106 2259 1171 gravibus—[Bell.
2282 1108 2436 1170 Apol.

361 1198 454 1248 pro
476 1184 645 1249 Resp]
668 1200 719 1249 p.
737 1189 814 1238 56.
843 1187 981 1252 [Op.,
1006 1192 1128 1238 tom.
1147 1190 1235 1239 vii.
1260 1190 1372 1240 coll.
1398 1190 1509 1242 736.
1535 1188 1624 1251 Β.]

323 1284 642 1348 Baronius
693 1292 846 1349 tuus
890 1286 1010 1352 tibi
1063 1289 1148 1352 sit
1181 1314 1195 1351 :
1264 1295 1340 1352 tu
1385 1287 1497 1351 illi.
1592 1289 1705 1366 At,
1753 1288 1830 1350 de
1876 1288 2168 1350 Historia
2212 1288 2435 1351 Eccle-
2465 1302 2605 1368 [Tali
2629 1316 2762 1351 seve-

230 1389 495 1450 siastica
542 1390 801 1452 meritus
846 1390 1069 1454 multis
1122 1391 1192 1456 in
1242 1392 1417 1468 locis,
1467 1390 1713 1475 optime
1759 1390 2026 1453 meritus
2082 1391 2435 1474 spongiam.
2463 1368 2765 1494 ssssffnffief

232 1490 455 1554 Verba
483 1511 651 1570 vero,
686 1513 827 1574 quae
867 1494 1006 1557 Rex
1049 1493 1141 1557 ibi
1174 1494 1393 1573 refert,
1429 1494 1503 1557 in
1544 1493 1761 1557 fronte
1802 1498 1955 1556 sunt
1997 1492 2165 1572 libri,
2206 1500 2282 1556 ut
2319 1513 2440 1556 nec

218 1593 502 1674 famosis
548 1594 774 1657 libellis
825 1595 1165 1679 quicquam
1212 1617 1373 1681 opus
1435 1597 1520 1660 sit
1584 1596 1668 1659 ad
1721 1596 2184 1678 asperyendam,
2230 1617 2440 1679 neque

227 1697 531 1778 yravibus
575 1698 706 1760 illis
747 1699 924 1778 viris,
958 1699 1040 1762 ad
1080 1700 1515 1782 deteryendam
1543 1698 1897 1763 infamiam.
1967 1699 2197 1781 ‚Surge
2227 1699 2442 1776 Petre,

235 1800 451 1862 occide
461 1809 508 1877 ¹,
542 1800 697 1882 quid
726 1800 848 1865 sibi
877 1802 1113 1879 velint;
1160 1823 1466 1886 quorsum
1500 1796 1644 1885 quis
1691 1807 1933 1886 quaerat
1971 1802 2392 1885 interpretem
2408 1802 2439 1865 ?

236 1902 709 1987 Neutrobique,
734 1904 834 1968 vel
862 1904 932 1967 in
947 1906 1243 1988 pastione
1269 1912 1404 1984 tua,
1426 1905 1526 1969 vel
1548 1905 1618 1967 in
1646 1906 2021 1967 mactatione
2050 1906 2188 1988 ejus
2219 1925 2445 1968 sensus

237 2026 429 2069 verus
474 2007 575 2069 vel
623 2006 788 2090 pius,
839 2007 954 2071 sed
1000 2028 1192 2090 quem
1239 2008 1358 2072 viri
1404 2008 1574 2072 leves
1622 2014 1946 2071 testentur
1987 2006 2171 2085 forte,
2215 2027 2445 2088 ¹qraves

241 2109 667 2173 detestentur.
755 2110 845 2173 Et
895 2109 1110 2174 labem
1170 2132 1323 2194 ergo
1380 2111 1487 2174 hic
1547 2109 1670 2173 sibi
1731 2111 2008 2191 asperqz't
2060 2109 2442 2174 CardinaliS.

243 2212 505 2275 Falsum
553 2212 727 2276 enim
776 2213 1019 2277 crimen
1068 2213 1346 2278 scienter
1391 2212 1694 2290 intendit,
1728 2213 1903 2290 dum,
1942 2214 2157 2296 (quam
2204 2213 2447 2276 fatetur

241 2314 379 2398 ipse
407 2316 568 2397 rem)
610 2317 992 2397 effeminem
1023 2314 1177 2379 dicit
1222 2317 1561 2396 calumniae.
1651 2317 1846 2393 Nam,
1878 2316 1949 2378 ni
1993 2335 2251 2379 sensum
2296 2335 2445 2378 eum
2579 2389 2586 2396 ,

240 2417 385 2482 1000
443 2417 697 2482 fecisset
757 2418 1092 2498 Baronius,
1155 2440 1269 2485 cur
1325 2419 1441 2498 illi,
1509 2419 1694 2502 (quos
1757 2418 1914 2482 dicit
1968 2419 2138 2481 viros
2188 2419 2438 2501 yraves)
2561 2424 2686 2487 135

240 2522 500 2602 scriptis
530 2521 707 2583 libris
733 2542 977 2584 sermm
1006 2522 1154 2585 bene
1183 2522 1262 2585 ab
1292 2542 1361 2585 eo
1392 2523 1771 2602 explicatum
1801 2521 2268 2585 contenderent
2288 2522 2317 2581 ⁶?

334 2624 569 2687 Procul
590 2645 738 2687 vero
763 2625 902 2688 Rex
932 2624 1128 2689 habet
1159 2647 1197 2689 a
1226 2646 1295 2690 se
1312 2623 1598 2707 famosos
1619 2632 1685 2688 et
1710 2625 1963 2702 libellos,
1988 2630 2054 2686 et
2074 2623 2450 2694 mellicam,-

242 2726 472 2811 procul
515 2734 580 2789 et
611 2748 721 2789 vos
765 2726 1020 2806 habete,
1052 2728 1271 2811 quales
1305 2727 1575 2791 Sanderi
1617 2733 1791 2805 sunt,
1822 2734 1889 2790 et
1919 2725 2231 2789 Personii.
2323 2725 2454 2788 Sed

242 2831 321 2895 in
366 2830 508 2908 hoc,
541 2828 740 2911 famae
786 2829 967 2894 locus
1017 2831 1256 2909 nullus,
1301 2851 1423 2894 nec
1455 2828 1863 2912 samiyeruIO.
1956 2828 2226 2892 Recenti
2279 2828 2452 2891 enim

246 2936 463 3000 adhuc
490 2956 561 2998 re
578 2935 853 3013 Veneta,
874 2934 1028 2999 exiit
1046 2934 1357 3018 Epistola,
1380 2934 1754 3018 praescripta
1781 2934 1937 3016 (non
1954 2932 2136 2997 'Porti
2159 2933 2451 3016 alicujus,

246 3039 583 3103 secundum
610 3039 861 3120 regulas
889 3037 1374 3101 Ecclesiasticus
1383 3048 1431 3117 5,
1459 3039 1598 3120 sed)
1626 3037 1892 3102 Baronii
1919 3036 2121 3121 ipsius
2164 3036 2451 3115 nomine,

243 3143 511 3228 passim,
543 3163 658 3225 per
692 3162 923 3205 manus
965 3141 1304 3205 hominum
1352 3154 1714 3227 pervagata.
1805 3142 1931 3221 Ibi,
1976 3142 2239 3227 periodo
2286 3163 2452 3226 pene

244 3247 478 3332 prima,
500 3247 695 3331 legat,
720 3247 1160 3329 eapaynandos
1170 3248 1423 3328 penitus
1446 3253 1630 3331 atque
1652 3247 2015 3311 occidendos
2044 3247 2321 3324 Veneto-9,
2345 3246 2459 3309 sed

248 3373 332 3415 ea·
359 3372 598 3414 samma
628 3352 937 3413 charitate
955 3359 997 3413 ².
1091 3350 1239 3415 Quo
1268 3352 1608 3434 exemplo?
1695 3352 1932 3433 Nempe
1968 3352 2258 3433 Greyorii
2287 3350 2453 3426 VIL,

249 3463 314 3522 et
343 3456 702 3519 Alexandri
731 3455 879 3532 ῙῙῙ.,
911 3475 1169 3537 quoram
1210 3456 1316 3517 ille
1344 3456 1706 3531 Hemicum,
1744 3456 1846 3517 hic
1878 3455 2268 3517 Fm‘dericum
2304 3452 2458 3533 (non

250 3560 546 3639 dubium,
596 3559 753 3644 quin
791 3580 925 3644 prae
964 3579 1182 3623 amore
1227 3559 1503 3640 summo)
1540 3563 1995 3639 eoepuynarant.
2085 3558 2273 3620 Duos
2314 3555 2458 3632 hoS,

248 3664 591 3748 populares
636 3683 806 3738 suos,
863 3663 1200 3738 SenenseS,
1250 3659 1597 3723 imitandos
1650 3658 1853 3721 Paulo
1899 3658 2218 3741 proponit,
2265 3662 2459 3739 atque

246 3768 415 3830 idem
459 3767 578 3840 illi,
626 3786 763 3829 cum
804 3765 1069 3844 Venetis,
1123 3770 1434 3828 certamen
1484 3762 1640 3826 dicit
1688 3761 2040 3824 ineundum.
2133 3760 2461 3826 Quorsum

247 3892 406 3954 ergo
440 3870 654 3933 fronte
696 3868 803 3932 hic
838 3890 1021 3953 opus,
1051 3878 1129 3931 ut
1163 3889 1303 3932 rem
1341 3867 1678 3950 indignam
1719 3865 1906 3929 vultu
1951 3863 2178 3927 audaci
2215 3863 2461 3941 fulciat,

251 3975 369 4039 ubi
400 3973 760 4038 innumeris
796 3972 1271 4057 exemplaribus
1320 3970 1615 4036 convinci
1654 3974 1889 4053 potest,
1944 3974 2010 4031 et
2052 3967 2122 4030 in
2160 3965 2466 4030 ruborem

320 4156 338 4187 ²
374 4152 533 4219 [Vide
574 4151 708 4204 Gotf.
739 4152 939 4203 Viterb.
982 4152 1169 4202 Obron.
1213 4166 1318 4216 par.
1471 4159 1505 4182 v
1531 4149 1688 4217 [Vide
1705 4147 1948 4211 Raynald.
1969 4146 2113 4197 Cont.
2131 4145 2463 4195 Ann.Baron.

252 4220 382 4270 xvii.
407 4234 456 4282 p.
483 4219 576 4269 504
596 4236 609 4279 ;
644 4218 779 4282 apud
808 4218 989 4267 Pistor.
1014 4218 1125 4268 Rer.
1153 4217 1319 4267 Germ.
1408 4221 1530 4267 tom.
1554 4231 1636 4265 κν.
1661 4213 1725 4264 ad
1747 4228 1862 4263 ann.
1889 4215 2031 4261 1323.
2055 4211 2211 4261 Num.
2237 4214 2314 4261 30.
2339 4209 2462 4274 seq.]

252 4285 443 4348 script.
464 4287 589 4333 tom.
614 4284 669 4332 11.
704 4297 754 4347 p.
778 4284 904 4340 344;
939 4288 992 4332 et
1013 4283 1139 4332 alios
1160 4287 1324 4332 aucto-
1473 4289 1497 4313 ¹
1555 4282 1665 4329 Act.
1690 4279 1867 4340 Apost.
1890 4293 1942 4326 x.
1967 4277 2072 4340 13.]

251 4366 335 4399 res
370 4350 554 4398 citatos
587 4349 645 4397 in
669 4347 881 4398 Tol-tura
908 4347 1067 4408 Torti,
1100 4362 1182 4411 pp.
1212 4347 1324 4408 287,
1476 4354 1497 4386 1
1562 4343 1698 4392 Vide
1721 4357 1884 4405 supra,
1906 4357 1954 4405 p.
1981 4344 2025 4391 1.
2049 4346 2152 4390 not.
2177 4341 2233 4406 ·.]

237 4417 372 4466 288.
409 4413 548 4463 Edit.
573 4411 750 4476 nostr]
1473 4420 1493 4443 ¹
1603 4408 1685 4458 ide
1701 4408 1927 4458 Sentent.
1952 4406 2153 4457 Cardin.
2181 4407 2379 4465 Baton„
2401 4405 2466 4456 ad

323 4489 344 4510 ·
386 4478 548 4542 [vide
570 4493 737 4541 snpra,
769 4494 817 4543 p.
846 4482 956 4530 105.
992 4480 1095 4527 1101..
1122 4477 1188 4604 Ἴ
1223 4489 1229 4495 ·
1409 4476 1527 4526 calc.
1559 4488 1744 4537 paroen.
1779 4471 1843 4522 ad
1875 4472 2051 4535 Remp.
2076 4472 2257 4523 Venet.
2279 4488 2362 4537 pp.
2389 4474 2468 4532 82,

320 4553 342 4575 ⁷
383 4542 546 4609 [Vide
567 4558 733 4606 supra,
769 4559 818 4607 p.
843 4546 953 4594 142.
988 4546 1093 4593 not.
1116 4550 1151 4591 θ.
1411 4544 1489 4591 83.
1530 4541 1658 4601 Aug.
1677 4538 1876 4587 Vindel.
1901 4537 2067 4602 1606.]

344 4639 837 4676 Ακῡιιννη-ΒΗΡ,
1905 4636 1952 4682 Ν
