3165 4959
762 318 890 378 448
1387 330 1471 376 An
1514 326 1898 376 cAnnmALis
1941 325 2338 375 Bmmm1

762 487 922 550 alter
969 486 1242 549 alterum
1285 484 1614 567 intelligit,
1646 506 1777 567 prae
1820 485 2237 566 oeqaivoeante
2265 483 2387 545 hac
2416 503 2581 545 nova
2614 484 2980 564 linyuarwm

760 587 1114 670 confmrione
1138 615 1158 649 .·
1204 587 1319 650 ubi
1348 588 1668 650 Meretrix·
1701 588 1892 664 sedet,
1925 607 2137 669 quam,
2170 606 2302 667 quae
2342 606 2478 648 cum
2518 605 2592 648 ea
2630 584 2979 667 foovuieatoe

760 694 908 756 olim
942 692 1249 754 Nationes
1266 688 1315 767 ¹³,
1363 691 1501 774 jam
1544 690 1885 773 despuunt.
1974 691 2074 753 Ex
2118 709 2214 767 e0‚
2258 710 2389 751 non
2437 689 2574 772 jam
2605 687 2828 764 voetri‚
2859 708 2977 749 nec

757 796 936 859 vobis
995 794 1480 872 annumerandi,
1540 812 1663 857 nec
1727 795 1824 874 (ut
1883 791 2017 875 diu)
2082 801 2293 855 vestro
2351 792 2720 854 Meretricis
2779 790 2974 852 calice

759 896 1077 961 fascinati.
1167 897 1413 979 Reliyio
1457 896 1644 960 nobis
1686 897 1874 959 Secta
1917 917 2052 958 non
2094 902 2210 973 est,
2242 916 2453 976 neque
2483 901 2697 977 potest
2727 894 2973 974 Reltffio

762 1021 896 1063 esse
946 1000 1153 1062 Secta.
1245 1000 1329 1062 In
1365 1000 1687 1081 Reliyione
1730 1000 1935 1062 Sectae
1979 1019 2113 1062 esse
2162 1005 2449 1082 possunt.
2542 998 2631 1061 Et
2668 996 2840 1072 vide,
2894 1017 2974 1058 ne

762 1102 941 1166 vobis
988 1102 1137 1181 sint,
1179 1101 1350 1165 inter
1390 1123 1546 1185 quos
1588 1109 1723 1164 tam
1764 1103 1985 1165 multae
2017 1102 2345 1164 Sectarum
2373 1107 2564 1163 notae.
2661 1099 2800 1165 Qui
2829 1120 2975 1161 vero

764 1227 877 1289 per
914 1207 1226 1268 Orientem
1272 1204 1625 1268 Christiani
1676 1212 1847 1283 sunt,
1891 1204 2098 1268 nihilo
2148 1203 2365 1267 minus
2401 1204 2753 1265 Christiani
2801 1210 2973 1275 sunt,

765 1308 863 1371 vel
902 1308 1227 1383 Catholici,
1261 1307 1431 1390 quod
1458 1307 1827 1387 Apostolum
1855 1307 2036 1370 XIII
2037 1317 2127 1369 ⁸⁸⁸.
2160 1328 2293 1369 non
2326 1312 2697 1389 agnoscant.
2777 1305 2973 1367 Fastu

767 1426 977 1474 vestro
1022 1410 1116 1473 ita
1161 1409 1410 1493 disjecti
1457 1416 1645 1488 sunt3
1690 1431 1804 1493 per
1842 1410 2080 1473 fastum
2108 1418 2393 1473 vestrum
2439 1410 2514 1471 fit
2551 1407 2751 1490 (quod
2781 1407 2973 1470 Nilus

766 1513 1001 1577 diserte
1030 1513 1215 1577 docet
1231 1510 1295 1595 ¹),
1321 1534 1405 1576 ne
1433 1513 1645 1575 denuo
1674 1513 2064 1577 coalescant:
2110 1534 2244 1576 non
2266 1512 2459 1587 enim,
2479 1511 2605 1575 nisi
2627 1512 2963 1575 Humilem

770 1616 1156 1695 Gabrielem,
1187 1616 1550 1699 reciperetis
1582 1614 1663 1678 ad
1692 1637 1801 1679 vos
1833 1637 2215 1699 quenquam,
2249 1616 2362 1697 qui
2391 1616 2637 1696 Papam
2673 1615 2965 1687 Quintm

767 1720 1240 1802 Evanqelistam
1299 1726 1621 1803 agnoscat,
1671 1720 1951 1802 Papatus
2009 1719 2366 1781 doctrinam
2425 1720 2706 1799 quintum
2760 1718 2971 1780 Evan-

762 1823 994 1905 yelium
1010 1833 1073 1887 ¹¹¹.
1163 1822 1536 1887 Nestoriani
1578 1822 1843 1886 titulum
1882 1822 2019 1906 ejus
2056 1823 2291 1900 ferunt,
2331 1822 2514 1905 cujus
2556 1842 2693 1884 rem
2740 1806 2974 1904 negare

767 1925 1200 2008 perhibentur.
1293 1926 1335 1987 J
1339 1925 1620 1988 acobitas
1679 1946 1871 2008 quam
1923 1946 2072 1988 vero
2121 1946 2233 1987 vos
2290 1923 2580 2007 utrisque
2639 1923 2818 1986 ulnis
2880 1944 2972 1987 ac·

768 2026 1021 2109 cepistis
1067 2026 1138 2088 in
1190 2027 1445 2089 Humili
1476 2027 1776 2091 Gabriele
1796 2028 1826 2090 ?
1887 2027 1999 2111 qui
2042 2033 2260 2090 tamen
2308 2026 2528 2090 fucum
2570 2026 2755 2090 vobis
2803 2027 2974 2105 fecit,

776 2129 1028 2211 (merito
1058 2130 1296 2210 autem)
1332 2129 1652 2212 aequivoce
1695 2151 1762 2193 se
1790 2138 2075 2194 vestrum
2116 2130 2494 2214 profitendO.
2585 2129 2802 2193 Nobis
2833 2151 2979 2193 vero

767 2233 837 2295 in
865 2232 1029 2295 votis
1077 2239 1191 2311 est,
1237 2238 1313 2296 ut
1359 2241 1424 2296 et
1469 2232 1617 2312 illis,
1667 2240 1733 2297 et
1777 2234 2095 2312 omnibus,
2129 2233 2240 2316 qui
2271 2233 2514 2298 Christi
2557 2254 2803 2296 nomen
2848 2255 2979 2296 non

768 2336 1171 2415 erubescunt,
1226 2335 1471 2419 Synodi
1530 2336 1717 2421 alicuj
1726 2359 1800 2399 us
1856 2337 1935 2419 (si
1987 2337 2055 2400 id
2113 2337 2253 2400 fieri
2309 2337 2529 2420 possit)
2581 2337 2977 2413 interventu,

771 2442 1010 2526 alioqui
1053 2449 1279 2506 mutua
1319 2462 1433 2526 per
1476 2441 1912 2507 internuntios
1950 2441 2307 2521 collatione,
2340 2441 2598 2505 daretur
2628 2463 2840 2505 unum
2870 2463 2981 2526 per

768 2546 987 2609 omnia
1015 2546 1272 2609 sentire.
1359 2547 1452 2608 At
1496 2545 1574 2608 de
1621 2553 1841 2609 nostra
1885 2547 2006 2609 hac
2038 2545 2229 2610 Orbis
2273 2554 2453 2629 parte
2496 2545 2566 2608 id
2611 2545 2779 2608 dixit
2816 2546 2973 2624 Rex,

768 2650 900 2729 ubi,
949 2672 1140 2734 quam
1187 2649 1359 2713 inter
1400 2669 1517 2712 nos
1564 2648 1921 2725 conveniat,
1964 2670 2040 2712 ex
2072 2649 2423 2711 Harmonia
2460 2647 2933 2729 Confessi-ionum
2953 2659 2980 2686 ¹¹

780 2758 994 2837 (quam
1042 2775 1157 2817 suo
1204 2774 1467 2837 quaeque
1513 2753 1776 2816 nomine
1820 2753 2107 2816 Ecclesia
2146 2751 2371 2834 edidit)
2411 2751 2585 2816 videt
2617 2753 2980 2816 Cardinalis

770 2857 1030 2935 invitus,
1081 2856 1201 2920 etsi
1243 2856 1409 2919 nolit
1449 2856 1704 2919 videre:
1752 2856 1822 2918 in
1868 2878 2011 2940 qua,
2060 2863 2374 2940 quotquot
2421 2877 2627 2919 unum
2675 2858 2977 2939 sapimus,

772 2960 958 3023 alteri
986 2960 1218 3022 alteros
1254 2961 1351 3042 (nt
1378 2980 1493 3042 par
1521 2961 1642 3041 est)
1678 2959 2099 3042 agnoscimus.
2182 2959 2326 3037 Illa,
2359 2981 2396 3021 a
2424 2958 2622 3037 vobis,
2654 2959 2728 3021 in
2760 2959 2979 3022 odium

770 3064 1044 3125 conficta
1089 3061 1371 3140 nomina,
1419 3062 1694 3144 protrita
1744 3063 1883 3146 jam
1929 3070 2116 3140 sunt3
2165 3083 2431 3145 quaeque
2477 3083 2670 3125 nemo
2716 3063 2980 3145 agnovit

770 3187 885 3249 pro
914 3165 1063 3228 suis.
1154 3166 1352 3228 Mitte
1381 3165 1526 3227 illa:
1573 3151 2070 3247 in'Consessione
2102 3167 2348 3229 Sectam
2380 3187 2609 3249 quaere.

836 3300 890 3351 si
912 3315 1027 3350 vero
1050 3315 1140 3363 pro
1161 3301 1265 3349 suis
1287 3314 1390 3349 non
1410 3302 1653 3363 agnoscit,
1678 3303 1779 3352 nisi
1803 3302 2123 3352 Calvinianos
2156 3302 2353 3360 mistos,
2378 3302 2636 3351 Puritanis
2661 3339 2674 3350 .
2701 3339 2713 3350 .
2742 3302 2982 3360 exclusis,

900 3382 1068 3432 nescio
1089 3396 1156 3431 an
1178 3379 1399 3431 mediam
1418 3386 1617 3445 partem
1640 3380 1804 3445 Regni
1826 3384 1905 3432 sui
1929 3397 2192 3433 numerare
2214 3383 2417 3446 poterit,
2442 3383 2496 3431 in
2521 3383 2601 3440 iis,
2627 3383 2718 3445 qui
2743 3384 2982 3446 religioni

902 3477 1005 3511 suae
1041 3461 1620 3527 consentiunt—[Bell.
1655 3464 1805 3527 Apol.
1846 3478 1938 3528 pro
1978 3462 2153 3529 Rem]
2195 3478 2245 3527 p.
2281 3466 2390 3514 184.
2438 3463 2575 3528 [Op.‚
2607 3469 2734 3513 tom.
2760 3466 2852 3515 vii.
2887 3465 2982 3514 col.

904 3546 1015 3594 808.
1039 3542 1131 3607 A.]

839 3677 861 3709 ,ι
1168 3678 1199 3690 ..
1979 3685 2012 3706 u,
2083 3681 2111 3703 a
2273 3678 2325 3690 ..
2545 3678 2556 3689 .
2744 3678 2757 3690 .
2937 3679 2948 3690 .

839 3741 851 3774 ¹
896 3678 1220 3808 ἱὲῐὸοιξωξιζιαιι
1243 3677 1436 3805 2iJgitm·
1488 3740 1696 3790 tandem
1752 3744 1829 3790 eat
1913 3675 2985 3792 &muiusflniletd'itlimSaffdi’infflargmingh’i-tss

774 3807 924 3871 hujus
967 3807 1165 3857 dissidii
1212 3808 1392 3856 causa‘t
1457 3804 1603 3862 Quod
1636 3806 1829 3855 scilieet
1917 3805 2263 3855 Alexandrina
2303 3806 2543 3870 AEgyptia
2577 3843 2589 3855 .
2628 3844 2641 3856 .
2680 3844 2691 3854 .
2730 3809 2983 3870 septimus

775 3874 988 3935 quaestio
1034 3879 1350 3922 controversa
1383 3871 1642 3919 communi
1679 3870 1825 3919 OEcu-
1918 3869 2320 3920 Patriarcharum
2344 3907 2357 3920 .
2381 3907 2395 3920 .
2432 3872 2647 3920 salutem
2681 3873 2984 3935 impartitur

774 3939 985 3986 menicae
1021 3936 1198 4000 synodi
1238 3936 1437 3985 decreto
1474 3949 1577 3983 non
1614 3935 1684 3983 sit
1720 3950 1831 3984 con·
1918 3971 1931 3983 .
1971 3970 1984 3983 .
2026 3936 2177 3985 tertio
2221 3936 2417 3984 decimo
2463 3936 2824 3999 Apostolorum
2855 3975 2867 3986 .
2915 3974 2928 3987 .
2966 3972 2979 3986 .

773 4003 989 4060 firmata,
1025 4001 1159 4065 quod
1183 4001 1291 4064 ejus
1321 4000 1505 4049 solutio
1538 4000 1828 4062 explicatio-
1917 4003 1970 4048 et
2033 4000 2213 4062 quinto
2273 4000 2359 4050 SS.
2407 3999 2897 4062 Evangelistarum.”
2919 4030 2973 4037 —

774 4082 872 4130 que
915 4082 1017 4116 non
1061 4066 1152 4115 fiat
1194 4080 1257 4114 ex
1302 4065 1459 4115 veteri
1516 4063 1724 4113 Pati-um
1774 4066 1830 4112 in
1918 4064 2079 4126 Epist.
2117 4064 2387 4114 patriarch.
2428 4065 2676 4114 Alexand.
2712 4065 2779 4114 ad
2821 4067 2979 4116 Clem.

773 4130 1075 4194 ejuscemodi
1108 4130 1326 4192 negotiis
1346 4128 1720 4188 consuetudine,
1744 4128 1831 4177 sed
1922 4128 2067 4177 V111.
2103 4130 2236 4192 apud
2279 4128 2485 4179 Batonii
2516 4131 2651 4178 Anu.
2682 4130 2819 4179 Ecel.
2857 4138 2976 4180 tom.

773 4197 907 4259 quod
954 4195 1165 4245 Romani
1220 4193 1425 4258 quidem
1473 4194 1830 4255 magistrorum
1916 4194 1983 4241 vi.
2021 4194 2077 4242 in
2114 4194 2405 4257 Appendice
2438 4194 2502 4244 de
2543 4194 2799 4256 legatione
2848 4195 2977 4244 Eoel.

774 4263 829 4309 in
855 4261 962 4310 haec
985 4260 1263 4324 quaestione
1286 4264 1452 4322 partes
1474 4258 1571 4306 sibi
1607 4262 1829 4317 sumunt,
1924 4258 2065 4306 Alex.
2103 4260 2195 4307 eol.
2220 4262 2328 4308 906.
2356 4257 2434 4323 R]

773 4327 898 4375 alios
936 4340 1054 4374 vero
1089 4327 1250 4374 instar
1292 4323 1653 4387 discipulorum
1694 4323 1831 4372 dicto
1983 4330 2007 4353 ¹²
2057 4321 2219 4386 [Vide
2263 4324 2351 4372 lib.
2403 4324 2483 4372 cui
2535 4325 2616 4371 tit.
2665 4322 2979 4373 ‘Harmonia

773 4390 1034 4439 audientes
1078 4389 1259 4439 habere
1286 4387 1633 4437 velint.”—-N
1640 4388 1736 4436 ilus
1769 4387 1832 4437 de
1920 4386 2298 4437 confessionum
2340 4387 2458 4438 fidei
2494 4387 2905 4438 Orthodoxarum
2928 4393 2978 4436 et

777 4453 930 4502 Prim.
958 4454 1106 4517 Papoe
1143 4453 1277 4517 apud
1313 4453 1541 4503 Goldasti
1575 4452 1831 4503 Monarch.
1920 4452 2317 4502 Reformatarum
2375 4452 2740 4514 Ecclesismm:
2792 4457 2884 4504 διο.
2915 4480 2975 4488 -

774 4520 896 4564 tom.
929 4519 960 4563 i.
996 4532 1043 4578 p.
1071 4518 1177 4578 30.]
1921 4517 2152 4578 Genevoe,
2175 4516 2339 4580 1681]
