3165 4959
704 343 833 406 154
1328 355 1415 403 An
1459 355 1842 403 cmmffls
1884 351 2283 402 BELLARMINI

700 513 947 578 vivendi
1005 513 1212 577 solum
1259 512 1552 590 conditio,
1603 510 1715 575 sed
1767 510 1963 574 etiam
2014 507 2340 571 moriendi.
2430 505 2576 569 Nec
2627 511 2727 568 est
2775 505 2913 569 ulla

704 617 905 681 cruda
948 615 1156 699 magis
1199 615 1270 678 in
1314 635 1580 697 corpora
1626 613 1821 677 etiam
1865 611 2183 696 tyranniS,
2218 631 2412 693 quam
2457 628 2600 691 quae
2639 609 2915 690 Inquisi-

705 721 896 784 tiom's
934 726 1049 783 est.
1142 719 1307 784 Quae
1344 718 1415 780 in
1456 716 1753 780 haeresim
1797 720 2167 799 experrecta
2199 714 2504 797 primum,
2534 712 2741 777 vicem
2773 713 2913 796 jam

703 830 967 908 proestat
1011 821 1331 900 Pontifici,
1371 821 1454 884 ad
1497 820 1787 903 quamvis
1832 818 2034 882 animi
2075 815 2562 901 impotentiam:
2615 815 2731 880 ubi
2782 822 2907 878 sto·

705 927 1006 990 maehum
1038 924 1179 1008 quis
1208 924 1267 988 ei
1296 923 1471 1003 fecit,
1498 922 1760 1007 (sentiat
1788 922 1860 985 in
1886 921 2216 1003 religione,
2245 928 2323 983 ut
2351 919 2542 998 volet,
2578 920 2799 982 Secum
2829 940 2916 982 an

704 1029 901 1113 aecus)
947 1049 1023 1093 eo
1061 1028 1329 1112 rapitur,
1361 1027 1636 1091 obtentu
1675 1026 1910 1109 aliquo,
1943 1024 2026 1088 ad
2054 1024 2158 1088 vel
2202 1030 2447 1087 certam
2483 1029 2780 1101 mortem,
2812 1021 2917 1085 vel

703 1132 945 1196 foedam
975 1139 1043 1195 et
1069 1133 1362 1195 miseram
1392 1130 1787 1194 servitutem.

796 1235 1030 1300 Quaere
1058 1254 1210 1297 vero
1241 1233 1361 1297 sub
1393 1231 1784 1296 Pontificum
1815 1230 2175 1309 dominatu,
2223 1250 2419 1313 quam
2457 1229 2639 1292 beata
2668 1228 2916 1291 vivendi

705 1338 1000 1415 conditio,
1032 1337 1113 1400 ab
1143 1335 1340 1399 Italia
1365 1343 1601 1413 vestra,
1634 1355 1848 1418 quam,
1879 1334 2073 1396 toties
2103 1332 2346 1397 vocatis
2377 1352 2455 1396 eo
2485 1330 2737 1410 exteris,
2769 1352 2917 1414 per·

705 1440 1128 1517 miscuerunt,
1164 1459 1358 1520 quam
1407 1437 1721 1520 Guelphis
1771 1434 1904 1499 suis
1935 1444 2002 1499 et
2033 1434 2376 1499 Gibellinis
2405 1435 2638 1497 misere
2668 1433 2912 1498 habue-

704 1550 883 1621 runt,
943 1563 1018 1606 ac
1063 1542 1255 1626 plane
1313 1542 1382 1604 in
1433 1542 1641 1604 frusta
1683 1540 2178 1624 discerpserunt.
2266 1540 2395 1603 Vel
2443 1540 2525 1604 ab
2575 1538 2727 1601 urbe
2772 1540 2915 1622 ipsa

709 1667 943 1730 quaere,
995 1654 1062 1709 et
1120 1645 1372 1728 quoties
1430 1645 1649 1725 Papus
1696 1643 1980 1727 Populus
2041 1644 2178 1726 ipse
2224 1644 2556 1707 Romanus
2614 1651 2914 1708 excutere

705 1770 1043 1833 aggressus
1103 1747 1208 1825 sit,
1269 1768 1419 1812 cum
1479 1746 1714 1811 civium
1772 1746 1865 1810 ibi
1907 1747 2058 1830 jura
2113 1745 2428 1810 violenter
2483 1747 2914 1811 invaderent?

706 1852 959 1936 quoties
1006 1851 1169 1915 urbe
1210 1850 1428 1933 pulsi?
1472 1856 1571 1929 ut,
1606 1871 1757 1915 cum
1800 1851 1987 1933 Ipsos
2020 1849 2244 1914 hostes
2291 1849 2408 1929 sui,
2451 1851 2650 1914 etiam
2680 1853 2916 1934 Reges,

708 1955 932 2038 (etiam
981 1955 1119 2038 ipse
1172 1955 1408 2036 Caesar)
1468 1953 1610 2037 Ipsi
1657 1954 1846 2017 Cives
1909 1974 2059 2016 suos
2105 1953 2333 2035 fugere
2392 1954 2600 2017 coacti
2648 1953 2799 2034 sint,
2850 1961 2918 2017 et

704 2078 857 2121 cum
911 2058 1133 2120 Orbem
1182 2063 1522 2135 terrerent,
1579 2056 1801 2118 Urbem
1853 2075 2039 2117 suam
2080 2053 2330 2119 timere.
2422 2056 2658 2122 Quaere
2697 2064 2914 2120 autem

704 2169 774 2224 et
813 2160 894 2223 ab
927 2159 1102 2224 Orbe
1135 2159 1525 2238 Christiano,
1559 2159 1664 2222 cui
1695 2178 1902 2221 ceram
1932 2179 2134 2236 suam,
2165 2164 2232 2221 et
2248 2159 2572 2240 plumbum
2601 2167 2739 2222 tam
2770 2181 2920 2223 care

706 2261 1156 2340 vendiderunt,
1189 2283 1381 2344 quem
1430 2260 1624 2344 nugis
1670 2261 1801 2323 suis
1842 2260 1939 2324 ita
1977 2261 2362 2344 expuerunt,
2393 2262 2621 2325 naeniis
2648 2263 2744 2325 ita
2771 2283 2919 2346 per-

707 2366 845 2429 dite
885 2365 1301 2444 fascinarunt,
1335 2364 1489 2427 diris
1515 2365 1611 2428 ita
1640 2364 1868 2428 misere
1899 2363 2299 2428 divexarunt.
2394 2364 2719 2429 Subduxit
2762 2386 2921 2449 ergo

710 2493 783 2536 se
804 2471 964 2555 jam,
996 2470 1073 2533 de
1099 2469 1212 2534 sub
1241 2491 1330 2548 eo,
1354 2469 1527 2534 bona
1554 2470 1832 2553 Europae
1858 2490 2024 2552 para,
2060 2468 2491 2552 subducitque
2529 2468 2759 2550 indies,
2792 2491 2918 2535 nec

711 2595 857 2658 quae
887 2574 980 2638 sic
1009 2573 1335 2652 subduxit,
1370 2573 1575 2637 ambit
1617 2573 1878 2637 subesse
1909 2573 2142 2650 denuo,
2172 2573 2276 2637 vel
2304 2574 2485 2656 luget
2517 2594 2595 2637 ex
2625 2595 2702 2637 eo
2732 2573 2921 2637 valde

712 2678 1126 2741 conditionem
1172 2698 1355 2741 suam
1386 2677 1568 2760 quasi
1607 2678 1937 2749 miseram;
1982 2677 2276 2739 miseram
2318 2684 2460 2739 tum
2497 2677 2733 2760 potius,
2765 2699 2917 2741 cum

712 2781 836 2845 sub
864 2787 966 2845 tot
996 2781 1135 2864 ejus
1157 2780 1630 2863 ,qravamz‘nibus
1657 2779 2130 2864 ingemisceret,
2162 2801 2202 2843 a
2249 2786 2349 2843 tot
2373 2780 2513 2862 ejus
2540 2779 2922 2861 fulminibus

711 2883 989 2948 subinde
1020 2883 1425 2967 deflagraret.

802 2988 945 3050 Nec
973 2987 1085 3048 sub
1109 3006 1178 3049 eo
1210 3007 1365 3050 sane
1397 2987 1569 3049 beate
1612 2987 1863 3063 vivitur,
1895 2984 2014 3048 sub
2047 3007 2174 3068 quo
2204 3007 2288 3050 ne
2318 2986 2463 3049 bene
2493 2985 2773 3069 quidem,
2806 2986 2923 3050 ubi

717 3089 1082 3152 Prostibula
1142 3109 1281 3152 cum
1333 3088 1777 3170 approbatione
1835 3095 2009 3166 sunt,
2058 3089 2504 3169 approbatione
2548 3096 2754 3152 autem
2797 3111 2922 3152 non

716 3192 850 3253 alia
895 3211 1081 3272 quam
1112 3212 1236 3273 qua
1264 3191 1568 3274 Reliyiosi
1606 3192 1892 3269 Ordines,
1925 3213 2110 3273 quam
2141 3214 2266 3274 qua
2293 3190 2594 3274 Pontifex
2622 3194 2755 3274 ipae
2773 3191 2801 3231 ‘¹
2840 3194 2923 3276 (si

718 3294 759 3356 J
764 3293 986 3357 esuitae
1032 3294 1141 3357 hic
1185 3294 1396 3358 nostri
1446 3315 1586 3359 rem
1636 3296 1890 3378 tenent)
1927 3322 1940 3359 ε
2002 3295 2117 3359 ubi
2163 3296 2413 3381 asylum
2468 3302 2736 3375 certum,
2789 3297 2925 3360 fida

719 3397 931 3475 statio,
985 3396 1242 3461 sceleris
1285 3398 1588 3482 pretium,
1639 3398 2074 3482 perditissimo
2126 3401 2355 3484 cuique
2403 3399 2760 3465 Proditori:
2806 3399 2923 3463 ubi

719 3502 938 3567 Judaeo
982 3502 1214 3566 melius
1247 3503 1351 3582 sit,
1385 3525 1578 3588 quam
1617 3504 1973 3570 Christiano
2003 3526 2136 3568 non
2164 3525 2280 3588 per
2308 3504 2527 3567 omnia
2560 3524 2708 3568 cum
2749 3505 2921 3567 Pon-

719 3606 895 3672 tifice
947 3607 1334 3691 desipienti;
1380 3607 1494 3672 ubi
1538 3608 1861 3673 Indicatio
1922 3608 2234 3672 scelerum
2295 3615 2435 3685 est;
2504 3608 2616 3672 ubi
2661 3607 2922 3691 dispen-

721 3711 1049 3775 sationum
1098 3718 1324 3776 contra
1375 3713 1420 3775 J
1423 3734 1558 3791 ura,
1610 3713 1653 3776 J
1654 3720 2014 3789 uramenta,
2040 3712 2230 3790 Vota,
2273 3711 2445 3776 foeda
2491 3710 2919 3790 nundinati03

720 3815 835 3879 ubi
864 3814 1246 3880 Tridentum
1275 3816 1486 3900 ipsum
1529 3816 1774 3895 venale,
1800 3822 1865 3880 et
1896 3815 2173 3879 Decreta
2210 3815 2301 3879 ibi
2331 3814 2589 3893 omnia;
2633 3815 2748 3879 ubi
2778 3836 2924 3897 quae

721 3940 855 3984 non
876 3919 1095 3999 licent,
1119 3919 1396 3984 licentur
1423 3920 1677 4003 (quibus
1701 3941 1801 3983 res
1825 3919 1968 4000 est,)
1993 3925 2060 3982 et
2084 3938 2227 4001 quae
2248 3918 2543 3998 licentur,
2562 3919 2761 3982 licent
2783 3941 2924 3983 om—

720 4023 849 4086 nia.
886 4022 1019 4088 Ubi
1042 4023 1225 4087 sedes
1246 4025 1505 4088 Satanae
1526 4023 1787 4102 scilicet,
1810 4022 2060 4106 qualem
2080 4021 2341 4105 pinxere
2365 4022 2920 4099 olimPetrarchae,

786 4225 809 4257 ‘¹
834 4225 1051 4276 Discurs.
1069 4224 1279 4276 modest.
1295 4240 1346 4289 p.
1363 4226 1440 4275 13.
1462 4225 1598 4290 [vide
1611 4240 1775 4290 supra,
1863 4224 2103 4289 quicquid
2118 4225 2334 4289 denique
2349 4226 2643 4289 impietatis,
2658 4230 2710 4276 et
2723 4240 2925 4276 morum

720 4304 772 4355 p.
797 4293 842 4341 8.
868 4297 973 4340 not.
987 4289 1047 4353 ¹¹.]
1863 4291 2196 4354 pessimorum
2223 4293 2438 4355 spamim
2457 4291 2610 4341 habet
2631 4297 2720 4341 aut.
2742 4292 2926 4341 habuit

787 4364 808 4388 ⁶
832 4356 886 4420 [“
904 4354 1156 4418 Quicquid
1192 4354 1392 4419 uspiam
1424 4354 1654 4419 perfidiae
1685 4357 1777 4405 aut
1864 4355 2001 4405 orbis
2041 4360 2205 4417 terrae,
2240 4361 2407 4405 totum
2446 4357 2564 4405 istic
2603 4356 2922 4405 cumulatum

719 4418 842 4478 doli,
865 4419 1106 4482 quicquid
1136 4421 1477 4469 inclementioe
1510 4421 1777 4484 superbiae·
1863 4419 2050 4479 videas,
2084 4421 2458 4484 acervatimque
2504 4420 2925 4485 reperiaa”—Pe·

719 4496 833 4543 que,
855 4482 1097 4545 quicquid
1115 4484 1469 4547 impudicitiae,
1484 4484 1777 4534 effraenatae·
1864 4485 2050 4534 trarch.
2087 4484 2177 4534 lib.
2219 4485 2380 4548 Epist.
2427 4485 2537 4535 sine
2577 4487 2662 4537 tit.
2702 4484 2796 4549 Ep.
2834 4488 2920 4536 15.

718 4559 816 4607 que
860 4546 1111 4606 libidinis,
1146 4547 1405 4609 audivisti,
1450 4554 1539 4599 aut
1587 4550 1775 4614 legisti,
1865 4550 1980 4613 Op„
2002 4564 2051 4613 p.
2077 4550 2190 4603 726.
2221 4549 2378 4600 Basil.
2403 4548 2596 4616 1581.]1
2707 4574 2730 4596 0
2791 4564 2796 4569 ·
