3165 4959
1008 359 1374 408 Aromcmu
1418 353 1785 408 mponsm.
2416 350 2501 413 97

283 540 588 604 carpere:
637 539 911 603 quorum
956 516 1247 600 utrisque
1290 524 1521 601 parent
1569 519 1802 601 Reges,
1842 517 1977 599 (ubi
2020 517 2115 581 ita
2156 539 2260 582 res
2304 518 2493 601 feret)

282 647 405 689 nec
448 624 770 708 tantisper
807 629 1030 686 tamen
1070 622 1226 686 dum
1270 628 1521 704 parent,
1581 621 1915 703 inferiores
1964 621 2250 687 habendi
2301 631 2496 688 sunt:

279 729 513 793 Nihilo
557 749 709 792 vero
760 726 985 810 magis,
1028 725 1432 790 Christianus
1479 726 1622 789 Rex
1669 727 1862 805 ullus,
1916 727 2231 790 Pontifice
2281 728 2407 809 (vel
2443 727 2497 791 si

280 833 523 895 Pastor
552 832 739 913 esset)
803 836 969 893 esset
1010 827 1316 910 infer-ion
1362 850 1556 912 quam
1604 830 1814 912 Reges
1843 830 1998 893 olim
2042 829 2317 908 Israelis,
2366 830 2496 913 qui,

278 935 407 998 etsi
448 955 627 998 sacra
678 933 898 997 omnia
938 931 1343 1016 perciperent
1384 953 1423 994 a
1478 931 1823 997 Sacerdote
1861 952 2134 1012 summ0,
2180 940 2366 997 erant
2417 955 2496 997 ex

281 1059 363 1101 eo
390 1045 613 1101 tamen
646 1037 994 1101 Sacerdote
1021 1035 1226 1098 nihilo
1256 1033 1607 1115 inferiores.

374 1141 725 1218 PostremO,
763 1141 980 1222 (supra
1006 1138 1255 1221 monui)
1293 1139 1505 1222 Reges
1534 1137 1656 1221 ipsi
1697 1144 1991 1220 pastores
2039 1145 2211 1218 sunt,
2244 1146 2311 1203 et
2349 1165 2494 1203 ποι·
2521 1153 2703 1219 [Reges

281 1241 470 1325 μένε-ς
517 1249 694 1306 λαῶν
713 1240 764 1321 k,
815 1241 986 1326 apud
1039 1243 1286 1319 Gentes,
1338 1242 1612 1319 Judaeos,
1661 1242 2070 1304 Christianos.
2163 1243 2399 1321 Quare,
2442 1244 2495 1307 si
2519 1219 2774 1349 {QZ-5³⁸*

272 1353 645 1428 pascuntur,
667 1345 863 1409 etiam
881 1351 1175 1426 pascunt.
1268 1345 1478 1421 Certe,
1514 1345 1795 1427 Gregem
1824 1344 2103 1408 Pastoris
2131 1346 2326 1408 vestri
2354 1348 2497 1411 Fur

283 1451 479 1513 intret
509 1456 569 1512 et
597 1454 824 1511 mactet
842 1446 878 1526 ¹,
918 1448 1134 1530 Lupus
1161 1448 1391 1526 veniat,
1423 1454 1485 1511 et
1515 1448 1835 1529 dispo-,qut
1846 1458 1907 1524 ¹¹¹,
1939 1468 2059 1510 nec
2104 1468 2243 1510 oves
2282 1448 2493 1528 modo,

286 1552 401 1617 sed
430 1553 758 1615 Pastorem
787 1551 1038 1634 ipsum:
1100 1550 1379 1633 (Gotthi,
1425 1550 1549 1613 nisi
1597 1551 1638 1613 J
1640 1550 2021 1625 ustinianus,
2061 1550 2492 1633 Longobardi‚

285 1655 408 1719 nisi
441 1655 752 1737 Carolus,)
790 1654 915 1718 nisi
945 1654 1246 1717 Pastore-9
1289 1653 1417 1732 isti,
1450 1660 1713 1717 strenue
1757 1674 1823 1716 se
1860 1660 2275 1736 opponerent.
2368 1654 2494 1718 Vel

293 1759 384 1823 sic
415 1780 588 1843 erg0,
620 1759 689 1823 in
725 1757 1081 1842 aequilibrio
1110 1758 1297 1821 nobis
1331 1779 1453 1836 res,
1484 1765 1559 1821 ut
1591 1778 1787 1840 pares
1818 1758 2047 1821 saltem
2079 1758 2228 1821 sint.
2321 1760 2491 1823 Pon-

284 1863 489 1926 tifices
520 1863 691 1927 enim
721 1862 862 1946 ipsi,
888 1863 1160 1940 oviculae,
1189 1861 1303 1925 ubi
1329 1862 1539 1925 Caesar
1569 1882 1643 1925 ac
1667 1863 1866 1945 Reyes
1888 1863 2188 1926 Pastore&
2210 1890 2228 1925 .-
2277 1870 2490 1947 atque,

284 1988 362 2030 ea
389 1973 592 2050 parte,
624 1987 747 2041 non
772 1971 985 2048 potest
1023 1986 1090 2028 se
1124 1985 1246 2028 non
1289 1964 1650 2046 inferiorem
1694 1966 1824 2028 illis
1849 1966 2147 2047 judicare
2192 1966 2493 2030 Pontifex

286 2069 395 2152 qui
433 2070 717 2152 yladium
743 2074 1008 2151 portant
1026 2078 1056 2107 ¹²
1079 2092 1098 2129 .-
1145 2067 1272 2131 nisi
1311 2067 1477 2132 forte
1513 2087 1653 2131 oves
1683 2068 1951 2132 Pastore
1990 2068 2319 2151 inferiores
2362 2090 2494 2133 esse

284 2192 513 2255 neyare
540 2172 824 2235 voluerit.

373 2276 543 2339 Uter
570 2296 720 2339 vero
748 2276 1052 2357 cuper-ior,
1087 2277 1246 2354 Rex,
1280 2297 1363 2339 an
1383 2274 1709 2355 Pontifex,
1740 2276 1851 2360 qui
1879 2275 2102 2340 funem
2132 2276 2308 2340 hunc
2336 2275 2491 2340 velit
2517 2289 2647 2355 [Rex
2672 2289 2795 2341 Pon-

284 2378 537 2456 ducere,
570 2378 777 2442 discat
807 2399 843 2442 e
874 2378 1066 2441 sacris
1093 2378 1317 2458 literis,
1348 2379 1460 2442 ubi
1502 2380 1610 2444 sic.
1625 2379 1924 2444 Pontifex
1958 2381 2202 2463 Regem
2234 2379 2487 2443 affatur.
2515 2356 2777 2486 affrica]

285 2482 527 2546 Proesto
585 2502 721 2544 eum
773 2482 1071 2546 Domine.
1161 2483 1350 2545 Absit
1397 2485 1511 2547 hoc
1557 2505 1599 2546 a
1646 2504 1760 2562 me,
1821 2490 1891 2546 ut
1941 2485 2291 2567 moepicetur
2350 2485 2490 2546 Rex·

286 2586 585 2655 adversus
652 2606 905 2649 servum
962 2607 1151 2648 suum
1214 2606 1346 2648 rem
1411 2587 1781 2668 hujusmodi.
1894 2587 2041 2649 Non
2099 2587 2261 2648 enim
2305 2587 2489 2649 scivit

287 2710 501 2752 servus
544 2696 697 2752 tuus
736 2690 1063 2770 quicquam
1106 2709 1294 2771 super
1321 2691 1436 2753 hoc
1479 2691 1778 2772 neyotioo.
1869 2691 1975 2753 Ne
2003 2710 2155 2753 vero
2193 2695 2492 2752 causetur

286 2792 445 2875 quis,
481 2790 563 2856 ab
593 2791 1053 2856 Achimelecho
1094 2791 1268 2856 dicta
1310 2793 1468 2871 haec,
1503 2814 1735 2876 parum
1765 2792 2029 2856 cordato
2060 2792 2389 2870 Pontifice,
2423 2799 2489 2856 et
2622 2793 2709 2857 76

288 2895 370 2957 ad
395 2895 654 2958 Saulem
670 2896 1082 2979 Tyrannum:
1118 2894 1336 2958 audiat
1366 2896 1623 2959 eosdem
1654 2895 1965 2959 terminos
1996 2917 2034 2958 a
2053 2894 2303 2959 Davide
2329 2894 2489 2978 ipso,

290 2998 619 3061 Zadokum
651 2997 1051 3077 Pontificem,
1075 3006 1141 3062 et
1172 2999 1442 3062 Nathan
1474 2998 1889 3083 Prophetam,
1922 2999 2015 3062 ita
2044 2998 2490 3081 compellante,

294 3102 514 3165 Tollite
540 3101 850 3164 vobiscum
880 3122 1091 3165 servos
1114 3101 1382 3166 Domini
1405 3104 1598 3166 vestri
1609 3114 1656 3165 Ρ.
1727 3104 1920 3167 Certe
1943 3102 2137 3181 enim,
2170 3102 2224 3166 si
2244 3104 2488 3187 Regem

288 3205 619 3267 Donzinum
648 3204 948 3269 Pontifex
989 3204 1287 3289 appellet,
1320 3227 1386 3270 se
1429 3226 1712 3269 sewum:
1761 3206 1814 3269 si
1851 3208 1988 3270 Rex
2032 3206 2167 3290 ipse
2211 3229 2278 3271 se
2322 3207 2489 3270 Pon-

288 3307 476 3388 tificio
521 3309 854 3371 Dominum
875 3335 894 3370 :
948 3329 1071 3371 non
1102 3315 1313 3391 potest
1355 3330 1421 3372 se
1469 3309 1768 3391 Pontifex·
1810 3331 1932 3373 non
1975 3310 2333 3392 inferiorem
2383 3311 2474 3372 illc

270 3411 587 3492 judicare,
637 3432 813 3493 quem
851 3412 1185 3474 Dominum
1238 3414 1535 3494 aynoscit,
1581 3414 1706 3476 nisi
1734 3412 1912 3494 forte
1953 3435 2195 3477 set-imm
2224 3414 2491 3476 Domino

286 3513 646 3595 inferiorem
696 3535 828 3578 esse
871 3516 1207 3598 negaverit.
1301 3516 1525 3580 Discat
1569 3517 1672 3580 vel
1716 3516 1796 3580 ab
1826 3518 2140 3599 Apostolo
2166 3516 2326 3600 ips0,
2359 3516 2490 3598 qui,

287 3640 475 3701 quem
524 3620 817 3681 honorem
868 3618 1061 3682 tribui
1106 3619 1266 3701 Rem·
1304 3619 1464 3699 vult,
1509 3621 1650 3683 vult
1696 3626 1994 3702 tanquam
2041 3617 2425 3704 ὑπερέχοντι
2443 3628 2489 3697 q,

287 3721 591 3805 adeoque,
613 3721 793 3804 quasi
822 3721 1020 3806 ipsius
1044 3724 1476 3803 praecellentiae
1499 3724 1782 3788 nomine,
1828 3723 2055 3788 Discat
2084 3742 2120 3785 e
2151 3721 2486 3786 Patribus:

283 3848 321 3888 a
349 3825 768 3904 Tertulliano,
807 3826 1112 3888 Coesorem
1150 3847 1191 3888 a
1224 3827 1359 3889 Deo
1392 3828 1693 3908 primum,
1718 3833 1869 3909 poet
1898 3826 2101 3889 Deum
2134 3825 2487 3905 secundum,

282 3930 411 3992 solo
433 3929 566 3991 Deo
595 3929 893 3992 minorem
903 3939 945 3992 ¹.
992 3930 1148 3993 Non
1173 3951 1327 4012 ergo
1350 3930 1717 4014 Zephyrino
1740 3928 1935 3994 etiam
1959 3929 2142 4011 Papo
2172 3930 2488 3994 minorem.

282 4030 389 4095 Ab
421 4032 683 4116 optato,
719 4032 925 4112 Super
953 4032 1397 4113 Imperatorem
1439 4054 1563 4096 non
1593 4053 1743 4112 esse,
1788 4033 1913 4096 nisi
1941 4033 2143 4095 Deum
2188 4032 2294 4114 qui
2323 4030 2493 4114 fecit

347 4173 370 4205 ¹¹
434 4173 581 4225 Hom.
605 4173 666 4224 IL
691 4174 745 4224 ii.
761 4174 862 4239 85]
1491 4185 1511 4211 ¹
1547 4176 1606 4241 [“
1621 4175 1847 4227 Colimus
1883 4191 1911 4226 e
2044 4178 2097 4226 et
2127 4175 2489 4239 Imperatorem

347 4237 361 4269 ¹
422 4238 567 4290 ὅσω.
590 4254 638 4289 x.
665 4238 767 4303 10.]
1426 4241 1514 4301 sie,
1532 4240 1782 4305 quomodo
1804 4246 1857 4291 et
1878 4255 1945 4291 no
1982 4242 2025 4291 is
2046 4241 2181 4297 licet,
2210 4244 2263 4291 et
2283 4241 2382 4304 ipsi
2410 4255 2490 4290 ex-

347 4310 381 4334 ·
430 4302 560 4354 Joan
582 4320 632 4355 x.
652 4307 729 4355 12.
1426 4304 1584 4369 pedit,
1611 4310 1670 4356 ut
1707 4306 1967 4356 hominem
2000 4321 2031 4356 a
2055 4305 2163 4357 Deo
2196 4305 2487 4367 secundum,

349 4377 371 4400 ¹·
439 4368 581 4419 Rom.
605 4370 762 4419 xiim
1427 4375 1480 4420 et.
1523 4369 1765 4434 quicquid
1812 4375 1890 4421 est
1930 4386 1961 4420 a
1998 4371 2106 4422 Deo
2150 4375 2488 4431 consecutum,

348 4443 371 4467 ⁰
407 4437 431 4483 1
460 4434 593 4486 Sam.
638 4435 702 4484 al.
730 4438 754 4484 1
892 4433 926 4499 .]
952 4436 1273 4496 xxii.12,15.
1429 4439 1483 4485 et
1536 4436 1641 4484 solo
1696 4436 1803 4486 Deo
1844 4437 2093 4486 minorem
2113 4434 2365 4499 ''-'l'ert.]
2423 4435 2489 4488 ad

346 4508 370 4604 ξ
406 4435 839 4628 ἓιᾞὲὲξὶῆεῇἱ.
860 4503 938 4550 33.
1430 4500 1571 4565 Scap.
1597 4500 1724 4565 [cap.
1744 4501 1796 4550 ii.
1823 4501 1934 4565 Op„
1957 4517 2007 4565 p.
2030 4505 2107 4551 69.
2130 4501 2208 4567 C.]

367 4663 712 4699 nnanwrs.-—
724 4663 856 4698 περ.
1925 4667 1972 4715 R
