<?xml version="1.0" encoding="UTF-8"?>
<!DOCTYPE html PUBLIC "-//W3C//DTD XHTML 1.0 Transitional//EN"
    "http://www.w3.org/TR/xhtml1/DTD/xhtml1-transitional.dtd">
<html xmlns="http://www.w3.org/1999/xhtml" xml:lang="en" lang="en">
 <head>
  <title>
</title>
<meta http-equiv="Content-Type" content="text/html;charset=utf-8" />
  <meta name='ocr-system' content='tesseract 3.04.00' />
  <meta name='ocr-capabilities' content='ocr_page ocr_carea ocr_par ocr_line ocrx_word'/>
</head>
<body>
  <div class='ocr_page' id='page_1' title='image "./responsioadapol01andrgoog_0141.png"; bbox 0 0 3165 4959; ppageno 0'>
   <div class='ocr_carea' id='block_1_1' title="bbox 978 335 2468 397">
    <p class='ocr_par' dir='ltr' id='par_1_1' title="bbox 978 335 2468 397">
     <span class='ocr_line' id='line_1_1' title="bbox 978 335 2468 397; baseline 0.001 -2"><span class='ocrx_word' id='word_1_1' title='bbox 978 345 1346 395; x_wconf 64' lang='lat' dir='ltr'><strong>stomoma</strong></span> <span class='ocrx_word' id='word_1_2' title='bbox 1388 347 1752 396; x_wconf 69' lang='lat' dir='ltr'><strong>monsm.</strong></span> <span class='ocrx_word' id='word_1_3' title='bbox 2137 375 2147 384; x_wconf 86' lang='lat'><strong>·</strong></span> <span class='ocrx_word' id='word_1_4' title='bbox 2345 335 2468 397; x_wconf 89' lang='lat'><strong>105</strong></span> 
     </span>
    </p>
   </div>
   <div class='ocr_carea' id='block_1_2' title="bbox 259 502 2474 999">
    <p class='ocr_par' dir='ltr' id='par_1_2' title="bbox 259 502 2474 999">
     <span class='ocr_line' id='line_1_2' title="bbox 268 502 2471 586; baseline 0.002 -20"><span class='ocrx_word' id='word_1_5' title='bbox 268 503 506 567; x_wconf 85' lang='lat' dir='ltr'><strong>verium</strong></span> <span class='ocrx_word' id='word_1_6' title='bbox 538 504 776 586; x_wconf 82' lang='lat' dir='ltr'><strong>Papam</strong></span> <span class='ocrx_word' id='word_1_7' title='bbox 806 502 877 564; x_wconf 89' lang='lat' dir='ltr'><strong>in</strong></span> <span class='ocrx_word' id='word_1_8' title='bbox 907 503 1168 567; x_wconf 87' lang='lat' dir='ltr'><strong>exilium</strong></span> <span class='ocrx_word' id='word_1_9' title='bbox 1199 505 1379 568; x_wconf 86' lang='lat' dir='ltr'><strong>misit</strong></span> <span class='ocrx_word' id='word_1_10' title='bbox 1395 507 1425 568; x_wconf 82' lang='lat'><strong>⁴?</strong></span> <span class='ocrx_word' id='word_1_11' title='bbox 1473 528 1691 570; x_wconf 89' lang='lat' dir='ltr'><strong>annon</strong></span> <span class='ocrx_word' id='word_1_12' title='bbox 1719 505 1894 570; x_wconf 88' lang='lat' dir='ltr'><strong>idem</strong></span> <span class='ocrx_word' id='word_1_13' title='bbox 1922 505 2030 569; x_wconf 91' lang='lat' dir='ltr'><strong>ille</strong></span> <span class='ocrx_word' id='word_1_14' title='bbox 2063 505 2105 568; x_wconf 91' lang='lat' dir='ltr'><strong>J</strong></span> <span class='ocrx_word' id='word_1_15' title='bbox 2107 505 2471 570; x_wconf 88' lang='lat' dir='ltr'><strong>ustinianus</strong></span> 
     </span>
     <span class='ocr_line' id='line_1_3' title="bbox 264 607 2471 692; baseline 0.001 -22"><span class='ocrx_word' id='word_1_16' title='bbox 264 607 517 670; x_wconf 83' lang='lat' dir='ltr'><strong>senior?</strong></span> <span class='ocrx_word' id='word_1_17' title='bbox 563 607 904 671; x_wconf 88' lang='lat' dir='ltr'><strong>immemor</strong></span> <span class='ocrx_word' id='word_1_18' title='bbox 953 607 1260 672; x_wconf 89' lang='lat' dir='ltr'><strong>nimirum</strong></span> <span class='ocrx_word' id='word_1_19' title='bbox 1314 609 1507 692; x_wconf 81' lang='lat' dir='ltr'>Legis</span> <span class='ocrx_word' id='word_1_20' title='bbox 1555 631 1705 689; x_wconf 78' lang='lat' dir='ltr'><strong>suae,</strong></span> <span class='ocrx_word' id='word_1_21' title='bbox 1759 611 1937 674; x_wconf 82' lang='lat' dir='ltr'><em>Inter</em></span> <span class='ocrx_word' id='word_1_22' title='bbox 1976 610 2204 687; x_wconf 78' lang='lat' dir='ltr'><strong>claras,</strong></span> <span class='ocrx_word' id='word_1_23' title='bbox 2254 610 2471 692; x_wconf 89' lang='lat' dir='ltr'><strong>(quam</strong></span> 
     </span>
     <span class='ocr_line' id='line_1_4' title="bbox 261 710 2471 796; baseline 0.001 -22"><span class='ocrx_word' id='word_1_24' title='bbox 261 732 591 793; x_wconf 85' lang='lat' dir='ltr'><strong>nunquam</strong></span> <span class='ocrx_word' id='word_1_25' title='bbox 622 710 864 774; x_wconf 85' lang='lat' dir='ltr'><strong>scilicet</strong></span> <span class='ocrx_word' id='word_1_26' title='bbox 895 711 1277 795; x_wconf 58' lang='lat' dir='ltr'><strong>scripserat)</strong></span> <span class='ocrx_word' id='word_1_27' title='bbox 1310 712 1380 775; x_wconf 90' lang='lat' dir='ltr'><strong>in</strong></span> <span class='ocrx_word' id='word_1_28' title='bbox 1405 735 1531 796; x_wconf 89' lang='lat' dir='ltr'><strong>qua</strong></span> <span class='ocrx_word' id='word_1_29' title='bbox 1554 714 1756 795; x_wconf 84' lang='lat' dir='ltr'><strong>Caput</strong></span> <span class='ocrx_word' id='word_1_30' title='bbox 1778 714 2206 777; x_wconf 69' lang='lat' dir='ltr'><strong>Ecclesiamm</strong></span> <span class='ocrx_word' id='word_1_31' title='bbox 2230 714 2471 796; x_wconf 81' lang='lat' dir='ltr'>Papam</span> 
     </span>
     <span class='ocr_line' id='line_1_5' title="bbox 259 812 2474 900; baseline 0.001 -23"><span class='ocrx_word' id='word_1_32' title='bbox 259 812 528 896; x_wconf 81' lang='lat' dir='ltr'><strong>scripsit,</strong></span> <span class='ocrx_word' id='word_1_33' title='bbox 568 814 645 896; x_wconf 91' lang='lat' dir='ltr'><strong>(si</strong></span> <span class='ocrx_word' id='word_1_34' title='bbox 679 821 899 877; x_wconf 88' lang='lat' dir='ltr'><strong>tamen</strong></span> <span class='ocrx_word' id='word_1_35' title='bbox 938 816 1204 898; x_wconf 82' lang='lat' dir='ltr'>Papam)</span> <span class='ocrx_word' id='word_1_36' title='bbox 1242 821 1307 878; x_wconf 87' lang='lat' dir='ltr'><strong>at</strong></span> <span class='ocrx_word' id='word_1_37' title='bbox 1350 817 1513 879; x_wconf 86' lang='lat' dir='ltr'><strong>sicut</strong></span> <span class='ocrx_word' id='word_1_38' title='bbox 1543 818 1974 881; x_wconf 74' lang='lat' dir='ltr'><strong>Ecclesiarum</strong></span> <span class='ocrx_word' id='word_1_39' title='bbox 2014 825 2235 881; x_wconf 91' lang='lat' dir='ltr'><strong>tamen</strong></span> <span class='ocrx_word' id='word_1_40' title='bbox 2271 818 2474 900; x_wconf 83' lang='lat' dir='ltr'><strong>Caput</strong></span> 
     </span>
     <span class='ocr_line' id='line_1_6' title="bbox 265 916 1115 999; baseline 0.004 -20"><span class='ocrx_word' id='word_1_41' title='bbox 265 918 362 998; x_wconf 90' lang='lat' dir='ltr'><strong>(ut</strong></span> <span class='ocrx_word' id='word_1_42' title='bbox 393 916 670 999; x_wconf 82' lang='lat' dir='ltr'><strong>videtur)</strong></span> <span class='ocrx_word' id='word_1_43' title='bbox 706 938 839 984; x_wconf 89' lang='lat' dir='ltr'><strong>non</strong></span> <span class='ocrx_word' id='word_1_44' title='bbox 869 917 1115 982; x_wconf 86' lang='lat' dir='ltr'><strong>habuit.</strong></span> 
     </span>
    </p>
   </div>
   <div class='ocr_carea' id='block_1_3' title="bbox 258 1025 2475 2402">
    <p class='ocr_par' dir='ltr' id='par_1_3' title="bbox 327 1025 2475 1456">
     <span class='ocr_line' id='line_1_7' title="bbox 327 1025 2474 1130; baseline 0.002 -18"><span class='ocrx_word' id='word_1_45' title='bbox 327 1025 548 1126; x_wconf 84' lang='lat' dir='ltr'><strong>[Scribit</strong></span> <span class='ocrx_word' id='word_1_46' title='bbox 579 1063 736 1112; x_wconf 80' lang='lat' dir='ltr'><strong>etiam</strong></span> <span class='ocrx_word' id='word_1_47' title='bbox 772 1063 1040 1114; x_wconf 70' lang='lat' dir='ltr'><strong>Liberatus</strong></span> <span class='ocrx_word' id='word_1_48' title='bbox 1059 1100 1073 1114; x_wconf 94' lang='lat'><strong>.</strong></span> <span class='ocrx_word' id='word_1_49' title='bbox 1099 1099 1112 1113; x_wconf 95' lang='lat'><strong>.</strong></span> <span class='ocrx_word' id='word_1_50' title='bbox 1136 1101 1148 1113; x_wconf 92' lang='lat'><strong>.</strong></span> <span class='ocrx_word' id='word_1_51' title='bbox 1173 1079 1274 1127; x_wconf 90' lang='lat' dir='ltr'><strong>quo</strong></span> <span class='ocrx_word' id='word_1_52' title='bbox 1308 1068 1534 1129; x_wconf 84' lang='lat' dir='ltr'><strong>tempore</strong></span> <span class='ocrx_word' id='word_1_53' title='bbox 1567 1064 1853 1130; x_wconf 72' lang='lat' dir='ltr'><strong>Imperator</strong></span> <span class='ocrx_word' id='word_1_54' title='bbox 1885 1065 2159 1116; x_wconf 73' lang='lat' dir='ltr'><strong>silverium</strong></span> <span class='ocrx_word' id='word_1_55' title='bbox 2194 1065 2383 1130; x_wconf 83' lang='lat' dir='ltr'><strong>Papam</strong></span> <span class='ocrx_word' id='word_1_56' title='bbox 2416 1066 2474 1116; x_wconf 89' lang='lat' dir='ltr'><strong>in</strong></span> 
     </span>
     <span class='ocr_line' id='line_1_8' title="bbox 391 1144 2473 1212; baseline 0.003 -20"><span class='ocrx_word' id='word_1_57' title='bbox 391 1144 606 1193; x_wconf 86' lang='lat' dir='ltr'><strong>exilium</strong></span> <span class='ocrx_word' id='word_1_58' title='bbox 629 1144 812 1210; x_wconf 43' lang='lat' dir='ltr'><strong>misia]</strong></span> <span class='ocrx_word' id='word_1_59' title='bbox 827 1145 1134 1210; x_wconf 73' lang='lat' dir='ltr'><strong>Episcopum</strong></span> <span class='ocrx_word' id='word_1_60' title='bbox 1151 1144 1473 1196; x_wconf 84' lang='lat' dir='ltr'><strong>Patarensem</strong></span> <span class='ocrx_word' id='word_1_61' title='bbox 1495 1146 1679 1197; x_wconf 85' lang='lat' dir='ltr'><strong>adiisse</strong></span> <span class='ocrx_word' id='word_1_62' title='bbox 1694 1147 2077 1212; x_wconf 73' lang='lat' dir='ltr'><strong>Imperatorem,</strong></span> <span class='ocrx_word' id='word_1_63' title='bbox 2093 1183 2106 1196; x_wconf 93' lang='lat'><strong>.</strong></span> <span class='ocrx_word' id='word_1_64' title='bbox 2133 1184 2145 1196; x_wconf 93' lang='lat'><strong>.</strong></span> <span class='ocrx_word' id='word_1_65' title='bbox 2171 1184 2183 1196; x_wconf 92' lang='lat'><strong>.</strong></span> <span class='ocrx_word' id='word_1_66' title='bbox 2198 1162 2256 1197; x_wconf 87' lang='lat' dir='ltr'><strong>ac</strong></span> <span class='ocrx_word' id='word_1_67' title='bbox 2279 1147 2473 1198; x_wconf 75' lang='lat' dir='ltr'><strong>dixisse</strong></span> 
     </span>
     <span class='ocr_line' id='line_1_9' title="bbox 392 1227 2475 1293; baseline 0.001 -17"><span class='ocrx_word' id='word_1_68' title='bbox 392 1227 582 1277; x_wconf 85' lang='lat' dir='ltr'><strong>multos</strong></span> <span class='ocrx_word' id='word_1_69' title='bbox 602 1243 707 1277; x_wconf 83' lang='lat' dir='ltr'><strong>esse</strong></span> <span class='ocrx_word' id='word_1_70' title='bbox 730 1228 906 1290; x_wconf 60' lang='lat' dir='ltr'><strong>Reges,</strong></span> <span class='ocrx_word' id='word_1_71' title='bbox 928 1228 1016 1278; x_wconf 85' lang='lat' dir='ltr'><strong>sed</strong></span> <span class='ocrx_word' id='word_1_72' title='bbox 1040 1228 1238 1278; x_wconf 87' lang='lat' dir='ltr'><strong>nullum</strong></span> <span class='ocrx_word' id='word_1_73' title='bbox 1260 1230 1416 1279; x_wconf 83' lang='lat' dir='ltr'><strong>talem</strong></span> <span class='ocrx_word' id='word_1_74' title='bbox 1438 1244 1561 1286; x_wconf 82' lang='lat' dir='ltr'><strong>esse,</strong></span> <span class='ocrx_word' id='word_1_75' title='bbox 1585 1230 1750 1292; x_wconf 90' lang='lat' dir='ltr'><strong>qualis</strong></span> <span class='ocrx_word' id='word_1_76' title='bbox 1781 1230 1886 1289; x_wconf 88' lang='lat' dir='ltr'><strong>ille,</strong></span> <span class='ocrx_word' id='word_1_77' title='bbox 1920 1230 2009 1292; x_wconf 91' lang='lat' dir='ltr'><strong>qui</strong></span> <span class='ocrx_word' id='word_1_78' title='bbox 2042 1234 2121 1278; x_wconf 81' lang='lat' dir='ltr'><strong>est</strong></span> <span class='ocrx_word' id='word_1_79' title='bbox 2154 1228 2293 1293; x_wconf 80' lang='lat' dir='ltr'><strong>Papa</strong></span> <span class='ocrx_word' id='word_1_80' title='bbox 2323 1244 2475 1293; x_wconf 84' lang='lat' dir='ltr'><strong>super</strong></span> 
     </span>
     <span class='ocr_line' id='line_1_10' title="bbox 393 1308 2470 1376; baseline 0.001 -19"><span class='ocrx_word' id='word_1_81' title='bbox 393 1308 669 1358; x_wconf 80' lang='lat' dir='ltr'><strong>Ecclesiam</strong></span> <span class='ocrx_word' id='word_1_82' title='bbox 704 1309 883 1360; x_wconf 88' lang='lat' dir='ltr'><strong>mundi</strong></span> <span class='ocrx_word' id='word_1_83' title='bbox 921 1311 1079 1360; x_wconf 83' lang='lat' dir='ltr'><strong>totius</strong></span> <span class='ocrx_word' id='word_1_84' title='bbox 1091 1310 1350 1376; x_wconf 72' lang='lat' dir='ltr'><strong>‘.-—[Bell.</strong></span> <span class='ocrx_word' id='word_1_85' title='bbox 1373 1310 1524 1375; x_wconf 85' lang='lat' dir='ltr'><strong>Apol.</strong></span> <span class='ocrx_word' id='word_1_86' title='bbox 1550 1310 1650 1360; x_wconf 90' lang='lat' dir='ltr'><strong>Pro</strong></span> <span class='ocrx_word' id='word_1_87' title='bbox 1679 1309 1850 1374; x_wconf 88' lang='lat' dir='ltr'><strong>Resp.]</strong></span> <span class='ocrx_word' id='word_1_88' title='bbox 1883 1324 1931 1375; x_wconf 89' lang='lat' dir='ltr'><strong>p.</strong></span> <span class='ocrx_word' id='word_1_89' title='bbox 1957 1310 2036 1364; x_wconf 89' lang='grc'><strong>27.</strong></span> <span class='ocrx_word' id='word_1_90' title='bbox 2076 1310 2210 1375; x_wconf 89' lang='lat' dir='ltr'><strong>[Op.‚</strong></span> <span class='ocrx_word' id='word_1_91' title='bbox 2241 1316 2365 1361; x_wconf 83' lang='lat' dir='ltr'><strong>tom.</strong></span> <span class='ocrx_word' id='word_1_92' title='bbox 2382 1311 2470 1360; x_wconf 83' lang='lat' dir='ltr'><strong>vii.</strong></span> 
     </span>
     <span class='ocr_line' id='line_1_11' title="bbox 391 1390 806 1456; baseline 0 -15"><span class='ocrx_word' id='word_1_93' title='bbox 391 1392 483 1441; x_wconf 86' lang='lat' dir='ltr'><strong>col.</strong></span> <span class='ocrx_word' id='word_1_94' title='bbox 508 1392 617 1442; x_wconf 89' lang='grc'><strong>720.</strong></span> <span class='ocrx_word' id='word_1_95' title='bbox 643 1394 704 1441; x_wconf 79' lang='grc' dir='ltr'><strong>Α.</strong></span> <span class='ocrx_word' id='word_1_96' title='bbox 726 1390 806 1456; x_wconf 88' lang='grc' dir='ltr'><strong>Β.]</strong></span> 
     </span>
    </p>

    <p class='ocr_par' dir='ltr' id='par_1_4' title="bbox 258 1500 2473 2184">
     <span class='ocr_line' id='line_1_12' title="bbox 349 1500 2469 1585; baseline 0 -22"><span class='ocrx_word' id='word_1_97' title='bbox 349 1501 449 1563; x_wconf 92' lang='lat' dir='ltr'><strong>Ut</strong></span> <span class='ocrx_word' id='word_1_98' title='bbox 499 1500 688 1564; x_wconf 88' lang='lat' dir='ltr'><strong>nobis</strong></span> <span class='ocrx_word' id='word_1_99' title='bbox 732 1501 838 1565; x_wconf 87' lang='lat' dir='ltr'><strong>hic</strong></span> <span class='ocrx_word' id='word_1_100' title='bbox 875 1523 1008 1566; x_wconf 89' lang='lat' dir='ltr'><strong>non</strong></span> <span class='ocrx_word' id='word_1_101' title='bbox 1052 1508 1190 1566; x_wconf 85' lang='lat' dir='ltr'><strong>tam</strong></span> <span class='ocrx_word' id='word_1_102' title='bbox 1226 1501 1605 1580; x_wconf 88' lang='lat' dir='ltr'><strong>curandum,</strong></span> <span class='ocrx_word' id='word_1_103' title='bbox 1639 1501 1795 1585; x_wconf 87' lang='lat' dir='ltr'><strong>quid</strong></span> <span class='ocrx_word' id='word_1_104' title='bbox 1836 1502 2069 1566; x_wconf 80' lang='lat' dir='ltr'><strong>dixerit</strong></span> <span class='ocrx_word' id='word_1_105' title='bbox 2100 1501 2469 1566; x_wconf 82' lang='lat' dir='ltr'><strong>Patarensis</strong></span> 
     </span>
     <span class='ocr_line' id='line_1_13' title="bbox 259 1603 2473 1688; baseline 0.001 -23"><span class='ocrx_word' id='word_1_106' title='bbox 259 1603 634 1687; x_wconf 86' lang='lat' dir='ltr'><strong>Episcopus,</strong></span> <span class='ocrx_word' id='word_1_107' title='bbox 693 1626 887 1687; x_wconf 90' lang='lat' dir='ltr'><strong>quam</strong></span> <span class='ocrx_word' id='word_1_108' title='bbox 948 1604 1104 1687; x_wconf 88' lang='lat' dir='ltr'><strong>quid</strong></span> <span class='ocrx_word' id='word_1_109' title='bbox 1159 1604 1385 1669; x_wconf 86' lang='lat' dir='ltr'><strong>fecerit</strong></span> <span class='ocrx_word' id='word_1_110' title='bbox 1446 1605 1812 1688; x_wconf 83' lang='lat' dir='ltr'><strong>Imperator</strong></span> <span class='ocrx_word' id='word_1_111' title='bbox 1873 1605 1915 1668; x_wconf 91' lang='lat' dir='ltr'><strong>J</strong></span> <span class='ocrx_word' id='word_1_112' title='bbox 1920 1604 2306 1681; x_wconf 82' lang='lat' dir='ltr'><strong>ustinianus,</strong></span> <span class='ocrx_word' id='word_1_113' title='bbox 2362 1604 2473 1687; x_wconf 92' lang='lat' dir='ltr'><strong>qui</strong></span> 
     </span>
     <span class='ocr_line' id='line_1_14' title="bbox 259 1707 2473 1791; baseline 0 -22"><span class='ocrx_word' id='word_1_114' title='bbox 259 1707 490 1789; x_wconf 74' lang='lat' dir='ltr'><strong>Reyem</strong></span> <span class='ocrx_word' id='word_1_115' title='bbox 519 1707 829 1790; x_wconf 90' lang='lat' dir='ltr'><strong>(scilicet),</strong></span> <span class='ocrx_word' id='word_1_116' title='bbox 855 1709 956 1770; x_wconf 83' lang='lat' dir='ltr'><strong>cui</strong></span> <span class='ocrx_word' id='word_1_117' title='bbox 977 1709 1183 1772; x_wconf 74' lang='lat' dir='ltr'><strong>nullus</strong></span> <span class='ocrx_word' id='word_1_118' title='bbox 1204 1709 1272 1771; x_wconf 79' lang='lat' dir='ltr'><strong>in</strong></span> <span class='ocrx_word' id='word_1_119' title='bbox 1293 1709 1519 1771; x_wconf 76' lang='lat' dir='ltr'><strong>mundo</strong></span> <span class='ocrx_word' id='word_1_120' title='bbox 1544 1709 1792 1786; x_wconf 93' lang='lat' dir='ltr'><strong>similis,</strong></span> <span class='ocrx_word' id='word_1_121' title='bbox 1818 1710 1923 1791; x_wconf 82' lang='lat' dir='ltr'><strong>qui</strong></span> <span class='ocrx_word' id='word_1_122' title='bbox 1946 1709 2165 1791; x_wconf 73' lang='lat' dir='ltr'><strong>Reyna</strong></span> <span class='ocrx_word' id='word_1_123' title='bbox 2194 1714 2256 1772; x_wconf 85' lang='lat' dir='ltr'><strong>et</strong></span> <span class='ocrx_word' id='word_1_124' title='bbox 2272 1708 2473 1790; x_wconf 61' lang='lat' dir='ltr'><strong>Reges</strong></span> 
     </span>
     <span class='ocr_line' id='line_1_15' title="bbox 258 1811 2469 1895; baseline 0.001 -24"><span class='ocrx_word' id='word_1_125' title='bbox 258 1811 432 1890; x_wconf 76' lang='lat' dir='ltr'><strong>ipsos</strong></span> <span class='ocrx_word' id='word_1_126' title='bbox 458 1817 715 1894; x_wconf 57' lang='lat' dir='ltr'><strong>reynel,</strong></span> <span class='ocrx_word' id='word_1_127' title='bbox 748 1812 837 1874; x_wconf 88' lang='lat' dir='ltr'><strong>sic</strong></span> <span class='ocrx_word' id='word_1_128' title='bbox 865 1811 935 1874; x_wconf 88' lang='lat' dir='ltr'><strong>in</strong></span> <span class='ocrx_word' id='word_1_129' title='bbox 964 1811 1243 1874; x_wconf 88' lang='lat' dir='ltr'><strong>insulam</strong></span> <span class='ocrx_word' id='word_1_130' title='bbox 1274 1811 1604 1895; x_wconf 84' lang='lat' dir='ltr'><strong>relegavit.</strong></span> <span class='ocrx_word' id='word_1_131' title='bbox 1697 1813 1899 1876; x_wconf 84' lang='lat' dir='ltr'><strong>Facta</strong></span> <span class='ocrx_word' id='word_1_132' title='bbox 1937 1833 2086 1876; x_wconf 92' lang='lat' dir='ltr'><strong>cum</strong></span> <span class='ocrx_word' id='word_1_133' title='bbox 2118 1812 2469 1890; x_wconf 85' lang='lat' dir='ltr'><strong>videamus,</strong></span> 
     </span>
     <span class='ocr_line' id='line_1_16' title="bbox 258 1913 2472 1996; baseline 0.001 -21"><span class='ocrx_word' id='word_1_134' title='bbox 258 1913 458 1976; x_wconf 83' lang='lat' dir='ltr'><strong>verba</strong></span> <span class='ocrx_word' id='word_1_135' title='bbox 507 1914 663 1996; x_wconf 89' lang='lat' dir='ltr'><strong>quid</strong></span> <span class='ocrx_word' id='word_1_136' title='bbox 713 1915 1066 1994; x_wconf 84' lang='lat' dir='ltr'><strong>audiamus,</strong></span> <span class='ocrx_word' id='word_1_137' title='bbox 1112 1915 1214 1978; x_wconf 85' lang='lat' dir='ltr'><strong>vel</strong></span> <span class='ocrx_word' id='word_1_138' title='bbox 1261 1915 1646 1993; x_wconf 86' lang='lat' dir='ltr'><strong>Patarensis,</strong></span> <span class='ocrx_word' id='word_1_139' title='bbox 1693 1915 1795 1979; x_wconf 85' lang='lat' dir='ltr'><strong>vel</strong></span> <span class='ocrx_word' id='word_1_140' title='bbox 1843 1915 2257 1980; x_wconf 81' lang='lat' dir='ltr'><strong>Cardinalis?</strong></span> <span class='ocrx_word' id='word_1_141' title='bbox 2348 1915 2472 1978; x_wconf 86' lang='lat' dir='ltr'><strong>Cui</strong></span> 
     </span>
     <span class='ocr_line' id='line_1_17' title="bbox 258 2018 2472 2102; baseline 0.001 -23"><span class='ocrx_word' id='word_1_142' title='bbox 258 2038 492 2098; x_wconf 87' lang='lat' dir='ltr'><strong>parum</strong></span> <span class='ocrx_word' id='word_1_143' title='bbox 537 2018 675 2102; x_wconf 89' lang='lat' dir='ltr'><strong>jam</strong></span> <span class='ocrx_word' id='word_1_144' title='bbox 723 2039 1026 2101; x_wconf 85' lang='lat' dir='ltr'><strong>prospere</strong></span> <span class='ocrx_word' id='word_1_145' title='bbox 1085 2019 1389 2085; x_wconf 89' lang='lat' dir='ltr'><strong>successit</strong></span> <span class='ocrx_word' id='word_1_146' title='bbox 1446 2020 1544 2102; x_wconf 90' lang='lat' dir='ltr'><strong>(ut</strong></span> <span class='ocrx_word' id='word_1_147' title='bbox 1593 2018 1789 2102; x_wconf 87' lang='lat' dir='ltr'><strong>videt)</strong></span> <span class='ocrx_word' id='word_1_148' title='bbox 1844 2019 2171 2102; x_wconf 85' lang='lat' dir='ltr'><strong>navigatio</strong></span> <span class='ocrx_word' id='word_1_149' title='bbox 2218 2019 2358 2102; x_wconf 89' lang='lat' dir='ltr'><strong>ejus</strong></span> <span class='ocrx_word' id='word_1_150' title='bbox 2401 2018 2472 2080; x_wconf 89' lang='lat' dir='ltr'><strong>in</strong></span> 
     </span>
     <span class='ocr_line' id='line_1_18' title="bbox 262 2120 621 2184; baseline 0.003 -2"><span class='ocrx_word' id='word_1_151' title='bbox 262 2120 621 2184; x_wconf 87' lang='lat' dir='ltr'><strong>Orientem.</strong></span> 
     </span>
    </p>

    <p class='ocr_par' dir='ltr' id='par_1_5' title="bbox 323 2255 2474 2322">
     <span class='ocr_line' id='line_1_19' title="bbox 323 2255 2474 2322; baseline -0 -16"><span class='ocrx_word' id='word_1_152' title='bbox 323 2255 428 2306; x_wconf 81' lang='lat' dir='ltr'><strong>Sed</strong></span> <span class='ocrx_word' id='word_1_153' title='bbox 458 2257 501 2304; x_wconf 89' lang='lat' dir='ltr'><strong>si</strong></span> <span class='ocrx_word' id='word_1_154' title='bbox 527 2294 539 2306; x_wconf 91' lang='lat'><strong>.</strong></span> <span class='ocrx_word' id='word_1_155' title='bbox 562 2292 577 2306; x_wconf 90' lang='lat'><strong>.</strong></span> <span class='ocrx_word' id='word_1_156' title='bbox 601 2292 614 2305; x_wconf 94' lang='lat'><strong>.</strong></span> <span class='ocrx_word' id='word_1_157' title='bbox 638 2255 746 2306; x_wconf 86' lang='lat' dir='ltr'><strong>Rex</strong></span> <span class='ocrx_word' id='word_1_158' title='bbox 784 2257 916 2322; x_wconf 78' lang='lat' dir='ltr'><strong>(hoc)</strong></span> <span class='ocrx_word' id='word_1_159' title='bbox 957 2256 1189 2318; x_wconf 82' lang='lat' dir='ltr'><strong>affirmet,</strong></span> <span class='ocrx_word' id='word_1_160' title='bbox 1228 2262 1363 2307; x_wconf 79' lang='lat' dir='ltr'><strong>certe</strong></span> <span class='ocrx_word' id='word_1_161' title='bbox 1402 2272 1506 2306; x_wconf 84' lang='lat' dir='ltr'><strong>uon</strong></span> <span class='ocrx_word' id='word_1_162' title='bbox 1542 2256 1600 2307; x_wconf 92' lang='lat' dir='ltr'><strong>id</strong></span> <span class='ocrx_word' id='word_1_163' title='bbox 1634 2257 1882 2307; x_wconf 84' lang='lat' dir='ltr'><strong>affirmare</strong></span> <span class='ocrx_word' id='word_1_164' title='bbox 1916 2258 2107 2321; x_wconf 84' lang='lat' dir='ltr'><strong>poterit</strong></span> <span class='ocrx_word' id='word_1_165' title='bbox 2146 2256 2209 2307; x_wconf 89' lang='lat' dir='ltr'><strong>de</strong></span> <span class='ocrx_word' id='word_1_166' title='bbox 2248 2256 2474 2319; x_wconf 78' lang='lat' dir='ltr'><strong>Regibus</strong></span> 
     </span>
    </p>

    <p class='ocr_par' dir='ltr' id='par_1_6' title="bbox 391 2337 2470 2402">
     <span class='ocr_line' id='line_1_20' title="bbox 391 2337 2470 2402; baseline 0 -16"><span class='ocrx_word' id='word_1_167' title='bbox 391 2338 601 2400; x_wconf 79' lang='lat' dir='ltr'><strong>Angliae</strong></span> <span class='ocrx_word' id='word_1_168' title='bbox 640 2337 1095 2389; x_wconf 78' lang='lat' dir='ltr'><strong>Praedecessoribus</strong></span> <span class='ocrx_word' id='word_1_169' title='bbox 1128 2338 1247 2389; x_wconf 84' lang='lat' dir='ltr'><strong>suis.</strong></span> <span class='ocrx_word' id='word_1_170' title='bbox 1310 2338 1493 2388; x_wconf 81' lang='lat' dir='ltr'><strong>Exstat</strong></span> <span class='ocrx_word' id='word_1_171' title='bbox 1526 2338 1688 2402; x_wconf 86' lang='lat' dir='ltr'><strong>Epist.</strong></span> <span class='ocrx_word' id='word_1_172' title='bbox 1717 2338 1874 2389; x_wconf 86' lang='lat' dir='ltr'><strong>Henr.</strong></span> <span class='ocrx_word' id='word_1_173' title='bbox 1904 2339 1973 2389; x_wconf 90' lang='lat'><strong>11.</strong></span> <span class='ocrx_word' id='word_1_174' title='bbox 2007 2337 2073 2388; x_wconf 87' lang='lat' dir='ltr'><strong>ad</strong></span> <span class='ocrx_word' id='word_1_175' title='bbox 2095 2338 2347 2389; x_wconf 83' lang='lat' dir='ltr'><strong>Alexand.</strong></span> <span class='ocrx_word' id='word_1_176' title='bbox 2374 2337 2470 2388; x_wconf 88' lang='lat'><strong>111.</strong></span> 
     </span>
    </p>
   </div>
   <div class='ocr_carea' id='block_1_4' title="bbox 396 2418 2470 2567">
    <p class='ocr_par' dir='ltr' id='par_1_7' title="bbox 396 2418 2470 2567">
     <span class='ocr_line' id='line_1_21' title="bbox 396 2418 2470 2487; baseline 0.001 -19"><span class='ocrx_word' id='word_1_177' title='bbox 396 2418 544 2469; x_wconf 84' lang='lat' dir='ltr'><strong>Pont.</strong></span> <span class='ocrx_word' id='word_1_178' title='bbox 582 2420 941 2471; x_wconf 84' lang='lat' dir='ltr'><strong>‘Sanctissimo</strong></span> <span class='ocrx_word' id='word_1_179' title='bbox 979 2420 1201 2471; x_wconf 88' lang='lat' dir='ltr'><strong>Domino</strong></span> <span class='ocrx_word' id='word_1_180' title='bbox 1240 2435 1345 2482; x_wconf 89' lang='lat' dir='ltr'><strong>suo,</strong></span> <span class='ocrx_word' id='word_1_181' title='bbox 1383 2419 1756 2487; x_wconf 76' lang='lat' dir='ltr'><strong>etc-‘¹’—-[Bell.</strong></span> <span class='ocrx_word' id='word_1_182' title='bbox 1782 2420 1933 2486; x_wconf 84' lang='lat' dir='ltr'><strong>Apol.</strong></span> <span class='ocrx_word' id='word_1_183' title='bbox 1972 2435 2066 2487; x_wconf 79' lang='lat' dir='ltr'><strong>pro</strong></span> <span class='ocrx_word' id='word_1_184' title='bbox 2100 2420 2277 2487; x_wconf 83' lang='lat' dir='ltr'><strong>Resp.]</strong></span> <span class='ocrx_word' id='word_1_185' title='bbox 2315 2435 2363 2485; x_wconf 89' lang='lat' dir='ltr'><strong>p.</strong></span> <span class='ocrx_word' id='word_1_186' title='bbox 2391 2422 2470 2471; x_wconf 89' lang='grc'><strong>27.</strong></span> 
     </span>
     <span class='ocr_line' id='line_1_22' title="bbox 397 2502 1149 2567; baseline 0.001 -17"><span class='ocrx_word' id='word_1_187' title='bbox 397 2502 540 2566; x_wconf 89' lang='lat' dir='ltr'><strong>[Op.‚</strong></span> <span class='ocrx_word' id='word_1_188' title='bbox 562 2506 684 2553; x_wconf 83' lang='lat' dir='ltr'><strong>tom.</strong></span> <span class='ocrx_word' id='word_1_189' title='bbox 702 2504 789 2553; x_wconf 79' lang='lat' dir='ltr'><strong>vii.</strong></span> <span class='ocrx_word' id='word_1_190' title='bbox 814 2504 907 2553; x_wconf 86' lang='lat' dir='ltr'><strong>col.</strong></span> <span class='ocrx_word' id='word_1_191' title='bbox 924 2503 1034 2556; x_wconf 89' lang='grc'><strong>720.</strong></span> <span class='ocrx_word' id='word_1_192' title='bbox 1060 2503 1149 2567; x_wconf 91' lang='grc' dir='ltr'><strong>Β.]</strong></span> 
     </span>
    </p>
   </div>
   <div class='ocr_carea' id='block_1_5' title="bbox 241 2603 2759 3489">
    <p class='ocr_par' dir='ltr' id='par_1_8' title="bbox 241 2603 2759 3489">
     <span class='ocr_line' id='line_1_23' title="bbox 348 2603 2759 2727; baseline -0 -61"><span class='ocrx_word' id='word_1_193' title='bbox 348 2603 604 2667; x_wconf 86' lang='lat' dir='ltr'><strong>Verum</strong></span> <span class='ocrx_word' id='word_1_194' title='bbox 639 2604 834 2683; x_wconf 90' lang='lat' dir='ltr'><strong>enim,</strong></span> <span class='ocrx_word' id='word_1_195' title='bbox 872 2604 1379 2669; x_wconf 86' lang='lat' dir='ltr'><strong>Praedecessores</strong></span> <span class='ocrx_word' id='word_1_196' title='bbox 1420 2604 1618 2688; x_wconf 83' lang='lat' dir='ltr'><strong>Regis</strong></span> <span class='ocrx_word' id='word_1_197' title='bbox 1659 2603 1888 2682; x_wconf 87' lang='lat' dir='ltr'><strong>nostri,</strong></span> <span class='ocrx_word' id='word_1_198' title='bbox 1935 2603 2194 2686; x_wconf 83' lang='lat' dir='ltr'><strong>Angliae</strong></span> <span class='ocrx_word' id='word_1_199' title='bbox 2242 2603 2472 2686; x_wconf 86' lang='lat' dir='ltr'><strong>Reges,</strong></span> <span class='ocrx_word' id='word_1_200' title='bbox 2504 2613 2759 2727; x_wconf 50' lang='lat' dir='ltr'><strong>{Raurica</strong></span> 
     </span>
     <span class='ocr_line' id='line_1_24' title="bbox 258 2678 2746 2808; baseline 0 -40"><span class='ocrx_word' id='word_1_201' title='bbox 258 2728 396 2769; x_wconf 91' lang='lat' dir='ltr'><strong>non</strong></span> <span class='ocrx_word' id='word_1_202' title='bbox 427 2707 521 2770; x_wconf 82' lang='lat' dir='ltr'><strong>ita</strong></span> <span class='ocrx_word' id='word_1_203' title='bbox 550 2728 617 2771; x_wconf 87' lang='lat' dir='ltr'><strong>se</strong></span> <span class='ocrx_word' id='word_1_204' title='bbox 647 2706 952 2788; x_wconf 72' lang='lat' dir='ltr'><strong>Pontzfioe</strong></span> <span class='ocrx_word' id='word_1_205' title='bbox 981 2710 1152 2771; x_wconf 82' lang='lat' dir='ltr'><strong>nulla</strong></span> <span class='ocrx_word' id='word_1_206' title='bbox 1183 2729 1261 2771; x_wconf 79' lang='lat' dir='ltr'><strong>eoe</strong></span> <span class='ocrx_word' id='word_1_207' title='bbox 1278 2714 1471 2789; x_wconf 85' lang='lat' dir='ltr'><strong>parte</strong></span> <span class='ocrx_word' id='word_1_208' title='bbox 1498 2706 1832 2788; x_wconf 78' lang='lat' dir='ltr'><strong>inferiores</strong></span> <span class='ocrx_word' id='word_1_209' title='bbox 1862 2706 2236 2770; x_wconf 86' lang='lat' dir='ltr'><strong>scriberent.</strong></span> <span class='ocrx_word' id='word_1_210' title='bbox 2318 2705 2476 2769; x_wconf 90' lang='lat' dir='ltr'><strong>Non</strong></span> <span class='ocrx_word' id='word_1_211' title='bbox 2501 2678 2746 2808; x_wconf 50' lang='lat' dir='ltr'><strong>Affi&#39;gffig‘</strong></span> 
     </span>
     <span class='ocr_line' id='line_1_25' title="bbox 259 2808 2477 2894; baseline -0.001 -23"><span class='ocrx_word' id='word_1_212' title='bbox 259 2808 441 2871; x_wconf 89' lang='lat' dir='ltr'><strong>enim</strong></span> <span class='ocrx_word' id='word_1_213' title='bbox 494 2819 666 2874; x_wconf 83' lang='lat' dir='ltr'><strong>certe</strong></span> <span class='ocrx_word' id='word_1_214' title='bbox 714 2811 1123 2894; x_wconf 87' lang='lat' dir='ltr'><strong>scripserunt.</strong></span> <span class='ocrx_word' id='word_1_215' title='bbox 1218 2810 1497 2877; x_wconf 80' lang='lat' dir='ltr'><strong>Quando</strong></span> <span class='ocrx_word' id='word_1_216' title='bbox 1548 2815 1768 2873; x_wconf 88' lang='lat' dir='ltr'><strong>autem</strong></span> <span class='ocrx_word' id='word_1_217' title='bbox 1817 2810 2000 2871; x_wconf 79' lang='lat' dir='ltr'><strong>non?</strong></span> <span class='ocrx_word' id='word_1_218' title='bbox 2097 2808 2270 2871; x_wconf 81' lang='lat' dir='ltr'><strong>Cum</strong></span> <span class='ocrx_word' id='word_1_219' title='bbox 2321 2809 2477 2870; x_wconf 75' lang='lat' dir='ltr'><strong>hora</strong></span> 
     </span>
     <span class='ocr_line' id='line_1_26' title="bbox 241 2909 2475 2995; baseline 0 -22"><span class='ocrx_word' id='word_1_220' title='bbox 241 2913 395 2992; x_wconf 85' lang='lat' dir='ltr'><strong>jam</strong></span> <span class='ocrx_word' id='word_1_221' title='bbox 439 2919 644 2975; x_wconf 76' lang='lat' dir='ltr'><strong>vestra</strong></span> <span class='ocrx_word' id='word_1_222' title='bbox 689 2921 879 2992; x_wconf 86' lang='lat' dir='ltr'><strong>esset,</strong></span> <span class='ocrx_word' id='word_1_223' title='bbox 912 2921 977 2978; x_wconf 92' lang='lat' dir='ltr'><strong>et</strong></span> <span class='ocrx_word' id='word_1_224' title='bbox 1010 2920 1296 2995; x_wconf 76' lang='lat' dir='ltr'><strong>potestas</strong></span> <span class='ocrx_word' id='word_1_225' title='bbox 1336 2912 1780 2977; x_wconf 64' lang='lat' dir='ltr'><strong>tenebram-nme.</strong></span> <span class='ocrx_word' id='word_1_226' title='bbox 1874 2912 1986 2989; x_wconf 89' lang='lat' dir='ltr'><strong>Et,</strong></span> <span class='ocrx_word' id='word_1_227' title='bbox 2018 2910 2130 2995; x_wconf 90' lang='lat' dir='ltr'><strong>qui</strong></span> <span class='ocrx_word' id='word_1_228' title='bbox 2158 2909 2475 2974; x_wconf 80' lang='lat' dir='ltr'><strong>tandem?</strong></span> 
     </span>
     <span class='ocr_line' id='line_1_27' title="bbox 264 3014 2474 3100; baseline -0.001 -22"><span class='ocrx_word' id='word_1_229' title='bbox 264 3014 595 3079; x_wconf 88' lang='lat' dir='ltr'><strong>Henricus</strong></span> <span class='ocrx_word' id='word_1_230' title='bbox 625 3017 742 3093; x_wconf 88' lang='grc' dir='ltr'><strong>ΙΙ.,</strong></span> <span class='ocrx_word' id='word_1_231' title='bbox 783 3018 892 3099; x_wconf 88' lang='lat' dir='ltr'><strong>qui</strong></span> <span class='ocrx_word' id='word_1_232' title='bbox 925 3018 1158 3100; x_wconf 70' lang='lat' dir='ltr'><strong>playa-s</strong></span> <span class='ocrx_word' id='word_1_233' title='bbox 1201 3017 1393 3100; x_wconf 83' lang='lat' dir='ltr'><strong>paulo</strong></span> <span class='ocrx_word' id='word_1_234' title='bbox 1425 3025 1577 3079; x_wconf 85' lang='lat' dir='ltr'><strong>ante</strong></span> <span class='ocrx_word' id='word_1_235' title='bbox 1607 3016 1678 3078; x_wconf 93' lang='lat' dir='ltr'><strong>in</strong></span> <span class='ocrx_word' id='word_1_236' title='bbox 1707 3035 1899 3079; x_wconf 86' lang='lat' dir='ltr'><strong>earne</strong></span> <span class='ocrx_word' id='word_1_237' title='bbox 1929 3015 2098 3077; x_wconf 78' lang='lat' dir='ltr'><strong>nuda</strong></span> <span class='ocrx_word' id='word_1_238' title='bbox 2115 3035 2474 3095; x_wconf 68' lang='lat' dir='ltr'><strong>perpessae,</strong></span> 
     </span>
     <span class='ocr_line' id='line_1_28' title="bbox 259 3117 2475 3203; baseline 0 -23"><span class='ocrx_word' id='word_1_239' title='bbox 259 3125 328 3181; x_wconf 86' lang='lat' dir='ltr'><strong>et</strong></span> <span class='ocrx_word' id='word_1_240' title='bbox 358 3118 558 3201; x_wconf 83' lang='lat' dir='ltr'><strong>virgae</strong></span> <span class='ocrx_word' id='word_1_241' title='bbox 602 3118 1069 3203; x_wconf 77' lang='lat' dir='ltr'><strong>disciplinam‘3</strong></span> <span class='ocrx_word' id='word_1_242' title='bbox 1115 3141 1251 3184; x_wconf 88' lang='lat' dir='ltr'><strong>non</strong></span> <span class='ocrx_word' id='word_1_243' title='bbox 1294 3120 1552 3196; x_wconf 89' lang='lat' dir='ltr'><strong>mirum,</strong></span> <span class='ocrx_word' id='word_1_244' title='bbox 1586 3118 1640 3182; x_wconf 91' lang='lat' dir='ltr'><strong>si</strong></span> <span class='ocrx_word' id='word_1_245' title='bbox 1670 3117 2113 3181; x_wconf 82' lang='lat' dir='ltr'><strong>Alexandrum</strong></span> <span class='ocrx_word' id='word_1_246' title='bbox 2147 3118 2284 3181; x_wconf 93' lang='lat' dir='ltr'><strong>III.</strong></span> <span class='ocrx_word' id='word_1_247' title='bbox 2318 3118 2475 3182; x_wconf 87' lang='lat' dir='ltr'><strong>deli-</strong></span> 
     </span>
     <span class='ocr_line' id='line_1_29' title="bbox 260 3221 2474 3305; baseline 0 -22"><span class='ocrx_word' id='word_1_248' title='bbox 260 3221 409 3283; x_wconf 87' lang='lat' dir='ltr'><strong>nire</strong></span> <span class='ocrx_word' id='word_1_249' title='bbox 454 3221 655 3284; x_wconf 84' lang='lat' dir='ltr'><strong>voluit</strong></span> <span class='ocrx_word' id='word_1_250' title='bbox 667 3248 689 3300; x_wconf 79' lang='lat'><em>3</em></span> <span class='ocrx_word' id='word_1_251' title='bbox 736 3223 830 3286; x_wconf 88' lang='lat' dir='ltr'><strong>ita</strong></span> <span class='ocrx_word' id='word_1_252' title='bbox 873 3224 1039 3286; x_wconf 81' lang='lat' dir='ltr'><strong>omni</strong></span> <span class='ocrx_word' id='word_1_253' title='bbox 1076 3244 1156 3286; x_wconf 77' lang='lat' dir='ltr'><strong>eoe</strong></span> <span class='ocrx_word' id='word_1_254' title='bbox 1188 3229 1381 3305; x_wconf 83' lang='lat' dir='ltr'><strong>parte</strong></span> <span class='ocrx_word' id='word_1_255' title='bbox 1419 3223 1802 3304; x_wconf 71' lang='lat' dir='ltr'><strong>superiorem</strong></span> <span class='ocrx_word' id='word_1_256' title='bbox 1839 3221 2164 3285; x_wconf 86' lang='lat' dir='ltr'><strong>Friderico</strong></span> <span class='ocrx_word' id='word_1_257' title='bbox 2205 3222 2474 3299; x_wconf 77' lang='lat' dir='ltr'><strong>Caesare,</strong></span> 
     </span>
     <span class='ocr_line' id='line_1_30' title="bbox 261 3324 2479 3407; baseline 0 -21"><span class='ocrx_word' id='word_1_258' title='bbox 261 3331 337 3387; x_wconf 90' lang='lat' dir='ltr'><strong>ut</strong></span> <span class='ocrx_word' id='word_1_259' title='bbox 380 3324 578 3405; x_wconf 75' lang='lat' dir='ltr'><strong>pedes</strong></span> <span class='ocrx_word' id='word_1_260' title='bbox 635 3325 902 3390; x_wconf 85' lang='lat' dir='ltr'><strong>haberet</strong></span> <span class='ocrx_word' id='word_1_261' title='bbox 947 3326 1044 3389; x_wconf 91' lang='lat' dir='ltr'><strong>illi</strong></span> <span class='ocrx_word' id='word_1_262' title='bbox 1088 3327 1159 3389; x_wconf 88' lang='lat' dir='ltr'><strong>in</strong></span> <span class='ocrx_word' id='word_1_263' title='bbox 1212 3325 1581 3404; x_wconf 65' lang='grc' dir='ltr'><strong>Οεπνὶσὶὂιιε,</strong></span> <span class='ocrx_word' id='word_1_264' title='bbox 1616 3332 1682 3389; x_wconf 85' lang='lat' dir='ltr'><strong>et</strong></span> <span class='ocrx_word' id='word_1_265' title='bbox 1730 3326 1910 3407; x_wconf 70' lang='lat' dir='ltr'><strong>quasi</strong></span> <span class='ocrx_word' id='word_1_266' title='bbox 1961 3345 2148 3406; x_wconf 77' lang='lat' dir='ltr'><strong>super</strong></span> <span class='ocrx_word' id='word_1_267' title='bbox 2200 3325 2479 3406; x_wconf 72' lang='lat' dir='ltr'><strong>aspidem</strong></span> 
     </span>
     <span class='ocr_line' id='line_1_31' title="bbox 261 3425 664 3489; baseline 0.005 -2"><span class='ocrx_word' id='word_1_268' title='bbox 261 3425 664 3489; x_wconf 53' lang='lat' dir='ltr'><strong>ambularet&amp;</strong></span> 
     </span>
    </p>
   </div>
   <div class='ocr_carea' id='block_1_6' title="bbox 328 3567 2479 3717">
    <p class='ocr_par' dir='ltr' id='par_1_9' title="bbox 328 3567 2479 3717">
     <span class='ocr_line' id='line_1_32' title="bbox 328 3567 2479 3634; baseline -0.001 -17"><span class='ocrx_word' id='word_1_269' title='bbox 328 3568 516 3618; x_wconf 76' lang='lat' dir='ltr'><strong>Exstat</strong></span> <span class='ocrx_word' id='word_1_270' title='bbox 535 3569 722 3632; x_wconf 76' lang='lat' dir='ltr'><strong>legatio</strong></span> <span class='ocrx_word' id='word_1_271' title='bbox 743 3570 947 3620; x_wconf 85' lang='lat' dir='ltr'><strong>Ricardi</strong></span> <span class='ocrx_word' id='word_1_272' title='bbox 971 3570 1125 3633; x_wconf 84' lang='lat' dir='ltr'><strong>Regis</strong></span> <span class='ocrx_word' id='word_1_273' title='bbox 1146 3571 1301 3634; x_wconf 82' lang='lat' dir='ltr'><strong>Augl.</strong></span> <span class='ocrx_word' id='word_1_274' title='bbox 1325 3571 1390 3621; x_wconf 83' lang='lat' dir='ltr'><strong>sd</strong></span> <span class='ocrx_word' id='word_1_275' title='bbox 1414 3570 1715 3621; x_wconf 85' lang='lat' dir='ltr'><strong>Pontificem</strong></span> <span class='ocrx_word' id='word_1_276' title='bbox 1737 3606 1749 3618; x_wconf 88' lang='lat'><strong>.</strong></span> <span class='ocrx_word' id='word_1_277' title='bbox 1776 3606 1789 3619; x_wconf 93' lang='lat'><strong>.</strong></span> <span class='ocrx_word' id='word_1_278' title='bbox 1816 3607 1828 3619; x_wconf 95' lang='lat'><strong>.</strong></span> <span class='ocrx_word' id='word_1_279' title='bbox 1850 3585 1949 3632; x_wconf 89' lang='lat' dir='ltr'><strong>qua</strong></span> <span class='ocrx_word' id='word_1_280' title='bbox 1969 3569 2194 3632; x_wconf 84' lang='lat' dir='ltr'><strong>postulat</strong></span> <span class='ocrx_word' id='word_1_281' title='bbox 2215 3567 2314 3617; x_wconf 86' lang='lat' dir='ltr'><strong>sibi</strong></span> <span class='ocrx_word' id='word_1_282' title='bbox 2326 3567 2479 3629; x_wconf 85' lang='lat' dir='ltr'><strong>justi-</strong></span> 
     </span>
     <span class='ocr_line' id='line_1_33' title="bbox 394 3648 2478 3717; baseline -0 -18"><span class='ocrx_word' id='word_1_283' title='bbox 394 3652 525 3700; x_wconf 77' lang='lat' dir='ltr'><strong>tiam</strong></span> <span class='ocrx_word' id='word_1_284' title='bbox 570 3651 800 3702; x_wconf 80' lang='lat' dir='ltr'><strong>exhiberi</strong></span> <span class='ocrx_word' id='word_1_285' title='bbox 839 3652 902 3703; x_wconf 88' lang='lat' dir='ltr'><strong>de</strong></span> <span class='ocrx_word' id='word_1_286' title='bbox 932 3653 1072 3703; x_wconf 84' lang='lat' dir='ltr'><strong>Duce</strong></span> <span class='ocrx_word' id='word_1_287' title='bbox 1109 3654 1344 3703; x_wconf 78' lang='lat' dir='ltr'><strong>Austriae.</strong></span> <span class='ocrx_word' id='word_1_288' title='bbox 1364 3681 1427 3691; x_wconf 91' lang='lat'>-</span> <span class='ocrx_word' id='word_1_289' title='bbox 1453 3653 1609 3717; x_wconf 85' lang='lat' dir='ltr'><strong>[Bell.</strong></span> <span class='ocrx_word' id='word_1_290' title='bbox 1647 3651 1800 3716; x_wconf 83' lang='lat' dir='ltr'><strong>Apol.</strong></span> <span class='ocrx_word' id='word_1_291' title='bbox 1835 3666 1928 3715; x_wconf 90' lang='lat' dir='ltr'><strong>pro</strong></span> <span class='ocrx_word' id='word_1_292' title='bbox 1958 3648 2137 3714; x_wconf 88' lang='lat' dir='ltr'><strong>Resp.]</strong></span> <span class='ocrx_word' id='word_1_293' title='bbox 2163 3663 2213 3713; x_wconf 88' lang='lat' dir='ltr'><strong>p.</strong></span> <span class='ocrx_word' id='word_1_294' title='bbox 2239 3651 2316 3699; x_wconf 82' lang='lat'><strong>28.</strong></span> <span class='ocrx_word' id='word_1_295' title='bbox 2343 3648 2478 3712; x_wconf 86' lang='lat' dir='ltr'><strong>[Op.‚</strong></span> 
     </span>
    </p>
   </div>
   <div class='ocr_carea' id='block_1_7' title="bbox 396 3733 1086 3798">
    <p class='ocr_par' dir='ltr' id='par_1_10' title="bbox 396 3733 1086 3798">
     <span class='ocr_line' id='line_1_34' title="bbox 396 3733 1086 3798; baseline 0.003 -17"><span class='ocrx_word' id='word_1_296' title='bbox 396 3738 522 3782; x_wconf 76' lang='lat' dir='ltr'><strong>tom.</strong></span> <span class='ocrx_word' id='word_1_297' title='bbox 547 3734 638 3783; x_wconf 80' lang='lat' dir='ltr'><strong>vii.</strong></span> <span class='ocrx_word' id='word_1_298' title='bbox 660 3734 754 3784; x_wconf 87' lang='lat' dir='ltr'><strong>col.</strong></span> <span class='ocrx_word' id='word_1_299' title='bbox 774 3736 884 3786; x_wconf 89' lang='grc'><strong>720.</strong></span> <span class='ocrx_word' id='word_1_300' title='bbox 912 3734 967 3785; x_wconf 85' lang='lat' dir='ltr'><strong>C.</strong></span> <span class='ocrx_word' id='word_1_301' title='bbox 993 3733 1086 3798; x_wconf 82' lang='grc' dir='ltr'><strong>Β.]</strong></span> 
     </span>
    </p>
   </div>
   <div class='ocr_carea' id='block_1_8' title="bbox 258 3828 2753 4022">
    <p class='ocr_par' dir='ltr' id='par_1_11' title="bbox 258 3828 2753 4022">
     <span class='ocr_line' id='line_1_35' title="bbox 351 3828 2753 3915; baseline -0.005 -16"><span class='ocrx_word' id='word_1_302' title='bbox 351 3835 530 3898; x_wconf 88' lang='lat' dir='ltr'><strong>Nam</strong></span> <span class='ocrx_word' id='word_1_303' title='bbox 591 3834 759 3898; x_wconf 88' lang='lat' dir='ltr'><strong>filius</strong></span> <span class='ocrx_word' id='word_1_304' title='bbox 812 3835 1086 3899; x_wconf 90' lang='lat' dir='ltr'><strong>Henrici</strong></span> <span class='ocrx_word' id='word_1_305' title='bbox 1138 3835 1475 3913; x_wconf 75' lang='lat' dir='ltr'><strong>RicarduS,</strong></span> <span class='ocrx_word' id='word_1_306' title='bbox 1529 3832 1645 3896; x_wconf 88' lang='lat' dir='ltr'><strong>ubi</strong></span> <span class='ocrx_word' id='word_1_307' title='bbox 1705 3831 1786 3895; x_wconf 87' lang='lat' dir='ltr'><strong>ab</strong></span> <span class='ocrx_word' id='word_1_308' title='bbox 1838 3830 2125 3894; x_wconf 82' lang='lat' dir='ltr'><strong>Austriae</strong></span> <span class='ocrx_word' id='word_1_309' title='bbox 2177 3829 2361 3893; x_wconf 89' lang='lat' dir='ltr'><strong>Duce</strong></span> <span class='ocrx_word' id='word_1_310' title='bbox 2408 3828 2478 3891; x_wconf 89' lang='lat' dir='ltr'><strong>in</strong></span> <span class='ocrx_word' id='word_1_311' title='bbox 2508 3837 2753 3915; x_wconf 52' lang='lat' dir='ltr'><strong>[Ricardo</strong></span> 
     </span>
     <span class='ocr_line' id='line_1_36' title="bbox 258 3903 2716 4022; baseline -0.004 -21"><span class='ocrx_word' id='word_1_312' title='bbox 258 3938 497 4001; x_wconf 88' lang='lat' dir='ltr'><strong>itinere</strong></span> <span class='ocrx_word' id='word_1_313' title='bbox 527 3945 753 4001; x_wconf 87' lang='lat' dir='ltr'><strong>contra</strong></span> <span class='ocrx_word' id='word_1_314' title='bbox 771 3939 883 4022; x_wconf 89' lang='lat' dir='ltr'><strong>jus</strong></span> <span class='ocrx_word' id='word_1_315' title='bbox 910 3939 1131 4022; x_wconf 88' lang='lat' dir='ltr'><strong>fasque</strong></span> <span class='ocrx_word' id='word_1_316' title='bbox 1160 3938 1533 4022; x_wconf 89' lang='lat' dir='ltr'><strong>prehensus,</strong></span> <span class='ocrx_word' id='word_1_317' title='bbox 1566 3943 1759 4018; x_wconf 87' lang='lat' dir='ltr'><strong>atque</strong></span> <span class='ocrx_word' id='word_1_318' title='bbox 1789 3935 1861 3997; x_wconf 89' lang='lat' dir='ltr'><strong>in</strong></span> <span class='ocrx_word' id='word_1_319' title='bbox 1890 3954 2143 3997; x_wconf 81' lang='lat' dir='ltr'><strong>carcere</strong></span> <span class='ocrx_word' id='word_1_320' title='bbox 2174 3932 2479 3996; x_wconf 87' lang='lat' dir='ltr'><strong>detentus</strong></span> <span class='ocrx_word' id='word_1_321' title='bbox 2503 3903 2716 3967; x_wconf 63' lang='lat' dir='ltr'><strong>an&#39;]</strong></span> 
     </span>
    </p>
   </div>
   <div class='ocr_carea' id='block_1_9' title="bbox 253 4110 2481 4631">
    <p class='ocr_par' dir='ltr' id='par_1_12' title="bbox 253 4110 2481 4631">
     <span class='ocr_line' id='line_1_37' title="bbox 329 4110 1945 4178; baseline -0.002 -15"><span class='ocrx_word' id='word_1_322' title='bbox 329 4121 351 4143; x_wconf 84' lang='lat'><em>‘</em></span> <span class='ocrx_word' id='word_1_323' title='bbox 390 4113 554 4178; x_wconf 82' lang='lat' dir='ltr'><strong>[Brev.</strong></span> <span class='ocrx_word' id='word_1_324' title='bbox 582 4113 825 4173; x_wconf 87' lang='lat' dir='ltr'><strong>Liberati,</strong></span> <span class='ocrx_word' id='word_1_325' title='bbox 849 4129 956 4178; x_wconf 83' lang='lat' dir='ltr'><strong>cap.</strong></span> <span class='ocrx_word' id='word_1_326' title='bbox 980 4115 1327 4164; x_wconf 60' lang='lat' dir='ltr'><strong>xxii—Cone.</strong></span> <span class='ocrx_word' id='word_1_327' title='bbox 1482 4120 1503 4145; x_wconf 75' lang='lat'><em>⁶</em></span> <span class='ocrx_word' id='word_1_328' title='bbox 1573 4110 1690 4159; x_wconf 81' lang='lat' dir='ltr'><strong>Luc.</strong></span> <span class='ocrx_word' id='word_1_329' title='bbox 1717 4110 1843 4160; x_wconf 85' lang='lat' dir='ltr'><strong>xxii.</strong></span> <span class='ocrx_word' id='word_1_330' title='bbox 1869 4112 1945 4161; x_wconf 81' lang='lat'><strong>53.</strong></span> 
     </span>
     <span class='ocr_line' id='line_1_38' title="bbox 263 4172 2480 4243; baseline -0.003 -16"><span class='ocrx_word' id='word_1_331' title='bbox 263 4182 393 4227; x_wconf 83' lang='lat' dir='ltr'><strong>tom.</strong></span> <span class='ocrx_word' id='word_1_332' title='bbox 418 4194 462 4227; x_wconf 73' lang='grc' dir='ltr'><strong>ν.</strong></span> <span class='ocrx_word' id='word_1_333' title='bbox 486 4179 579 4228; x_wconf 86' lang='lat' dir='ltr'><strong>col.</strong></span> <span class='ocrx_word' id='word_1_334' title='bbox 602 4180 630 4230; x_wconf 90' lang='grc'><strong>7</strong></span> <span class='ocrx_word' id='word_1_335' title='bbox 637 4182 714 4229; x_wconf 81' lang='grc'><strong>75.</strong></span> <span class='ocrx_word' id='word_1_336' title='bbox 740 4178 820 4243; x_wconf 78' lang='lat' dir='ltr'><strong>B.]</strong></span> <span class='ocrx_word' id='word_1_337' title='bbox 1484 4176 1500 4208; x_wconf 83' lang='lat'><strong><em>¹</em></strong></span> <span class='ocrx_word' id='word_1_338' title='bbox 1565 4176 1697 4225; x_wconf 85' lang='lat' dir='ltr'><strong>Vide</strong></span> <span class='ocrx_word' id='word_1_339' title='bbox 1731 4175 1916 4225; x_wconf 79' lang='lat' dir='ltr'><strong>Matth.</strong></span> <span class='ocrx_word' id='word_1_340' title='bbox 1984 4174 2097 4224; x_wconf 88' lang='lat' dir='ltr'><strong>aris.</strong></span> <span class='ocrx_word' id='word_1_341' title='bbox 2119 4174 2254 4224; x_wconf 79' lang='lat' dir='ltr'><strong>Hist.</strong></span> <span class='ocrx_word' id='word_1_342' title='bbox 2279 4172 2399 4235; x_wconf 80' lang='lat' dir='ltr'><strong>Maj.</strong></span> <span class='ocrx_word' id='word_1_343' title='bbox 2424 4173 2480 4221; x_wconf 87' lang='lat' dir='ltr'><strong>in</strong></span> 
     </span>
     <span class='ocr_line' id='line_1_39' title="bbox 330 4238 2481 4307; baseline -0.004 -13"><span class='ocrx_word' id='word_1_344' title='bbox 330 4242 354 4273; x_wconf 70' lang='lat'><strong><em>⁴</em></strong></span> <span class='ocrx_word' id='word_1_345' title='bbox 392 4243 443 4307; x_wconf 82' lang='lat'><strong>[‘&#39;</strong></span> <span class='ocrx_word' id='word_1_346' title='bbox 460 4242 788 4294; x_wconf 70' lang='lat' dir='ltr'><strong>sanctissimo</strong></span> <span class='ocrx_word' id='word_1_347' title='bbox 817 4243 1038 4292; x_wconf 87' lang='lat' dir='ltr'><strong>Domino</strong></span> <span class='ocrx_word' id='word_1_348' title='bbox 1071 4257 1160 4291; x_wconf 87' lang='lat' dir='ltr'><strong>suo</strong></span> <span class='ocrx_word' id='word_1_349' title='bbox 1184 4242 1331 4292; x_wconf 83' lang='lat' dir='ltr'><strong>Alex·</strong></span> <span class='ocrx_word' id='word_1_350' title='bbox 1421 4241 1578 4290; x_wconf 85' lang='lat' dir='ltr'><strong>Henr.</strong></span> <span class='ocrx_word' id='word_1_351' title='bbox 1607 4240 1694 4300; x_wconf 83' lang='grc' dir='ltr'><strong>ΙΙ.,</strong></span> <span class='ocrx_word' id='word_1_352' title='bbox 1724 4239 1789 4289; x_wconf 83' lang='lat' dir='ltr'><strong>ad</strong></span> <span class='ocrx_word' id='word_1_353' title='bbox 1810 4255 1891 4290; x_wconf 88' lang='lat' dir='ltr'><strong>an.</strong></span> <span class='ocrx_word' id='word_1_354' title='bbox 1918 4241 2063 4300; x_wconf 78' lang='lat'><strong>1174,</strong></span> <span class='ocrx_word' id='word_1_355' title='bbox 2084 4255 2136 4303; x_wconf 87' lang='lat' dir='ltr'><strong>p.</strong></span> <span class='ocrx_word' id='word_1_356' title='bbox 2160 4241 2271 4289; x_wconf 84' lang='lat'><strong>125.</strong></span> <span class='ocrx_word' id='word_1_357' title='bbox 2306 4238 2481 4299; x_wconf 73' lang='lat' dir='ltr'><strong>Tigur.</strong></span> 
     </span>
     <span class='ocr_line' id='line_1_40' title="bbox 259 4305 1587 4369; baseline -0.004 -12"><span class='ocrx_word' id='word_1_358' title='bbox 259 4308 428 4357; x_wconf 85' lang='lat' dir='ltr'><strong>andro</strong></span> <span class='ocrx_word' id='word_1_359' title='bbox 458 4344 469 4357; x_wconf 94' lang='lat'><strong>.</strong></span> <span class='ocrx_word' id='word_1_360' title='bbox 494 4344 506 4356; x_wconf 95' lang='lat'><strong>.</strong></span> <span class='ocrx_word' id='word_1_361' title='bbox 530 4344 542 4357; x_wconf 90' lang='lat'><strong>.</strong></span> <span class='ocrx_word' id='word_1_362' title='bbox 573 4308 827 4358; x_wconf 88' lang='lat' dir='ltr'><strong>Henricus</strong></span> <span class='ocrx_word' id='word_1_363' title='bbox 855 4344 868 4357; x_wconf 94' lang='lat'><strong>.</strong></span> <span class='ocrx_word' id='word_1_364' title='bbox 893 4344 904 4357; x_wconf 90' lang='lat'><strong>.</strong></span> <span class='ocrx_word' id='word_1_365' title='bbox 931 4344 943 4357; x_wconf 90' lang='lat'><strong>.</strong></span> <span class='ocrx_word' id='word_1_366' title='bbox 973 4308 1168 4357; x_wconf 74' lang='lat' dir='ltr'><strong>devotas</strong></span> <span class='ocrx_word' id='word_1_367' title='bbox 1222 4308 1331 4356; x_wconf 88' lang='lat' dir='ltr'><strong>sub-</strong></span> <span class='ocrx_word' id='word_1_368' title='bbox 1420 4305 1587 4369; x_wconf 86' lang='lat'><strong>1589.]</strong></span> 
     </span>
     <span class='ocr_line' id='line_1_41' title="bbox 253 4367 2480 4436; baseline -0.002 -14"><span class='ocrx_word' id='word_1_369' title='bbox 253 4372 501 4435; x_wconf 84' lang='lat' dir='ltr'><strong>jectionis</strong></span> <span class='ocrx_word' id='word_1_370' title='bbox 575 4373 918 4436; x_wconf 87' lang='lat' dir='ltr'><strong>obsequium,&#39;&#39;</strong></span> <span class='ocrx_word' id='word_1_371' title='bbox 990 4378 1081 4421; x_wconf 88' lang='lat' dir='ltr'><strong>etc.</strong></span> <span class='ocrx_word' id='word_1_372' title='bbox 1106 4400 1171 4409; x_wconf 88' lang='lat'>—</span> <span class='ocrx_word' id='word_1_373' title='bbox 1198 4372 1328 4422; x_wconf 84' lang='lat' dir='ltr'><strong>Petr.</strong></span> <span class='ocrx_word' id='word_1_374' title='bbox 1482 4379 1507 4411; x_wconf 70' lang='lat'>⁸</span> <span class='ocrx_word' id='word_1_375' title='bbox 1542 4369 1706 4433; x_wconf 88' lang='lat' dir='ltr'><strong>[Vide</strong></span> <span class='ocrx_word' id='word_1_376' title='bbox 1743 4369 1921 4419; x_wconf 85' lang='lat' dir='ltr'><strong>Baron.</strong></span> <span class='ocrx_word' id='word_1_377' title='bbox 1949 4369 2086 4418; x_wconf 83' lang='lat' dir='ltr'><strong>Anu.</strong></span> <span class='ocrx_word' id='word_1_378' title='bbox 2109 4367 2241 4417; x_wconf 85' lang='lat' dir='ltr'><strong>Eccl.</strong></span> <span class='ocrx_word' id='word_1_379' title='bbox 2266 4367 2329 4417; x_wconf 88' lang='lat' dir='ltr'><strong>ad</strong></span> <span class='ocrx_word' id='word_1_380' title='bbox 2363 4382 2480 4417; x_wconf 84' lang='lat' dir='ltr'><strong>ann.</strong></span> 
     </span>
     <span class='ocr_line' id='line_1_42' title="bbox 266 4433 2479 4501; baseline -0.003 -15"><span class='ocrx_word' id='word_1_381' title='bbox 266 4437 406 4486; x_wconf 82' lang='lat' dir='ltr'><strong>Bles.</strong></span> <span class='ocrx_word' id='word_1_382' title='bbox 446 4436 535 4501; x_wconf 83' lang='lat' dir='ltr'><strong>Ep.</strong></span> <span class='ocrx_word' id='word_1_383' title='bbox 564 4439 770 4487; x_wconf 80' lang='lat' dir='ltr'><strong>cxxxvi.</strong></span> <span class='ocrx_word' id='word_1_384' title='bbox 804 4436 939 4501; x_wconf 90' lang='lat' dir='ltr'><strong>apud</strong></span> <span class='ocrx_word' id='word_1_385' title='bbox 977 4436 1157 4486; x_wconf 80' lang='lat' dir='ltr'><strong>Baton.</strong></span> <span class='ocrx_word' id='word_1_386' title='bbox 1196 4440 1329 4486; x_wconf 86' lang='lat' dir='ltr'><strong>Anu.</strong></span> <span class='ocrx_word' id='word_1_387' title='bbox 1421 4436 1563 4486; x_wconf 85' lang='lat'><strong>1177.</strong></span> <span class='ocrx_word' id='word_1_388' title='bbox 1604 4450 1743 4483; x_wconf 89' lang='lat' dir='ltr'><strong>num.</strong></span> <span class='ocrx_word' id='word_1_389' title='bbox 1767 4435 1925 4484; x_wconf 83' lang='lat' dir='ltr'><strong>lxxvi.</strong></span> <span class='ocrx_word' id='word_1_390' title='bbox 1951 4435 2202 4493; x_wconf 78' lang='lat' dir='ltr'><strong>lxxxvii.;</strong></span> <span class='ocrx_word' id='word_1_391' title='bbox 2244 4438 2364 4483; x_wconf 81' lang='lat' dir='ltr'><strong>tom.</strong></span> <span class='ocrx_word' id='word_1_392' title='bbox 2389 4433 2479 4481; x_wconf 87' lang='lat' dir='ltr'><strong>xii.</strong></span> 
     </span>
     <span class='ocr_line' id='line_1_43' title="bbox 264 4499 1681 4631; baseline 0 -82"><span class='ocrx_word' id='word_1_393' title='bbox 264 4501 482 4617; x_wconf 46' lang='grc' dir='ltr'><strong>Ειίεἰδὲιὲἰ</strong></span> <span class='ocrx_word' id='word_1_394' title='bbox 495 4518 627 4631; x_wconf 64' lang='lat' dir='ltr'><strong>lanu.</strong></span> <span class='ocrx_word' id='word_1_395' title='bbox 646 4503 790 4553; x_wconf 86' lang='grc'><strong>1173.</strong></span> <span class='ocrx_word' id='word_1_396' title='bbox 816 4516 957 4551; x_wconf 88' lang='lat' dir='ltr'><strong>num.</strong></span> <span class='ocrx_word' id='word_1_397' title='bbox 977 4503 1077 4563; x_wconf 86' lang='lat' dir='ltr'><strong>ix.;</strong></span> <span class='ocrx_word' id='word_1_398' title='bbox 1104 4506 1225 4551; x_wconf 81' lang='lat' dir='ltr'><strong>tom.</strong></span> <span class='ocrx_word' id='word_1_399' title='bbox 1242 4502 1329 4551; x_wconf 87' lang='lat' dir='ltr'><strong>xii.</strong></span> <span class='ocrx_word' id='word_1_400' title='bbox 1420 4499 1512 4549; x_wconf 88' lang='lat' dir='ltr'><strong>col.</strong></span> <span class='ocrx_word' id='word_1_401' title='bbox 1539 4499 1681 4563; x_wconf 67' lang='lat'><strong>732]</strong></span> 
     </span>
     <span class='ocr_line' id='line_1_44' title="bbox 262 4582 487 4616; baseline -0.022 0"><span class='ocrx_word' id='word_1_402' title='bbox 262 4582 323 4616; x_wconf 82' lang='lat' dir='ltr'><strong>co</strong></span> <span class='ocrx_word' id='word_1_403' title='bbox 480 4608 487 4611; x_wconf 81' lang='grc'><strong>.</strong></span> 
     </span>
    </p>
   </div>
  </div>
 </body>
</html>
