3165 4959
916 319 1280 368 stomoma
1324 320 1689 369 REsPoNsm.
2276 308 2405 370 429

202 471 377 556 quod
413 473 740 554 yroecissat
772 471 932 554 jam,
963 478 1030 535 et
1071 477 1270 536 sortes
1301 471 1456 550 adit,
1488 471 1787 535 nonnihil
1816 471 2093 536 haeresin
2119 471 2188 535 id
2218 473 2403 556 sapit.

206 576 337 639 Sed
364 575 608 638 frustra
634 581 854 638 tamen
884 573 980 637 illi
1010 575 1133 638 hoc
1162 574 1366 639 cedet.
1459 574 1580 639 Cui
1619 573 1794 638 enim
1832 574 1902 637 id
1947 597 2104 639 sano
2148 596 2406 658 persua·
2520 581 2649 642 310

203 678 383 743 debit
424 699 728 761 unquam,
777 685 921 760 post
965 684 1216 741 oratum
1248 678 1485 756 Deum,
1516 685 1592 741 ut
1635 683 1804 741 sorte
1846 678 2056 762 (quem
2097 679 2411 763 eleqisset)

202 782 594 851 ostenderet‚·
640 800 789 843 cum
820 779 888 843 id
922 785 1140 843 autem
1170 780 1512 844 manifesto
1542 782 1910 844 ostendisset
1940 782 2138 861 DeuS,
2169 782 2410 845 viritim

204 884 298 949 ibi
329 884 597 948 collecta
623 882 932 965 suffiayia
956 910 977 957 ;
1009 904 1094 947 an
1124 883 1296 967 quod
1316 884 1496 948 Deus
1526 884 1653 948 sibi
1680 885 1932 967 plaeere
1962 885 2410 969 significasset,

205 988 274 1051 id
335 976 550 1051 ratum
608 987 942 1050 irritumve
1017 994 1234 1050 essent
1304 987 1594 1051 habituri
1622 990 1651 1050 ¹?
1754 988 1953 1052 Cuive
2027 988 2223 1052 etiam
2290 989 2414 1052 hoc

213 1092 669 1173 Chrysostomo,
721 1090 1213 1171 Chrysostomive
1251 1091 1600 1173 intmpreti,
1633 1092 2101 1171 proeelectiones
2138 1092 2315 1171 istas,
2349 1099 2415 1156 et

196 1195 691 1276 postelectioues,
723 1200 788 1257 et
829 1194 1307 1257 semielectiones
1343 1194 1724 1273 cardinalis,
1753 1196 1997 1277 partim
2037 1216 2117 1258 eoe
2161 1197 2416 1259 consilio

197 1300 485 1379 proprio,
505 1297 748 1378 partim
788 1316 867 1358 eoe
893 1298 1154 1359 sortium
1185 1298 1444 1378 auoeilio,
1476 1298 1577 1362 vel
1614 1320 1730 1382 per
1769 1298 2089 1363 somnium
2128 1321 2415 1381 unquam

211 1402 465 1465 venisse
493 1401 565 1463 in
592 1407 880 1464 mentem
901 1399 931 1461 Ῥ
1000 1400 1248 1463 Mirum
1278 1408 1518 1476 autem,
1543 1401 1613 1464 ni
1644 1423 1722 1465 ex
1750 1401 1892 1466 loco
1923 1401 2135 1479 simili,
2159 1403 2308 1465 Act.
2330 1424 2415 1480 x.,

210 1506 326 1569 ubi
357 1504 437 1567 de
458 1488 718 1587 reliquis
739 1503 1068 1588 Apostolis
1091 1503 1326 1567 dicitur
1354 1502 2121 1591 προκεχειροτονημένους
2143 1514 2169 1542 ¹
2199 1503 2416 1584 fuisse,

211 1616 278 1673 et
323 1607 393 1670 id
437 1628 692 1691 quoque
728 1606 1088 1671 Cardinalis
1128 1607 1464 1690 exprimat,
1500 1629 1586 1671 ne
1628 1609 1914 1670 undecim
1958 1607 2238 1691 quidem,
2278 1607 2418 1670 sine

205 1712 504 1793 populari
530 1709 854 1792 suffiayio,
885 1717 952 1773 et
978 1708 1344 1796 χειροτονίᾳ
1374 1711 1674 1776 delectos.
1722 1710 2040 1774 Matthias
2066 1711 2419 1794 Apostolus

213 1819 356 1878 erat
377 1838 397 1890 3
428 1812 574 1875 Nou
604 1832 757 1895 ergo
787 1812 866 1874 ab
892 1813 1257 1891 hominibus,
1275 1815 1374 1875 vel
1388 1834 1513 1895 per
1538 1815 1815 1877 homines
1831 1815 1856 1852 Υ
1884 1842 1903 1875 .·
1945 1814 2048 1876 Ab
2078 1815 2421 1877 hominibus

215 1925 438 1981 autem
459 1922 649 1995 esset,
675 1915 728 1979 si
757 1915 1096 1980 hominum
1126 1915 1446 1999 suffragiis
1475 1917 1718 1981 electus
1749 1924 1958 1994 esset3
1994 1917 2163 2001 quod
2186 1916 2419 1996 videat,

216 2044 304 2084 an
344 2042 423 2084 ex
470 2020 898 2082 Grammatico
927 2019 1129 2103 possit
1160 2029 1225 2084 et
1255 2021 1425 2084 vocis
1456 2021 1555 2085 vi:
1605 2043 1684 2085 ex
1738 2021 2069 2103 Theoloyia
2110 2042 2421 2102 nunquam

216 2123 473 2209 poterit.
565 2121 695 2186 Sed
723 2122 835 2186 ubi
865 2122 960 2186 illi
995 2123 1324 2205 Theoloyia
1354 2123 1609 2203 desinit,
1648 2124 2078 2187 Grammatico
2108 2124 2352 2208 incipit.

285 2279 430 2328 Sorte
453 2314 465 2327 .
492 2313 504 2325 .
528 2314 540 2326 .
563 2277 751 2327 electus
773 2280 850 2327 est
872 2275 1008 2337 Saul,
1031 2280 1090 2326 ut
1123 2276 1330 2327 haberet
1360 2277 1576 2341 populus
1603 2278 1806 2340 signum
1840 2277 2030 2326 divinae
2056 2276 2348 2336 voluntatis,
2370 2280 2422 2325 et

346 2361 533 2409 seirent
562 2358 674 2423 [leq.
696 2356 881 2421 sciret}
905 2372 1055 2422 quem
1088 2363 1201 2408 tuto
1222 2359 1424 2420 eligere,
1448 2359 1579 2407 etin
1603 2371 1752 2420 quem
1776 2361 2077 2420 potestatem
2101 2371 2243 2407 suam
2264 2360 2423 2406 trans·

349 2442 479 2494 serre
514 2456 682 2492 secure
720 2445 925 2505 possent
960 2440 1070 2507 [leq.
1094 2440 1356 2505 posset].-
1368 2438 1518 2505 [Bell.
1543 2440 1691 2505 Apol.
1726 2454 1818 2504 pro
1853 2438 2022 2504 Resp]
2063 2454 2109 2503 p.
2137 2440 2246 2491 175.
2289 2438 2421 2505 [Op.,

351 2517 477 2575 t'om.
499 2525 586 2574 vii.
609 2525 702 2574 eol.
729 2527 839 2575 803.
865 2523 950 2588 A.]

312 2625 396 2687 In
440 2623 631 2687 Saule
678 2622 936 2736 quidem
977 2643 1077 2685 res
1118 2628 1218 2685 est
1255 2620 1465 2685 adhuc
1500 2620 1747 2699 clarior,
1791 2621 1903 2685 sed
1943 2627 2167 2684 contra
2195 2620 2418 2686 Cardi-
2449 2633 2597 2698 [Saul

218 2726 478 2804 nalem;
509 2732 586 2789 ut
614 2725 821 2788 multa
849 2724 908 2788 ei
938 2725 1124 2808 proin
1152 2724 1460 2808 fingenda
1487 2723 1750 2803 fuerint,
1773 2725 1979 2787 multa
1997 2745 2200 2804 secu8,
2227 2746 2419 2807 quam
2445 2698 2673 2761 ⁰¹⁰⁰¹¹¹³’]

219 2830 294 2893 in
352 2835 657 2892 contextu
710 2834 884 2905 sunt,
945 2826 1298 2892 referenda.
1395 2827 1586 2891 Unde
1646 2828 1819 2891 enim
1879 2827 1947 2890 id
1997 2827 2112 2906 illi,
2161 2828 2291 2891 nisi
2344 2849 2421 2891 ex

220 2932 485 2997 cerebro
546 2931 670 2995 sibi
729 2952 844 2995 suo
859 2932 889 2993 ¹?
991 2931 1242 2994 Saulem
1293 2931 1430 2993 ideo
1482 2936 1651 2994 sorte
1708 2932 1983 3008 electum,
2044 2937 2115 2993 ut
2171 2931 2423 2994 liaberet

206 3037 484 3118 populus
512 3036 756 3118 signum
786 3035 1009 3097 divinoe
1053 3035 1410 3114 voluntatis,
1443 3040 1504 3098 et
1531 3036 1784 3113 scirent,
1816 3055 1989 3116 quem
2022 3041 2153 3098 tuto
2184 3036 2427 3117 eliyere,

221 3146 286 3203 et
333 3141 402 3202 in
441 3160 617 3221 quem
649 3144 1025 3219 potestatem
1069 3159 1248 3201 suam
1287 3138 1636 3220 transferre
1675 3145 1807 3202 tuto
1840 3144 2118 3220 possent.
2212 3139 2432 3203 Gratis

221 3244 534 3307 dicuntur
555 3244 712 3308 haec.
803 3244 979 3307 Nam
1005 3243 1108 3307 vel
1138 3264 1217 3306 ex
1245 3242 1384 3327 ipsa
1410 3244 1573 3326 lege,
1600 3265 1736 3307 non
1766 3242 2097 3326 eligendus
2128 3266 2167 3308 a
2194 3244 2430 3328 populo

224 3349 388 3426 Rex,
422 3346 532 3411 sed
554 3345 890 3431 ponendus
911 3347 1020 3411 ille
1048 3368 1234 3428 super
1255 3367 1340 3424 se,
1366 3368 1540 3428 quem
1557 3348 1864 3409 Dominus
1886 3348 2057 3410 Deus
2082 3349 2364 3429 elegisset
2383 3359 2428 3410 ².

222 3450 480 3515 Eleetio
516 3449 641 3514 Dei
670 3456 808 3513 erat
835 3474 849 3512 :
896 3450 1107 3513 Electi
1139 3470 1328 3532 super
1357 3470 1425 3512 se
1455 3449 1705 3532 positio,
1736 3449 1976 3532 populi.
2064 3450 2223 3513 Non
2255 3450 2429 3512 enim

223 3553 402 3630 dicit,
437 3553 585 3635 Ipse
624 3561 771 3635 post
811 3553 1018 3634 eliges,
1066 3573 1257 3635 quem
1303 3550 1625 3615 Dominus
1659 3553 2004 3633 praeeleyit,
2037 3551 2430 3634 (quanquam

220 3656 294 3720 id
324 3655 534 3720 verius
565 3656 893 3738 desiynare
923 3663 1109 3734 esset,
1142 3656 1242 3718 vel
1279 3655 1620 3730 nominare,
1654 3675 1848 3737 quam
1888 3653 2290 3738 praeeligere)
2319 3652 2431 3718 sed

223 3781 376 3823 eum
408 3759 761 3837 constitues,
795 3779 970 3840 quem
1000 3759 1304 3821 Dominus
1333 3758 1505 3820 Deus
1535 3763 1679 3820 tuus
1705 3757 1977 3839 elegerit.

312 3863 501 3940 Tum,
537 3883 673 3925 non
718 3861 976 3925 aliunde
1015 3860 1196 3940 illud,
1244 3860 1415 3944 quod
1461 3866 1745 3943 potestas
1792 3858 2012 3943 populi
2054 3860 2126 3923 in
2174 3861 2432 3923 Saulem
2456 3873 2698 4002 ἑκιιιοῖιοξζ

222 3966 542 4030 translata
571 3964 677 4042 sit,
708 3984 904 4047 penes
936 3986 1127 4046 quem
1157 3965 1421 4029 omnino
1450 3963 1650 4042 nulla,
1683 3985 1877 4046 quam
1912 3963 2259 4027 transferre
2288 3985 2431 4046 pos·
2456 4001 2715 4064 cessione]

226 4077 365 4134 set:
415 4068 735 4131 Samuelis
765 4067 1002 4150 potiuS,
1036 4068 1205 4150 apud
1237 4088 1428 4150 quem
1458 4073 1743 4149 potestas
1781 4067 2012 4144 omniS,
2058 4066 2431 4150 priusquam

230 4172 392 4237 Saul
429 4171 500 4234 in
548 4173 792 4255 Regem
839 4171 1051 4235 datust.
1142 4172 1298 4234 Non
1344 4170 1517 4234 enim
1555 4169 1733 4233 Mosi
1776 4169 2115 4252 quicquam
2159 4170 2432 4253 populus

225 4358 322 4420 pro
335 4341 898 4402 authentieahabeatur,
912 4347 971 4392 ut
983 4357 1132 4393 nemo
1148 4342 1291 4392 illam
1379 4341 1597 4391 brorum.
1601 4338 1817 4389 —Cone.
1842 4343 1962 4388 tom.
1986 4340 2087 4390 xiV.
2112 4338 2292 4404 1³..747
2307 4338 2388 4402 Β.]

227 4408 436 4471 rejicere
476 4408 655 4470 quovis
699 4412 950 4470 praetextu
995 4407 1178 4458 audeat
1211 4407 1292 4456 vel
1533 4406 1646 4453 Act.
1668 4405 1782 4468 Apo
1783 4409 1844 4453 st.
1868 4419 1916 4452 x.
1944 4404 2043 4469 46.]

226 4472 599 4537 praesumatf-
547 4471 764 4521 -Conc,
784 4472 919 4522 Trid.
940 4473 1065 4523 Sess-
1085 4471 1175 4521 1V.
1200 4472 1291 4521 De-
1534 4469 1698 4519 Gali.
1721 4472 1763 4517 1.
1716 4419 1794 4531 po]

227 4542 352 4588 eret.
379 4536 441 4587 de
460 4536 699 4587 Editione
720 4542 773 4587 et.
792 4536 898 4588 Usu
925 4537 1188 4588 Sacrorum
1213 4536 1293 4585 Li·
1581 4539 1652 4583 ut.
1677 4534 1801 4586 xvii.
1821 4536 1896 4585 15.
