3165 4959
393 1258 492 1324 [De
517 1256 669 1307 Cleri-

395 1337 568 1373 comm
590 1336 670 1373 ΘΧ·

389 1387 691 1452 emptione,]

399 2898 611 2978 [seuu-
651 2964 665 2978 .

397 2980 526 3014 mim
548 2980 686 3015 novi-

396 3027 563 3092 tates]

487 3610 613 3676 136

710 328 835 393 178
1330 342 1417 390 m
1462 341 1846 391 cmmuas
1889 340 2289 389 Bmmm1

708 494 891 559 dari?
961 494 1206 575 Voluit,
1240 497 1442 558 occidi
1482 498 1761 574 VenetoS,
1794 496 2137 560 Confrater
2165 496 2303 579 ejus
2344 495 2532 577 (ως-ηε
2561 496 2630 557 in
2658 516 2726 557 eo
2741 496 2917 576 piu-3,

709 619 788 662 ac
818 600 1053 677 doctus,
1084 606 1318 663 neuter
1347 599 1570 682 enim,)
1606 600 1811 663 voluit
1842 600 2043 663 occidi
2069 626 2090 661 .·
2138 598 2271 676 secl,
2303 597 2472 661 Ecce
2508 598 2629 660 duo
2667 599 2922 678 yladii⁸

713 724 847 766 non
898 707 1119 765 erant:
1183 723 1316 765 uno
1368 708 1588 765 autem
1631 722 1732 764 res
1785 702 2015 765 confici
2067 723 2200 764 non
2249 700 2482 783 potuit.
2602 700 2920 764 Censores

714 806 889 868 enim
941 812 1216 888 egerunt
1261 805 1500 868 Veneti
1540 806 1845 869 Censurae
1885 805 2232 886 Pontfficiae
2253 832 2273 867 .·
2322 810 2519 888 atque
2563 803 2677 882 ita,
2731 806 2923 867 ruina

714 910 844 971 Izoec
871 907 983 970 sub
1012 929 1200 971 manu
1229 906 1410 988 qjusb.

781 1057 1083 1121 Digreditur
1104 1059 1288 1111 deinde
1311 1057 1421 1109 Rex
1442 1060 1552 1109 sine
1584 1059 1688 1109 ulla
1712 1073 1860 1109 causa
1888 1096 1901 1110 .
1939 1097 1952 1111 .
1988 1097 2000 1110 .
2037 1059 2100 1109 sd
2131 1060 2506 1123 exemptionem
2530 1057 2924 1110 elericorum.—

846 1139 994 1204 [Bell.
1019 1140 1170 1203 Apol.
1194 1149 1284 1203 pro
1307 1138 1476 1203 Respa
1500 1154 1549 1205 p.
1567 1141 1645 1192 57.
1670 1139 1807 1203 [Op.,
1830 1144 1950 1190 tom.
1965 1140 2055 1191 vii.
2077 1141 2169 1190 col.
2195 1141 2305 1193 736.
2332 1136 2413 1203 Β.]

801 1241 946 1304 Nec
986 1247 1086 1304 est
1124 1240 1237 1303 illa
1281 1240 1617 1323 diyressioe
1638 1268 1657 1302 .·
1705 1261 1845 1319 nec,
1888 1241 1940 1303 si
1994 1247 2181 1319 esset,
2222 1242 2356 1302 sine
2402 1259 2592 1302 causa
2636 1246 2807 1303 esset
2848 1239 2924 1301 de

725 1344 985 1406 Clericis
1014 1343 1333 1423 eoeemptis,
1366 1364 1449 1406 ne
1483 1343 1737 1425 Regum
1784 1342 2025 1406 subditi
2065 1342 2214 1421 sint,
2248 1364 2521 1426 quorum
2565 1342 2636 1405 in
2676 1342 2923 1405 ditione

718 1447 874 1510 nati.
935 1447 1260 1529 Diyressio
1293 1467 1428 1509 non
1458 1451 1577 1508 est.
1667 1446 1958 1510 Pertinet
1988 1446 2160 1509 enim
2193 1447 2275 1510 ad
2302 1447 2470 1510 hanc
2489 1446 2822 1511 Pontificis
2853 1447 2923 1509 in

722 1553 934 1633 Reges
975 1556 1361 1633 potestatem
1407 1549 1785 1628 augendam,
1835 1550 2087 1632 Regum
2133 1571 2283 1614 vero
2329 1551 2400 1613 in
2439 1571 2588 1614 suos
2623 1551 2922 1613 minuen-

721 1655 909 1719 dam:
958 1655 1013 1717 si
1044 1654 1468 1730 subditorum,
1498 1654 1568 1716 in
1600 1674 1853 1735 quoque
1896 1675 2118 1737 regnO,
2150 1650 2341 1718 tertia
2382 1677 2528 1738 pars
2571 1676 2718 1718 vere
2751 1656 2921 1719 Pon-

720 1758 913 1822 tifieis
972 1756 1214 1821 subditi
1273 1756 1425 1834 sint,
1495 1756 1750 1838 Regum
1825 1777 2084 1820 suorum
2142 1779 2276 1822 non
2336 1758 2487 1836 sint,
2546 1759 2681 1821 sine
2732 1779 2925 1822 causa

721 1883 854 1926 non
899 1867 1015 1925 est.
1107 1861 1271 1927 Quae
1322 1858 1495 1922 enim
1545 1860 1756 1942 Reges
1804 1880 1996 1923 causa
2040 1860 2244 1943 magis
2292 1860 2576 1942 attingit,
2609 1882 2802 1944 quam
2849 1869 2925 1925 ut

723 1966 947 2044 sciant,
981 1972 1136 2048 quot
1170 1964 1413 2028 habent
1457 1964 1529 2026 in
1574 1965 1803 2046 Regno
1837 1963 2137 2042 clericos,
2170 1970 2267 2027 tot
2305 1962 2543 2028 habere
2589 1965 2925 2028 Pontificis

721 2070 1034 2149 subditos,
1068 2092 1199 2134 non
1230 2069 1426 2134 suos?
1471 2091 1622 2133 suos
1653 2077 1890 2149 autem,
1917 2068 1996 2132 de
2025 2092 2158 2133 non
2189 2070 2485 2149 subditis,
2516 2071 2734 2135 hostes
2765 2094 2923 2155 quo-

722 2195 867 2257 que,
915 2174 971 2237 si
1016 2174 1217 2257 digito
1258 2172 1557 2238 Pontifex
1597 2172 2041 2256 concrepuerit
2069 2174 2099 2236 ’Β
2170 2174 2530 2256 Conyressio
2585 2197 2737 2258 ergo
2786 2177 2926 2240 haec

720 2282 840 2352 cst,
873 2282 1066 2358 atque
1095 2276 1266 2338 intra
1311 2295 1510 2339 causae
1553 2274 1753 2358 ipsius
1795 2276 2055 2355 viscera,
2087 2276 2302 2359 potius
2349 2299 2542 2360 quam
2572 2279 2705 2341 sine
2734 2300 2926 2342 causa

723 2378 1046 2459 diyressiO.

789 2533 942 2591 Quasi
964 2548 1082 2583 vero
1105 2533 1223 2599 [leg.
1248 2534 1407 2598 ultro]
1430 2548 1621 2584 novum
1643 2534 1840 2598 aliquid
1870 2516 1979 2598 ipse
2007 2536 2266 2599 scripserit
2299 2536 2363 2586 de
2386 2535 2695 2586 Clericorum
2727 2549 2932 2600 exemp-

852 2617 1007 2675 tione,
1030 2620 1083 2666 et
1114 2630 1219 2665 non
1252 2618 1421 2680 potius
1453 2615 1523 2675 id,
1559 2616 1693 2680 quod
1723 2615 1963 2666 Doctores
1995 2632 2170 2666 omnes
2194 2617 2225 2665 J
2232 2618 2335 2666 uris
2357 2617 2521 2666 divini
2542 2621 2693 2681 atque
2716 2618 2932 2668 humani

854 2698 1052 2760 docent,
1086 2698 1197 2761 ipsa
1228 2700 1385 2749 etiam
1418 2697 1660 2760 Concilia,
1699 2699 1926 2762 sacrique
1959 2697 2186 2749 Oenones
2218 2698 2636 2764 jubent—[Bell.
2660 2698 2811 2765 Apol.
2838 2715 2932 2765 pro

856 2776 1024 2843 Resp]
1056 2793 1104 2842 p.
1131 2778 1208 2831 67.
1243 2778 1355 2842 Op„
1377 2783 1498 2830 tom.
1517 2780 1605 2829 vii.
1629 2779 1722 2828 col.
1747 2778 1861 2832 736.
1886 2777 1967 2842 Β.]

810 2882 904 2946 At
933 2883 1097 2946 nihil
1125 2890 1346 2947 tamen
1374 2884 1479 2949 hic
1502 2906 1724 2949 novum
1746 2884 2016 2968 scripsit.
2077 2885 2358 2949 Metitur
2388 2885 2561 2949 enim
2592 2888 2932 2950 novitatem

723 3006 906 3048 suam
938 2985 1018 3048 ad
1057 2992 1279 3049 nostra
1319 2987 1477 3065 haec,
1524 3009 1659 3051 non
1688 2988 2144 3071 Apostolorum
2196 2988 2446 3068 saecula,
2486 3009 2760 3072 quorum
2800 2990 2925 3073 (uti

722 3087 923 3171 novit)
958 3088 1375 3169 temporibus»,
1421 3089 1671 3152 subdita
1715 3090 1808 3153 eis
1851 3098 1988 3153 erat
2028 3093 2224 3154 omnis
2258 3093 2487 3171 anima,
2533 3093 2723 3155 etiam
2752 3094 2931 3176 Apo-

720 3191 888 3268 stoli,
939 3191 1127 3253 etiam
1174 3191 1611 3273 Evanyelistoe,
1656 3193 1779 3256 nisi
1826 3195 2060 3259 erravit
2112 3193 2662 3280 Chrysostomus‘l.
2756 3200 2932 3262 Cum

721 3301 1028 3377 usurpata
1057 3294 1248 3379 Papae
1278 3294 1347 3358 in
1377 3295 1709 3380 Principes
1749 3304 2065 3381 potestate
2105 3299 2399 3379 adolevit,
2448 3300 2503 3363 si
2551 3300 2632 3363 ad
2663 3308 2932 3367 aetatem

723 3404 1010 3462 nostram
1056 3397 1440 3477 conferatur,
1472 3405 1648 3462 vetus
1687 3421 1865 3489 error
1884 3428 1905 3465 .·
1953 3402 2006 3465 si
2047 3402 2129 3466 ad
2157 3403 2493 3468 veritatem
2532 3403 2931 3487 primaevam,

725 3524 896 3566 mera
937 3505 1180 3567 novitas
1199 3530 1218 3567 .·
1266 3504 1412 3569 Nec
1447 3503 1516 3566 in
1555 3525 1632 3568 eo
1670 3512 1890 3569 tamen
1935 3527 2142 3569 omnes
2168 3509 2349 3570 Juris
2392 3507 2589 3570 divini
2623 3509 2936 3574 Doctores

726 3607 1166 3687 consentiunt,
1197 3628 1281 3671 ne
1326 3609 1579 3671 humani
1629 3608 1923 3692 quidem:
1982 3609 2084 3691 (de
2128 3631 2256 3692 quo
2285 3611 2555 3674 Tortum
2598 3613 2860 3675 monui⁰
2884 3615 2926 3698 :)

729 3712 995 3791 nedum,
1027 3720 1103 3776 ut
1133 3711 1201 3775 id
1233 3713 1581 3777 statuerint
1618 3714 1897 3777 Com-ilia
1927 3714 2152 3797 prisca,
2187 3715 2446 3779 Sam-ive
2481 3716 2784 3781 Canones.

794 3910 816 3934 ⁸
865 3902 1012 3966 [Luc.
1048 3904 1174 3953 xxii.
1211 3906 1273 3954 38
1300 3921 1314 3964 ;
1363 3908 1416 3954 et·
1447 3904 1576 3954 conf.
1615 3903 1780 3953 Bonis.
1867 3906 1970 3953 τοῖς
1989 3907 2231 3960 βιωτικοῖς
2256 3903 2417 3965 μόνον,
2440 3907 2497 3955 ἐκ
2530 3905 2782 3971 προοιμίων
2814 3910 2944 3958 αὐτὸ

731 3966 881 4017 VIII.
915 3973 946 3996 “
965 3967 1186 4031 Uterque
1218 3984 1338 4030 ergo
1360 3971 1512 4018 estin
1534 3973 1783 4033 potestate
1868 3968 2013 4018 τοῦτο
2067 3971 2214 4026 δῆλον
2266 3970 2504 4031 ἐποίησεν,
2571 3970 2696 4019 οὕτω
2750 3970 2942 4035 λέγων·

733 4032 985 4090 Ecclesioe,
1020 4034 1303 4094 spiritualis
1337 4035 1531 4083 scilicet
1564 4033 1780 4097 gladius,
1870 4036 2034 4082 Πᾶσα
2078 4032 2236 4096 ψυχή
2281 4036 2578 4097 ἐξουσίαις
2613 4038 2943 4100 ὑπερεχού-

732 4101 784 4144 et
828 4097 1421 4147 materialis.”—Extrav.
1460 4099 1599 4148 Com.
1634 4099 1722 4147 lib.
1748 4099 1782 4147 i.
1870 4117 2001 4148 σαις
2046 4097 2488 4150 ὑποτάσσεσθαι·
2533 4098 2627 4162 κᾷν
2659 4100 2946 4154 ἀπόστολος

732 4161 814 4209 tit.
872 4159 987 4211 ‘De
1042 4162 1262 4224 majorit.
1307 4167 1360 4213 et
1402 4163 1560 4213 obed!
1607 4177 1711 4225 cap.
1748 4163 1785 4212 i.
1868 4159 1944 4228 ᾖς,
1991 4161 2086 4227 κᾷν
2127 4164 2498 4226 chrysam-nb,
2537 4164 2634 4278 ’τῇ
2666 4168 2944 4229 προφήτης.

734 4229 749 4250 ‘
772 4226 934 4275 Unam
963 4231 1189 4275 sanctam
1208 4228 1238 4287 ;’
1283 4228 1339 4276 in
1370 4227 1458 4278 lib.
1493 4227 1696 4278 Extrav.
1734 4242 1781 4290 p.
1879 4225 1973 4290 κᾷν
2000 4229 2357 4278 &matroon—S.
2383 4229 2555 4293 Chrys.
2638 4243 2736 4279 om.
2760 4232 2944 4296 xxiii]

733 4289 1200 4404 ἳοὲἜοριιςζᾩὲτρ.
1226 4292 1258 4342 J
1262 4307 1335 4343 ur.
1362 4292 1482 4344 Can.
1519 4298 1641 4343 tom.
1667 4293 1770 4356 iii.]
1880 4291 1936 4405 {n
1958 4292 2158 4422 xii7i.]ad
2181 4292 2325 4344 Rom.
2350 4293 2484 4358 [Op.,
2505 4299 2631 4344 tom.
2649 4294 2725 4344 iii.
2749 4311 2799 4359 p.
2822 4300 2943 4347 189.

899 4369 965 4403 sa.
993 4370 1066 4403 111.
1126 4391 1137 4404 .
1903 4371 1972 4406 ln.
2056 4393 2068 4405 .

797 4426 818 4448 θ
857 4417 1019 4480 [Vide
1045 4418 1244 4470 Proefat.
1268 4420 1453 4471 Monit.
1488 4438 1535 4485 p.
1560 4421 1668 4487 28.]
1945 4430 1967 4453 θ
2003 4420 2158 4486 [Vide
2194 4422 2390 4472 Tortor.
2429 4424 2588 4482 'Por-ti,
2627 4438 2712 4488 pp.
2750 4428 2944 4477 389—-

795 4480 817 4511 ‘¹
854 4481 967 4544 [Καὶ
991 4484 1175 4534 δεικνὺς
1197 4486 1272 4534 ὅτι
1293 4488 1411 4534 πᾶσι
1432 4490 1588 4536 ταῦτα
1609 4486 1796 4537 διατᾶτ-
1881 4488 1990 4534 394.
2028 4485 2187 4537 Lond.
2225 4491 2384 4549 1609„
2419 4494 2469 4540 et
2504 4489 2642 4540 Edit.
2677 4496 2838 4541 nostr.
2882 4492 2946 4541 in

729 4561 883 4602 πται,
920 4546 1002 4595 καὶ
1057 4546 1248 4609 ἱερεῦσι,
1286 4550 1366 4599 καὶ
1401 4555 1648 4614 μοναχοΐς,
1683 4552 1793 4613 οὐχὶ
1878 4550 2067 4613 marg]
