<?xml version="1.0" encoding="UTF-8"?>
<!DOCTYPE html PUBLIC "-//W3C//DTD XHTML 1.0 Transitional//EN"
    "http://www.w3.org/TR/xhtml1/DTD/xhtml1-transitional.dtd">
<html xmlns="http://www.w3.org/1999/xhtml" xml:lang="en" lang="en">
 <head>
  <title>
</title>
<meta http-equiv="Content-Type" content="text/html;charset=utf-8" />
  <meta name='ocr-system' content='tesseract 3.04.00' />
  <meta name='ocr-capabilities' content='ocr_page ocr_carea ocr_par ocr_line ocrx_word'/>
</head>
<body>
  <div class='ocr_page' id='page_1' title='image "./responsioadapol01andrgoog_0489.png"; bbox 0 0 3165 4959; ppageno 0'>
   <div class='ocr_carea' id='block_1_1' title="bbox 946 350 2434 413">
    <p class='ocr_par' dir='ltr' id='par_1_1' title="bbox 946 350 2434 413">
     <span class='ocr_line' id='line_1_1' title="bbox 946 350 2434 413; baseline 0 -2"><span class='ocrx_word' id='word_1_1' title='bbox 946 363 1311 411; x_wconf 61' lang='lat' dir='ltr'>stomoma</span> <span class='ocrx_word' id='word_1_2' title='bbox 1357 364 1722 413; x_wconf 75' lang='lat' dir='ltr'>RESPONSIO.</span> <span class='ocrx_word' id='word_1_3' title='bbox 2305 350 2434 412; x_wconf 86' lang='lat'>453</span> 
     </span>
    </p>
   </div>
   <div class='ocr_carea' id='block_1_2' title="bbox 222 510 2445 2426">
    <p class='ocr_par' dir='ltr' id='par_1_2' title="bbox 222 510 2445 2426">
     <span class='ocr_line' id='line_1_2' title="bbox 321 510 2439 602; baseline 0.003 -27"><span class='ocrx_word' id='word_1_4' title='bbox 321 510 493 578; x_wconf 83' lang='lat' dir='ltr'>Vide</span> <span class='ocrx_word' id='word_1_5' title='bbox 521 535 691 594; x_wconf 85' lang='lat' dir='ltr'>ver0,</span> <span class='ocrx_word' id='word_1_6' title='bbox 723 537 806 580; x_wconf 91' lang='lat' dir='ltr'>ne</span> <span class='ocrx_word' id='word_1_7' title='bbox 842 516 897 579; x_wconf 86' lang='lat' dir='ltr'>si</span> <span class='ocrx_word' id='word_1_8' title='bbox 940 519 1168 580; x_wconf 82' lang='lat' dir='ltr'>malum</span> <span class='ocrx_word' id='word_1_9' title='bbox 1212 520 1422 582; x_wconf 82' lang='lat' dir='ltr'>Romae</span> <span class='ocrx_word' id='word_1_10' title='bbox 1450 520 1835 583; x_wconf 83' lang='lat' dir='ltr'>vaticinatus</span> <span class='ocrx_word' id='word_1_11' title='bbox 1879 519 1962 583; x_wconf 90' lang='lat' dir='ltr'>sit</span> <span class='ocrx_word' id='word_1_12' title='bbox 2005 520 2084 583; x_wconf 84' lang='lat' dir='ltr'>ab</span> <span class='ocrx_word' id='word_1_13' title='bbox 2127 520 2439 602; x_wconf 82' lang='lat' dir='ltr'><em>Aquilone</em></span> 
     </span>
     <span class='ocr_line' id='line_1_3' title="bbox 227 616 2436 705; baseline 0.003 -27"><span class='ocrx_word' id='word_1_14' title='bbox 227 624 302 678; x_wconf 90' lang='lat' dir='ltr'>et</span> <span class='ocrx_word' id='word_1_15' title='bbox 333 616 663 696; x_wconf 85' lang='lat' dir='ltr'>Luthero;</span> <span class='ocrx_word' id='word_1_16' title='bbox 709 640 793 683; x_wconf 91' lang='lat' dir='ltr'>ne</span> <span class='ocrx_word' id='word_1_17' title='bbox 823 619 1088 702; x_wconf 85' lang='lat' dir='ltr'>impleta</span> <span class='ocrx_word' id='word_1_18' title='bbox 1107 622 1244 704; x_wconf 84' lang='lat' dir='ltr'>jam</span> <span class='ocrx_word' id='word_1_19' title='bbox 1283 622 1618 705; x_wconf 82' lang='lat' dir='ltr'>prophetia</span> <span class='ocrx_word' id='word_1_20' title='bbox 1660 622 1763 685; x_wconf 90' lang='lat' dir='ltr'>sit.</span> <span class='ocrx_word' id='word_1_21' title='bbox 1856 624 2021 686; x_wconf 89' lang='lat' dir='ltr'>Cum</span> <span class='ocrx_word' id='word_1_22' title='bbox 2062 623 2235 685; x_wconf 91' lang='lat' dir='ltr'>enim</span> <span class='ocrx_word' id='word_1_23' title='bbox 2266 621 2436 705; x_wconf 89' lang='lat' dir='ltr'>apud</span> 
     </span>
     <span class='ocr_line' id='line_1_4' title="bbox 229 716 2434 809; baseline 0.003 -30"><span class='ocrx_word' id='word_1_24' title='bbox 229 717 275 778; x_wconf 88' lang='lat' dir='ltr'><strong>J</strong></span> <span class='ocrx_word' id='word_1_25' title='bbox 279 716 498 796; x_wconf 89' lang='lat' dir='ltr'>obum,</span> <span class='ocrx_word' id='word_1_26' title='bbox 552 719 750 782; x_wconf 84' lang='lat' dir='ltr'>Elihu</span> <span class='ocrx_word' id='word_1_27' title='bbox 807 720 998 799; x_wconf 88' lang='lat' dir='ltr'>dicat,</span> <span class='ocrx_word' id='word_1_28' title='bbox 1059 722 1161 784; x_wconf 80' lang='lat' dir='ltr'>Ab</span> <span class='ocrx_word' id='word_1_29' title='bbox 1205 723 1516 804; x_wconf 80' lang='lat' dir='ltr'><em>Aquilone</em></span> <span class='ocrx_word' id='word_1_30' title='bbox 1561 744 1784 785; x_wconf 81' lang='lat' dir='ltr'>aurum</span> <span class='ocrx_word' id='word_1_31' title='bbox 1832 725 2040 786; x_wconf 87' lang='lat' dir='ltr'>venire</span> <span class='ocrx_word' id='word_1_32' title='bbox 2057 722 2086 762; x_wconf 85' lang='lat'>¹¹</span> <span class='ocrx_word' id='word_1_33' title='bbox 2130 723 2228 809; x_wconf 89' lang='lat' dir='ltr'>(et</span> <span class='ocrx_word' id='word_1_34' title='bbox 2258 723 2434 786; x_wconf 88' lang='lat' dir='ltr'>venit</span> 
     </span>
     <span class='ocr_line' id='line_1_5' title="bbox 222 821 2434 905; baseline 0.003 -23"><span class='ocrx_word' id='word_1_35' title='bbox 222 828 405 883; x_wconf 81' lang='lat' dir='ltr'>certe</span> <span class='ocrx_word' id='word_1_36' title='bbox 454 821 706 903; x_wconf 75' lang='lat' dir='ltr'><strong>copiose</strong></span> <span class='ocrx_word' id='word_1_37' title='bbox 758 823 841 885; x_wconf 90' lang='lat' dir='ltr'>ad</span> <span class='ocrx_word' id='word_1_38' title='bbox 891 844 1021 901; x_wconf 87' lang='lat' dir='ltr'>vos,</span> <span class='ocrx_word' id='word_1_39' title='bbox 1071 831 1221 887; x_wconf 89' lang='lat' dir='ltr'>ante</span> <span class='ocrx_word' id='word_1_40' title='bbox 1274 825 1637 888; x_wconf 87' lang='lat' dir='ltr'>Lutherum</span> <span class='ocrx_word' id='word_1_41' title='bbox 1690 846 1836 888; x_wconf 91' lang='lat' dir='ltr'>cum</span> <span class='ocrx_word' id='word_1_42' title='bbox 1881 825 2150 888; x_wconf 62' lang='lat' dir='ltr'>tenebris</span> <span class='ocrx_word' id='word_1_43' title='bbox 2194 825 2345 905; x_wconf 89' lang='lat' dir='ltr'>suis,</span> <span class='ocrx_word' id='word_1_44' title='bbox 2398 847 2434 889; x_wconf 91' lang='lat' dir='ltr'>e</span> 
     </span>
     <span class='ocr_line' id='line_1_6' title="bbox 235 923 2438 1012; baseline 0.004 -28"><span class='ocrx_word' id='word_1_45' title='bbox 235 923 582 987; x_wconf 81' lang='lat' dir='ltr'><strong><em>Germania</em></strong></span> <span class='ocrx_word' id='word_1_46' title='bbox 611 930 865 1007; x_wconf 79' lang='lat' dir='ltr'>totaque</span> <span class='ocrx_word' id='word_1_47' title='bbox 893 926 1276 1008; x_wconf 82' lang='lat' dir='ltr'>Aquilonari</span> <span class='ocrx_word' id='word_1_48' title='bbox 1302 928 1535 1011; x_wconf 72' lang='lat' dir='ltr'>playa)</span> <span class='ocrx_word' id='word_1_49' title='bbox 1569 949 1692 992; x_wconf 90' lang='lat' dir='ltr'>nec</span> <span class='ocrx_word' id='word_1_50' title='bbox 1731 935 1867 991; x_wconf 86' lang='lat' dir='ltr'>tam</span> <span class='ocrx_word' id='word_1_51' title='bbox 1905 950 2048 992; x_wconf 88' lang='lat' dir='ltr'>care</span> <span class='ocrx_word' id='word_1_52' title='bbox 2075 930 2215 1012; x_wconf 86' lang='lat' dir='ltr'>jam</span> <span class='ocrx_word' id='word_1_53' title='bbox 2244 950 2438 992; x_wconf 85' lang='lat' dir='ltr'>vene-</span> 
     </span>
     <span class='ocr_line' id='line_1_7' title="bbox 228 1026 2437 1113; baseline 0.003 -25"><span class='ocrx_word' id='word_1_54' title='bbox 228 1034 352 1089; x_wconf 88' lang='lat' dir='ltr'>ant</span> <span class='ocrx_word' id='word_1_55' title='bbox 380 1026 791 1109; x_wconf 66' lang='lat' dir='ltr'>Indulqmiae</span> <span class='ocrx_word' id='word_1_56' title='bbox 811 1056 833 1091; x_wconf 90' lang='lat'>.·</span> <span class='ocrx_word' id='word_1_57' title='bbox 879 1050 962 1092; x_wconf 91' lang='lat' dir='ltr'>ne</span> <span class='ocrx_word' id='word_1_58' title='bbox 1011 1029 1172 1093; x_wconf 90' lang='lat' dir='ltr'>illud</span> <span class='ocrx_word' id='word_1_59' title='bbox 1202 1032 1432 1092; x_wconf 82' lang='lat' dir='ltr'>malum</span> <span class='ocrx_word' id='word_1_60' title='bbox 1477 1031 1582 1107; x_wconf 90' lang='lat' dir='ltr'>sit,</span> <span class='ocrx_word' id='word_1_61' title='bbox 1615 1030 1786 1113; x_wconf 89' lang='lat' dir='ltr'>quod</span> <span class='ocrx_word' id='word_1_62' title='bbox 1816 1052 1893 1093; x_wconf 82' lang='lat' dir='ltr'>ex</span> <span class='ocrx_word' id='word_1_63' title='bbox 1921 1032 2230 1112; x_wconf 82' lang='lat' dir='ltr'><em>Aquilone</em></span> <span class='ocrx_word' id='word_1_64' title='bbox 2257 1032 2437 1095; x_wconf 88' lang='lat' dir='ltr'>vobis</span> 
     </span>
     <span class='ocr_line' id='line_1_8' title="bbox 231 1131 2437 1199; baseline 0.003 -8"><span class='ocrx_word' id='word_1_65' title='bbox 231 1135 581 1192; x_wconf 80' lang='lat' dir='ltr'>venturum</span> <span class='ocrx_word' id='word_1_66' title='bbox 633 1132 676 1193; x_wconf 86' lang='lat' dir='ltr'><strong>J</strong></span> <span class='ocrx_word' id='word_1_67' title='bbox 677 1131 946 1194; x_wconf 84' lang='lat' dir='ltr'>eremias</span> <span class='ocrx_word' id='word_1_68' title='bbox 996 1132 1323 1196; x_wconf 82' lang='lat' dir='ltr'>indicavit.</span> <span class='ocrx_word' id='word_1_69' title='bbox 1417 1133 1547 1196; x_wconf 85' lang='lat' dir='ltr'>Sed</span> <span class='ocrx_word' id='word_1_70' title='bbox 1599 1155 1716 1196; x_wconf 86' lang='lat' dir='ltr'>nos</span> <span class='ocrx_word' id='word_1_71' title='bbox 1763 1132 2030 1196; x_wconf 82' lang='lat' dir='ltr'>abduxit</span> <span class='ocrx_word' id='word_1_72' title='bbox 2079 1135 2437 1199; x_wconf 87' lang='lat' dir='ltr'>Cardinalis</span> 
     </span>
     <span class='ocr_line' id='line_1_9' title="bbox 227 1231 2439 1319; baseline 0.004 -27"><span class='ocrx_word' id='word_1_73' title='bbox 227 1231 489 1312; x_wconf 79' lang='lat' dir='ltr'>Aquilo.</span> <span class='ocrx_word' id='word_1_74' title='bbox 578 1233 810 1315; x_wconf 83' lang='lat' dir='ltr'>Anglis</span> <span class='ocrx_word' id='word_1_75' title='bbox 861 1242 1097 1311; x_wconf 88' lang='lat' dir='ltr'>autem,</span> <span class='ocrx_word' id='word_1_76' title='bbox 1129 1256 1261 1298; x_wconf 89' lang='lat' dir='ltr'>non</span> <span class='ocrx_word' id='word_1_77' title='bbox 1306 1235 1480 1298; x_wconf 85' lang='lat' dir='ltr'>aliud</span> <span class='ocrx_word' id='word_1_78' title='bbox 1526 1237 1729 1298; x_wconf 82' lang='lat' dir='ltr'>lumen</span> <span class='ocrx_word' id='word_1_79' title='bbox 1759 1235 2018 1316; x_wconf 63' lang='lat' dir='ltr'>afflkit,</span> <span class='ocrx_word' id='word_1_80' title='bbox 2052 1258 2243 1319; x_wconf 91' lang='lat' dir='ltr'>quam</span> <span class='ocrx_word' id='word_1_81' title='bbox 2276 1238 2439 1302; x_wconf 88' lang='lat' dir='ltr'>Ger-</span> 
     </span>
     <span class='ocr_line' id='line_1_10' title="bbox 230 1334 2437 1421; baseline 0.002 -24"><span class='ocrx_word' id='word_1_82' title='bbox 230 1334 464 1413; x_wconf 86' lang='lat' dir='ltr'>manis,</span> <span class='ocrx_word' id='word_1_83' title='bbox 497 1343 562 1398; x_wconf 90' lang='lat' dir='ltr'>et</span> <span class='ocrx_word' id='word_1_84' title='bbox 592 1336 830 1419; x_wconf 82' lang='lat' dir='ltr'>Belgis,</span> <span class='ocrx_word' id='word_1_85' title='bbox 881 1336 1104 1414; x_wconf 90' lang='lat' dir='ltr'>Danis,</span> <span class='ocrx_word' id='word_1_86' title='bbox 1151 1345 1217 1400; x_wconf 90' lang='lat' dir='ltr'>et</span> <span class='ocrx_word' id='word_1_87' title='bbox 1265 1337 1503 1416; x_wconf 85' lang='lat' dir='ltr'>Succis,</span> <span class='ocrx_word' id='word_1_88' title='bbox 1551 1344 1618 1400; x_wconf 89' lang='lat' dir='ltr'>et</span> <span class='ocrx_word' id='word_1_89' title='bbox 1662 1337 1940 1416; x_wconf 90' lang='lat' dir='ltr'>Polonis,</span> <span class='ocrx_word' id='word_1_90' title='bbox 1973 1345 2039 1401; x_wconf 94' lang='lat' dir='ltr'>et</span> <span class='ocrx_word' id='word_1_91' title='bbox 2087 1340 2437 1421; x_wconf 84' lang='lat' dir='ltr'>Hungaris,</span> 
     </span>
     <span class='ocr_line' id='line_1_11' title="bbox 222 1436 2441 1523; baseline 0.001 -23"><span class='ocrx_word' id='word_1_92' title='bbox 222 1444 303 1500; x_wconf 85' lang='lat' dir='ltr'>et</span> <span class='ocrx_word' id='word_1_93' title='bbox 331 1436 597 1520; x_wconf 89' lang='lat' dir='ltr'>populis,</span> <span class='ocrx_word' id='word_1_94' title='bbox 629 1439 739 1520; x_wconf 90' lang='lat' dir='ltr'>qui</span> <span class='ocrx_word' id='word_1_95' title='bbox 768 1438 839 1500; x_wconf 91' lang='lat' dir='ltr'>in</span> <span class='ocrx_word' id='word_1_96' title='bbox 869 1439 1139 1502; x_wconf 86' lang='lat' dir='ltr'>circuitu</span> <span class='ocrx_word' id='word_1_97' title='bbox 1169 1446 1320 1507; x_wconf 89' lang='lat' dir='ltr'>sunt</span> <span class='ocrx_word' id='word_1_98' title='bbox 1349 1440 1617 1523; x_wconf 84' lang='lat' dir='ltr'>uspiam,</span> <span class='ocrx_word' id='word_1_99' title='bbox 1648 1439 1963 1503; x_wconf 84' lang='lat' dir='ltr'>omnibus.</span> <span class='ocrx_word' id='word_1_100' title='bbox 2049 1441 2192 1504; x_wconf 92' lang='lat' dir='ltr'>Nec</span> <span class='ocrx_word' id='word_1_101' title='bbox 2221 1462 2441 1503; x_wconf 85' lang='lat' dir='ltr'>novum</span> 
     </span>
     <span class='ocr_line' id='line_1_12' title="bbox 227 1540 2441 1628; baseline 0.002 -25"><span class='ocrx_word' id='word_1_102' title='bbox 227 1540 417 1619; x_wconf 85' lang='lat' dir='ltr'>illud,</span> <span class='ocrx_word' id='word_1_103' title='bbox 473 1541 629 1624; x_wconf 92' lang='lat' dir='ltr'>quin</span> <span class='ocrx_word' id='word_1_104' title='bbox 681 1542 1037 1624; x_wconf 87' lang='lat' dir='ltr'>antiquum,</span> <span class='ocrx_word' id='word_1_105' title='bbox 1088 1541 1383 1625; x_wconf 91' lang='lat' dir='ltr'>quodque</span> <span class='ocrx_word' id='word_1_106' title='bbox 1433 1542 1610 1626; x_wconf 89' lang='lat' dir='ltr'>prius</span> <span class='ocrx_word' id='word_1_107' title='bbox 1656 1543 1885 1620; x_wconf 85' lang='lat' dir='ltr'>fuerat,</span> <span class='ocrx_word' id='word_1_108' title='bbox 1938 1542 2441 1628; x_wconf 85' lang='lat' dir='ltr'>(interveniente</span> 
     </span>
     <span class='ocr_line' id='line_1_13' title="bbox 228 1643 2443 1728; baseline 0.002 -23"><span class='ocrx_word' id='word_1_109' title='bbox 228 1650 496 1705; x_wconf 83' lang='lat' dir='ltr'>tantum</span> <span class='ocrx_word' id='word_1_110' title='bbox 524 1643 909 1727; x_wconf 87' lang='lat' dir='ltr'>crepusculo,</span> <span class='ocrx_word' id='word_1_111' title='bbox 935 1651 1001 1708; x_wconf 91' lang='lat' dir='ltr'>et</span> <span class='ocrx_word' id='word_1_112' title='bbox 1029 1644 1350 1707; x_wconf 82' lang='lat' dir='ltr'>noctiluca</span> <span class='ocrx_word' id='word_1_113' title='bbox 1377 1644 1617 1728; x_wconf 85' lang='lat' dir='ltr'>vestra)</span> <span class='ocrx_word' id='word_1_114' title='bbox 1636 1645 2091 1728; x_wconf 82' lang='lat' dir='ltr'>aliquantisper</span> <span class='ocrx_word' id='word_1_115' title='bbox 2112 1646 2183 1707; x_wconf 91' lang='lat' dir='ltr'>in</span> <span class='ocrx_word' id='word_1_116' title='bbox 2212 1646 2443 1709; x_wconf 85' lang='lat' dir='ltr'>umbra</span> 
     </span>
     <span class='ocr_line' id='line_1_14' title="bbox 231 1745 2444 1830; baseline 0.001 -21"><span class='ocrx_word' id='word_1_117' title='bbox 231 1754 425 1809; x_wconf 84' lang='lat' dir='ltr'>terrae</span> <span class='ocrx_word' id='word_1_118' title='bbox 456 1745 811 1809; x_wconf 89' lang='lat' dir='ltr'>detentum.</span> <span class='ocrx_word' id='word_1_119' title='bbox 901 1748 1132 1830; x_wconf 89' lang='lat' dir='ltr'>Neque</span> <span class='ocrx_word' id='word_1_120' title='bbox 1161 1745 1242 1809; x_wconf 90' lang='lat' dir='ltr'>ab</span> <span class='ocrx_word' id='word_1_121' title='bbox 1271 1748 1579 1828; x_wconf 77' lang='lat' dir='ltr'>Aquilone</span> <span class='ocrx_word' id='word_1_122' title='bbox 1622 1754 1842 1810; x_wconf 89' lang='lat' dir='ltr'>tamen</span> <span class='ocrx_word' id='word_1_123' title='bbox 1887 1749 2106 1826; x_wconf 85' lang='lat' dir='ltr'>lumen,</span> <span class='ocrx_word' id='word_1_124' title='bbox 2154 1756 2266 1810; x_wconf 89' lang='lat' dir='ltr'>aut</span> <span class='ocrx_word' id='word_1_125' title='bbox 2310 1749 2444 1812; x_wconf 89' lang='lat' dir='ltr'>ulla</span> 
     </span>
     <span class='ocr_line' id='line_1_15' title="bbox 231 1848 2441 1933; baseline 0.001 -22"><span class='ocrx_word' id='word_1_126' title='bbox 231 1848 467 1912; x_wconf 89' lang='lat' dir='ltr'>mundi</span> <span class='ocrx_word' id='word_1_127' title='bbox 484 1850 688 1932; x_wconf 81' lang='lat' dir='ltr'>plaga.</span> <span class='ocrx_word' id='word_1_128' title='bbox 737 1851 893 1913; x_wconf 91' lang='lat' dir='ltr'>Non</span> <span class='ocrx_word' id='word_1_129' title='bbox 924 1849 1044 1913; x_wconf 91' lang='lat' dir='ltr'>hoc</span> <span class='ocrx_word' id='word_1_130' title='bbox 1073 1849 1346 1932; x_wconf 84' lang='lat' dir='ltr'>reperies</span> <span class='ocrx_word' id='word_1_131' title='bbox 1376 1848 1545 1932; x_wconf 90' lang='lat' dir='ltr'>apud</span> <span class='ocrx_word' id='word_1_132' title='bbox 1565 1850 1609 1911; x_wconf 88' lang='lat' dir='ltr'><strong>J</strong></span> <span class='ocrx_word' id='word_1_133' title='bbox 1612 1849 1953 1927; x_wconf 84' lang='lat' dir='ltr'>eremiam;</span> <span class='ocrx_word' id='word_1_134' title='bbox 1989 1851 2159 1933; x_wconf 89' lang='lat' dir='ltr'>apud</span> <span class='ocrx_word' id='word_1_135' title='bbox 2180 1851 2441 1915; x_wconf 80' lang='lat' dir='ltr'>Esaiam</span> 
     </span>
     <span class='ocr_line' id='line_1_16' title="bbox 230 1951 2442 2035; baseline 0.001 -20"><span class='ocrx_word' id='word_1_136' title='bbox 230 1959 456 2015; x_wconf 87' lang='lat' dir='ltr'>autem</span> <span class='ocrx_word' id='word_1_137' title='bbox 479 1952 772 2035; x_wconf 85' lang='lat' dir='ltr'>reperies,</span> <span class='ocrx_word' id='word_1_138' title='bbox 804 1973 940 2034; x_wconf 85' lang='lat' dir='ltr'>cap.</span> <span class='ocrx_word' id='word_1_139' title='bbox 971 1952 1105 2015; x_wconf 83' lang='lat' dir='ltr'>viii.</span> <span class='ocrx_word' id='word_1_140' title='bbox 1135 1954 1240 2015; x_wconf 86' lang='lat'>20.</span> <span class='ocrx_word' id='word_1_141' title='bbox 1270 1953 1331 2013; x_wconf 85' lang='lat' dir='ltr'><em>A</em></span> <span class='ocrx_word' id='word_1_142' title='bbox 1355 1951 1522 2033; x_wconf 71' lang='lat' dir='ltr'>Leye</span> <span class='ocrx_word' id='word_1_143' title='bbox 1550 1957 1613 2014; x_wconf 85' lang='lat' dir='ltr'>et</span> <span class='ocrx_word' id='word_1_144' title='bbox 1650 1952 2039 2031; x_wconf 76' lang='lat' dir='ltr'>Testimonio,</span> <span class='ocrx_word' id='word_1_145' title='bbox 2073 1953 2239 2016; x_wconf 90' lang='lat' dir='ltr'>Inde</span> <span class='ocrx_word' id='word_1_146' title='bbox 2269 1954 2442 2017; x_wconf 89' lang='lat' dir='ltr'>enim</span> 
     </span>
     <span class='ocr_line' id='line_1_17' title="bbox 237 2055 2440 2138; baseline 0.002 -20"><span class='ocrx_word' id='word_1_147' title='bbox 237 2057 341 2138; x_wconf 91' lang='lat' dir='ltr'>(ut</span> <span class='ocrx_word' id='word_1_148' title='bbox 371 2056 694 2138; x_wconf 85' lang='lat' dir='ltr'>Propheta</span> <span class='ocrx_word' id='word_1_149' title='bbox 721 2055 844 2137; x_wconf 88' lang='lat' dir='ltr'>ait)</span> <span class='ocrx_word' id='word_1_150' title='bbox 873 2056 1156 2117; x_wconf 74' lang='lat' dir='ltr'>eoeoritur</span> <span class='ocrx_word' id='word_1_151' title='bbox 1184 2055 1462 2117; x_wconf 74' lang='lat' dir='ltr'>omnibus</span> <span class='ocrx_word' id='word_1_152' title='bbox 1483 2056 1793 2119; x_wconf 82' lang='lat' dir='ltr'>matutina</span> <span class='ocrx_word' id='word_1_153' title='bbox 1814 2056 1979 2122; x_wconf 72' lang='lat' dir='ltr'>Imoe.</span> <span class='ocrx_word' id='word_1_154' title='bbox 2050 2057 2253 2120; x_wconf 91' lang='lat' dir='ltr'>Vobis</span> <span class='ocrx_word' id='word_1_155' title='bbox 2272 2080 2440 2138; x_wconf 89' lang='lat' dir='ltr'>ver0,</span> 
     </span>
     <span class='ocr_line' id='line_1_18' title="bbox 231 2157 2440 2240; baseline 0.002 -21"><span class='ocrx_word' id='word_1_156' title='bbox 231 2158 351 2240; x_wconf 86' lang='lat' dir='ltr'>qui</span> <span class='ocrx_word' id='word_1_157' title='bbox 372 2157 563 2240; x_wconf 83' lang='lat' dir='ltr'>juxta</span> <span class='ocrx_word' id='word_1_158' title='bbox 588 2157 855 2220; x_wconf 87' lang='lat' dir='ltr'>verbum</span> <span class='ocrx_word' id='word_1_159' title='bbox 881 2157 1004 2219; x_wconf 90' lang='lat' dir='ltr'>hoc</span> <span class='ocrx_word' id='word_1_160' title='bbox 1032 2179 1166 2220; x_wconf 91' lang='lat' dir='ltr'>non</span> <span class='ocrx_word' id='word_1_161' title='bbox 1187 2157 1511 2240; x_wconf 78' lang='lat' dir='ltr'>judicatiS,</span> <span class='ocrx_word' id='word_1_162' title='bbox 1543 2157 1720 2221; x_wconf 91' lang='lat' dir='ltr'>hunc</span> <span class='ocrx_word' id='word_1_163' title='bbox 1748 2159 2035 2224; x_wconf 77' lang='lat' dir='ltr'>Judicem</span> <span class='ocrx_word' id='word_1_164' title='bbox 2065 2182 2196 2223; x_wconf 91' lang='lat' dir='ltr'>non</span> <span class='ocrx_word' id='word_1_165' title='bbox 2228 2160 2440 2238; x_wconf 83' lang='lat' dir='ltr'>vultis,</span> 
     </span>
     <span class='ocr_line' id='line_1_19' title="bbox 236 2258 2445 2345; baseline 0.002 -24"><span class='ocrx_word' id='word_1_166' title='bbox 236 2260 454 2323; x_wconf 84' lang='lat' dir='ltr'>videte</span> <span class='ocrx_word' id='word_1_167' title='bbox 511 2280 597 2322; x_wconf 89' lang='lat' dir='ltr'>ne</span> <span class='ocrx_word' id='word_1_168' title='bbox 654 2258 929 2340; x_wconf 76' lang='lat' dir='ltr'>defectus</span> <span class='ocrx_word' id='word_1_169' title='bbox 971 2259 1183 2338; x_wconf 68' lang='lat' dir='ltr'>Luci-9,</span> <span class='ocrx_word' id='word_1_170' title='bbox 1244 2260 1528 2343; x_wconf 90' lang='lat' dir='ltr'>adeoque</span> <span class='ocrx_word' id='word_1_171' title='bbox 1581 2262 1844 2325; x_wconf 84' lang='lat' dir='ltr'>tenebrae</span> <span class='ocrx_word' id='word_1_172' title='bbox 1900 2263 2053 2345; x_wconf 85' lang='lat' dir='ltr'>ipsae</span> <span class='ocrx_word' id='word_1_173' title='bbox 2104 2265 2445 2326; x_wconf 81' lang='lat' dir='ltr'>Cimmerioe</span> 
     </span>
     <span class='ocr_line' id='line_1_20' title="bbox 233 2362 780 2426; baseline 0 0"><span class='ocrx_word' id='word_1_174' title='bbox 233 2362 603 2426; x_wconf 77' lang='lat' dir='ltr'>metuendae</span> <span class='ocrx_word' id='word_1_175' title='bbox 631 2362 780 2426; x_wconf 84' lang='lat' dir='ltr'>sint.</span> 
     </span>
    </p>
   </div>
   <div class='ocr_carea' id='block_1_3' title="bbox 299 2513 2447 3066">
    <p class='ocr_par' dir='ltr' id='par_1_3' title="bbox 299 2513 2447 3066">
     <span class='ocr_line' id='line_1_21' title="bbox 299 2513 2439 2579; baseline 0.001 -14"><span class='ocrx_word' id='word_1_176' title='bbox 299 2515 536 2565; x_wconf 82' lang='lat' dir='ltr'>Christus</span> <span class='ocrx_word' id='word_1_177' title='bbox 556 2515 613 2564; x_wconf 90' lang='lat' dir='ltr'>in</span> <span class='ocrx_word' id='word_1_178' title='bbox 630 2515 918 2566; x_wconf 83' lang='lat' dir='ltr'>novissimis</span> <span class='ocrx_word' id='word_1_179' title='bbox 939 2515 1251 2579; x_wconf 80' lang='lat' dir='ltr'>temporibus</span> <span class='ocrx_word' id='word_1_180' title='bbox 1273 2513 1735 2579; x_wconf 82' lang='lat' dir='ltr'>Pseudoprophetas</span> <span class='ocrx_word' id='word_1_181' title='bbox 1756 2518 2063 2564; x_wconf 80' lang='lat' dir='ltr'>surrecturos</span> <span class='ocrx_word' id='word_1_182' title='bbox 2084 2515 2327 2578; x_wconf 70' lang='lat' dir='ltr'>praedixit</span> <span class='ocrx_word' id='word_1_183' title='bbox 2350 2554 2361 2565; x_wconf 93' lang='lat'>.</span> <span class='ocrx_word' id='word_1_184' title='bbox 2388 2555 2400 2568; x_wconf 89' lang='lat'>.</span> <span class='ocrx_word' id='word_1_185' title='bbox 2426 2553 2439 2567; x_wconf 86' lang='lat'>.</span> 
     </span>
     <span class='ocr_line' id='line_1_22' title="bbox 373 2593 2441 2661; baseline 0.001 -17"><span class='ocrx_word' id='word_1_186' title='bbox 373 2595 554 2644; x_wconf 87' lang='lat' dir='ltr'>Petrus</span> <span class='ocrx_word' id='word_1_187' title='bbox 578 2632 590 2644; x_wconf 96' lang='lat'>.</span> <span class='ocrx_word' id='word_1_188' title='bbox 612 2632 627 2646; x_wconf 89' lang='lat'>.</span> <span class='ocrx_word' id='word_1_189' title='bbox 651 2595 879 2645; x_wconf 85' lang='lat' dir='ltr'>illusores</span> <span class='ocrx_word' id='word_1_190' title='bbox 900 2632 914 2645; x_wconf 87' lang='lat'>.</span> <span class='ocrx_word' id='word_1_191' title='bbox 940 2632 952 2645; x_wconf 90' lang='lat'>.</span> <span class='ocrx_word' id='word_1_192' title='bbox 979 2633 991 2644; x_wconf 94' lang='lat'>.</span> <span class='ocrx_word' id='word_1_193' title='bbox 1014 2595 1176 2646; x_wconf 76' lang='lat' dir='ltr'>Judas</span> <span class='ocrx_word' id='word_1_194' title='bbox 1208 2630 1221 2644; x_wconf 92' lang='lat'>.</span> <span class='ocrx_word' id='word_1_195' title='bbox 1257 2630 1271 2644; x_wconf 91' lang='lat'>.</span> <span class='ocrx_word' id='word_1_196' title='bbox 1306 2594 1471 2644; x_wconf 76' lang='lat' dir='ltr'>sidera</span> <span class='ocrx_word' id='word_1_197' title='bbox 1507 2594 1732 2643; x_wconf 81' lang='lat' dir='ltr'>errantia</span> <span class='ocrx_word' id='word_1_198' title='bbox 1764 2630 1776 2643; x_wconf 90' lang='lat'>.</span> <span class='ocrx_word' id='word_1_199' title='bbox 1801 2629 1814 2644; x_wconf 85' lang='lat'>.</span> <span class='ocrx_word' id='word_1_200' title='bbox 1839 2630 1852 2643; x_wconf 91' lang='lat'>.</span> <span class='ocrx_word' id='word_1_201' title='bbox 1879 2593 2079 2655; x_wconf 82' lang='lat' dir='ltr'>Paulus,</span> <span class='ocrx_word' id='word_1_202' title='bbox 2105 2631 2117 2643; x_wconf 96' lang='lat'>.</span> <span class='ocrx_word' id='word_1_203' title='bbox 2144 2630 2156 2645; x_wconf 91' lang='lat'>.</span> <span class='ocrx_word' id='word_1_204' title='bbox 2181 2633 2194 2645; x_wconf 94' lang='lat'>.</span> <span class='ocrx_word' id='word_1_205' title='bbox 2218 2597 2441 2661; x_wconf 84' lang='lat' dir='ltr'>cupidos,</span> 
     </span>
     <span class='ocr_line' id='line_1_23' title="bbox 369 2674 2442 2740; baseline 0.001 -14"><span class='ocrx_word' id='word_1_206' title='bbox 369 2677 543 2737; x_wconf 83' lang='lat' dir='ltr'>elatos,</span> <span class='ocrx_word' id='word_1_207' title='bbox 582 2677 837 2740; x_wconf 88' lang='lat' dir='ltr'>superbos,</span> <span class='ocrx_word' id='word_1_208' title='bbox 873 2714 885 2726; x_wconf 89' lang='lat'><em>.</em></span> <span class='ocrx_word' id='word_1_209' title='bbox 908 2714 920 2726; x_wconf 90' lang='lat'>.</span> <span class='ocrx_word' id='word_1_210' title='bbox 948 2713 960 2726; x_wconf 90' lang='lat'>.</span> <span class='ocrx_word' id='word_1_211' title='bbox 994 2681 1047 2726; x_wconf 88' lang='lat' dir='ltr'>et</span> <span class='ocrx_word' id='word_1_212' title='bbox 1081 2713 1093 2726; x_wconf 90' lang='lat'>.</span> <span class='ocrx_word' id='word_1_213' title='bbox 1128 2714 1140 2728; x_wconf 91' lang='lat'>.</span> <span class='ocrx_word' id='word_1_214' title='bbox 1176 2676 1263 2739; x_wconf 89' lang='lat' dir='ltr'>qui</span> <span class='ocrx_word' id='word_1_215' title='bbox 1299 2712 1312 2725; x_wconf 91' lang='lat'>.</span> <span class='ocrx_word' id='word_1_216' title='bbox 1346 2712 1359 2724; x_wconf 91' lang='lat'>.</span> <span class='ocrx_word' id='word_1_217' title='bbox 1396 2674 1671 2724; x_wconf 82' lang='lat' dir='ltr'>intendant</span> <span class='ocrx_word' id='word_1_218' title='bbox 1710 2674 1988 2739; x_wconf 75' lang='lat' dir='ltr'>spiritibus</span> <span class='ocrx_word' id='word_1_219' title='bbox 2040 2675 2442 2728; x_wconf 77' lang='lat' dir='ltr'>Daemoniorum.</span> 
     </span>
     <span class='ocr_line' id='line_1_24' title="bbox 373 2755 2443 2822; baseline 0 -15"><span class='ocrx_word' id='word_1_220' title='bbox 373 2758 507 2820; x_wconf 80' lang='lat' dir='ltr'>Ergo</span> <span class='ocrx_word' id='word_1_221' title='bbox 536 2757 578 2807; x_wconf 88' lang='lat' dir='ltr'>si</span> <span class='ocrx_word' id='word_1_222' title='bbox 614 2757 898 2822; x_wconf 80' lang='lat' dir='ltr'>Scripturas</span> <span class='ocrx_word' id='word_1_223' title='bbox 927 2757 1137 2806; x_wconf 87' lang='lat' dir='ltr'>scrutari</span> <span class='ocrx_word' id='word_1_224' title='bbox 1175 2755 1282 2805; x_wconf 86' lang='lat' dir='ltr'>Rex</span> <span class='ocrx_word' id='word_1_225' title='bbox 1317 2755 1548 2812; x_wconf 84' lang='lat' dir='ltr'>voluerit,</span> <span class='ocrx_word' id='word_1_226' title='bbox 1588 2755 1845 2817; x_wconf 79' lang='lat' dir='ltr'>intelliget</span> <span class='ocrx_word' id='word_1_227' title='bbox 1878 2757 2103 2816; x_wconf 88' lang='lat' dir='ltr'>omnino,</span> <span class='ocrx_word' id='word_1_228' title='bbox 2129 2770 2284 2807; x_wconf 79' lang='lat' dir='ltr'>novos</span> <span class='ocrx_word' id='word_1_229' title='bbox 2318 2759 2443 2808; x_wconf 90' lang='lat' dir='ltr'>istos</span> 
     </span>
     <span class='ocr_line' id='line_1_25' title="bbox 372 2835 2444 2900; baseline 0 -13"><span class='ocrx_word' id='word_1_230' title='bbox 372 2838 493 2888; x_wconf 84' lang='lat' dir='ltr'>fidei</span> <span class='ocrx_word' id='word_1_231' title='bbox 532 2838 866 2900; x_wconf 78' lang='lat' dir='ltr'>Architectos‚</span> <span class='ocrx_word' id='word_1_232' title='bbox 911 2852 1013 2888; x_wconf 90' lang='lat' dir='ltr'>non</span> <span class='ocrx_word' id='word_1_233' title='bbox 1053 2837 1435 2894; x_wconf 81' lang='lat' dir='ltr'>Reformatores,</span> <span class='ocrx_word' id='word_1_234' title='bbox 1472 2835 1560 2885; x_wconf 88' lang='lat' dir='ltr'>sed</span> <span class='ocrx_word' id='word_1_235' title='bbox 1602 2836 1848 2896; x_wconf 79' lang='lat' dir='ltr'>illusores,</span> <span class='ocrx_word' id='word_1_236' title='bbox 1888 2851 1992 2885; x_wconf 89' lang='lat' dir='ltr'>non</span> <span class='ocrx_word' id='word_1_237' title='bbox 2031 2836 2321 2899; x_wconf 82' lang='lat' dir='ltr'>Prophetas,</span> <span class='ocrx_word' id='word_1_238' title='bbox 2355 2839 2444 2888; x_wconf 85' lang='lat' dir='ltr'>sed</span> 
     </span>
     <span class='ocr_line' id='line_1_26' title="bbox 375 2916 2447 2983; baseline 0 -14"><span class='ocrx_word' id='word_1_239' title='bbox 375 2919 855 2983; x_wconf 75' lang='lat' dir='ltr'>Pseudoprophetas.</span> <span class='ocrx_word' id='word_1_240' title='bbox 893 2933 995 2968; x_wconf 90' lang='lat' dir='ltr'>non</span> <span class='ocrx_word' id='word_1_241' title='bbox 1034 2918 1207 2967; x_wconf 82' lang='lat' dir='ltr'>stellas</span> <span class='ocrx_word' id='word_1_242' title='bbox 1249 2917 1442 2967; x_wconf 81' lang='lat' dir='ltr'>lucidas</span> <span class='ocrx_word' id='word_1_243' title='bbox 1475 2922 1529 2966; x_wconf 86' lang='lat' dir='ltr'>et</span> <span class='ocrx_word' id='word_1_244' title='bbox 1563 2918 1854 2976; x_wconf 80' lang='lat' dir='ltr'>matutinas,</span> <span class='ocrx_word' id='word_1_245' title='bbox 1900 2916 1987 2966; x_wconf 88' lang='lat' dir='ltr'>sed</span> <span class='ocrx_word' id='word_1_246' title='bbox 2028 2919 2250 2967; x_wconf 80' lang='lat' dir='ltr'>errantia</span> <span class='ocrx_word' id='word_1_247' title='bbox 2282 2919 2447 2969; x_wconf 86' lang='lat' dir='ltr'>sidera</span> 
     </span>
     <span class='ocr_line' id='line_1_27' title="bbox 371 2996 2444 3066; baseline -0.001 -15"><span class='ocrx_word' id='word_1_248' title='bbox 371 3000 711 3066; x_wconf 66' lang='lat' dir='ltr'>esse—[Bell.</span> <span class='ocrx_word' id='word_1_249' title='bbox 735 3000 886 3064; x_wconf 85' lang='lat' dir='ltr'>Apol.</span> <span class='ocrx_word' id='word_1_250' title='bbox 909 3014 1002 3064; x_wconf 90' lang='lat' dir='ltr'>pro</span> <span class='ocrx_word' id='word_1_251' title='bbox 1019 2996 1189 3062; x_wconf 84' lang='lat' dir='ltr'>Resp.]</span> <span class='ocrx_word' id='word_1_252' title='bbox 1205 3012 1288 3062; x_wconf 89' lang='lat' dir='ltr'>pp.</span> <span class='ocrx_word' id='word_1_253' title='bbox 1310 3001 1405 3049; x_wconf 82' lang='lat'>185</span> <span class='ocrx_word' id='word_1_254' title='bbox 1430 3003 1481 3047; x_wconf 89' lang='lat' dir='ltr'>et</span> <span class='ocrx_word' id='word_1_255' title='bbox 1501 3000 1612 3047; x_wconf 85' lang='lat'>186.</span> <span class='ocrx_word' id='word_1_256' title='bbox 1632 2997 1766 3062; x_wconf 86' lang='lat' dir='ltr'>[Op.,</span> <span class='ocrx_word' id='word_1_257' title='bbox 1786 3001 1908 3046; x_wconf 81' lang='lat' dir='ltr'>tom.</span> <span class='ocrx_word' id='word_1_258' title='bbox 1928 2999 2012 3047; x_wconf 87' lang='lat' dir='ltr'>vii.</span> <span class='ocrx_word' id='word_1_259' title='bbox 2036 2998 2129 3047; x_wconf 86' lang='lat' dir='ltr'>col.</span> <span class='ocrx_word' id='word_1_260' title='bbox 2148 3001 2262 3049; x_wconf 85' lang='lat'>808.</span> <span class='ocrx_word' id='word_1_261' title='bbox 2287 2999 2340 3049; x_wconf 88' lang='lat' dir='ltr'>C.</span> <span class='ocrx_word' id='word_1_262' title='bbox 2359 2999 2444 3064; x_wconf 96' lang='lat' dir='ltr'>D.]</span> 
     </span>
    </p>
   </div>
   <div class='ocr_carea' id='block_1_4' title="bbox 330 3112 2502 3244">
    <p class='ocr_par' dir='ltr' id='par_1_4' title="bbox 330 3112 2502 3244">
     <span class='ocr_line' id='line_1_28' title="bbox 330 3112 2502 3244; baseline -0 -65"><span class='ocrx_word' id='word_1_263' title='bbox 330 3116 509 3181; x_wconf 82' lang='lat' dir='ltr'>Quos</span> <span class='ocrx_word' id='word_1_264' title='bbox 560 3122 778 3177; x_wconf 88' lang='lat' dir='ltr'>autem</span> <span class='ocrx_word' id='word_1_265' title='bbox 827 3121 1283 3177; x_wconf 85' lang='lat' dir='ltr'>commemorat</span> <span class='ocrx_word' id='word_1_266' title='bbox 1334 3112 1442 3190; x_wconf 86' lang='lat' dir='ltr'>ibi,</span> <span class='ocrx_word' id='word_1_267' title='bbox 1485 3133 1562 3175; x_wconf 81' lang='lat' dir='ltr'>ex</span> <span class='ocrx_word' id='word_1_268' title='bbox 1610 3112 1964 3196; x_wconf 85' lang='lat' dir='ltr'>Evangelio</span> <span class='ocrx_word' id='word_1_269' title='bbox 2008 3120 2074 3176; x_wconf 91' lang='lat' dir='ltr'>et</span> <span class='ocrx_word' id='word_1_270' title='bbox 2118 3115 2441 3197; x_wconf 87' lang='lat' dir='ltr'>Epistolis,</span> <span class='ocrx_word' id='word_1_271' title='bbox 2471 3132 2502 3244; x_wconf 51' lang='lat' dir='ltr'>k</span> 
     </span>
    </p>
   </div>
   <div class='ocr_carea' id='block_1_5' title="bbox 231 3215 2441 3301">
    <p class='ocr_par' dir='ltr' id='par_1_5' title="bbox 231 3215 2441 3301">
     <span class='ocr_line' id='line_1_29' title="bbox 231 3215 2441 3301; baseline -0 -19"><span class='ocrx_word' id='word_1_272' title='bbox 231 3226 540 3282; x_wconf 88' lang='lat' dir='ltr'>venturos</span> <span class='ocrx_word' id='word_1_273' title='bbox 568 3217 1166 3298; x_wconf 70' lang='lat' dir='ltr'>Pseudoprophetas,</span> <span class='ocrx_word' id='word_1_274' title='bbox 1189 3217 1494 3293; x_wconf 73' lang='lat' dir='ltr'>illusores,</span> <span class='ocrx_word' id='word_1_275' title='bbox 1524 3215 1738 3278; x_wconf 73' lang='lat' dir='ltr'>sidera</span> <span class='ocrx_word' id='word_1_276' title='bbox 1769 3217 2054 3279; x_wconf 74' lang='lat' dir='ltr'>errantia</span> <span class='ocrx_word' id='word_1_277' title='bbox 2077 3244 2096 3278; x_wconf 89' lang='lat'><em>:</em></span> <span class='ocrx_word' id='word_1_278' title='bbox 2130 3218 2441 3301; x_wconf 88' lang='lat' dir='ltr'>intellige,</span> 
     </span>
    </p>
   </div>
   <div class='ocr_carea' id='block_1_6' title="bbox 2543 716 2674 779">
    <p class='ocr_par' dir='ltr' id='par_1_6' title="bbox 2543 716 2674 779">
     <span class='ocr_line' id='line_1_30' title="bbox 2543 716 2674 779; baseline 0.015 -2"><span class='ocrx_word' id='word_1_279' title='bbox 2543 716 2674 779; x_wconf 82' lang='lat'>328</span> 
     </span>
    </p>
   </div>
   <div class='ocr_carea' id='block_1_7' title="bbox 2470 3133 2771 3323">
    <p class='ocr_par' dir='ltr' id='par_1_7' title="bbox 2470 3133 2771 3323">
     <span class='ocr_line' id='line_1_31' title="bbox 2537 3133 2743 3182; baseline 0.015 -2"><span class='ocrx_word' id='word_1_280' title='bbox 2537 3133 2743 3182; x_wconf 86' lang='lat' dir='ltr'>utherus</span> 
     </span>
     <span class='ocr_line' id='line_1_32' title="bbox 2506 3197 2771 3248; baseline 0.011 -3"><span class='ocrx_word' id='word_1_281' title='bbox 2506 3197 2604 3245; x_wconf 83' lang='lat' dir='ltr'>aud</span> <span class='ocrx_word' id='word_1_282' title='bbox 2630 3198 2771 3248; x_wconf 84' lang='lat' dir='ltr'>Pseu-</span> 
     </span>
     <span class='ocr_line' id='line_1_33' title="bbox 2470 3260 2643 3323; baseline 0.023 -15"><span class='ocrx_word' id='word_1_283' title='bbox 2470 3260 2643 3323; x_wconf 86' lang='lat' dir='ltr'>dopro-</span> 
     </span>
    </p>
   </div>
   <div class='ocr_carea' id='block_1_8' title="bbox 220 3317 2665 3402">
    <p class='ocr_par' dir='ltr' id='par_1_8' title="bbox 220 3317 2665 3402">
     <span class='ocr_line' id='line_1_34' title="bbox 220 3317 2665 3402; baseline -0.001 -18"><span class='ocrx_word' id='word_1_284' title='bbox 220 3340 652 3402; x_wconf 74' lang='lat' dir='ltr'>praecursores</span> <span class='ocrx_word' id='word_1_285' title='bbox 700 3326 766 3383; x_wconf 90' lang='lat' dir='ltr'>et</span> <span class='ocrx_word' id='word_1_286' title='bbox 810 3319 980 3383; x_wconf 79' lang='lat' dir='ltr'>viam</span> <span class='ocrx_word' id='word_1_287' title='bbox 1039 3324 1397 3381; x_wconf 86' lang='lat' dir='ltr'>sternentes</span> <span class='ocrx_word' id='word_1_288' title='bbox 1455 3317 1857 3381; x_wconf 83' lang='lat' dir='ltr'>Antichristo</span> <span class='ocrx_word' id='word_1_289' title='bbox 1914 3327 2158 3383; x_wconf 82' lang='lat' dir='ltr'>vestro:</span> <span class='ocrx_word' id='word_1_290' title='bbox 2226 3341 2442 3402; x_wconf 86' lang='lat' dir='ltr'>quare,</span> <span class='ocrx_word' id='word_1_291' title='bbox 2472 3327 2665 3391; x_wconf 64' lang='lat' dir='ltr'>pheta]</span> 
     </span>
    </p>
   </div>
   <div class='ocr_carea' id='block_1_9' title="bbox 235 3419 2452 4429">
    <p class='ocr_par' dir='ltr' id='par_1_9' title="bbox 235 3419 2452 4429">
     <span class='ocr_line' id='line_1_35' title="bbox 235 3419 2444 3505; baseline -0.001 -19"><span class='ocrx_word' id='word_1_292' title='bbox 235 3432 452 3487; x_wconf 88' lang='lat' dir='ltr'>vestro</span> <span class='ocrx_word' id='word_1_293' title='bbox 496 3423 575 3486; x_wconf 93' lang='lat' dir='ltr'>de</span> <span class='ocrx_word' id='word_1_294' title='bbox 621 3423 833 3505; x_wconf 86' lang='lat' dir='ltr'>Grege</span> <span class='ocrx_word' id='word_1_295' title='bbox 881 3442 1126 3486; x_wconf 87' lang='lat' dir='ltr'>omnes.</span> <span class='ocrx_word' id='word_1_296' title='bbox 1214 3420 1308 3482; x_wconf 83' lang='lat' dir='ltr'>At</span> <span class='ocrx_word' id='word_1_297' title='bbox 1342 3419 1416 3499; x_wconf 89' lang='lat' dir='ltr'>is,</span> <span class='ocrx_word' id='word_1_298' title='bbox 1447 3426 1523 3482; x_wconf 91' lang='lat' dir='ltr'>ut</span> <span class='ocrx_word' id='word_1_299' title='bbox 1552 3426 1839 3501; x_wconf 89' lang='lat' dir='ltr'>tempore</span> <span class='ocrx_word' id='word_1_300' title='bbox 1887 3441 2002 3483; x_wconf 89' lang='lat' dir='ltr'>suo</span> <span class='ocrx_word' id='word_1_301' title='bbox 2048 3422 2444 3500; x_wconf 81' lang='lat' dir='ltr'>revelandus,</span> 
     </span>
     <span class='ocr_line' id='line_1_36' title="bbox 236 3520 2448 3609; baseline -0.001 -19"><span class='ocrx_word' id='word_1_302' title='bbox 236 3527 336 3590; x_wconf 85' lang='lat' dir='ltr'>ita</span> <span class='ocrx_word' id='word_1_303' title='bbox 382 3526 463 3590; x_wconf 88' lang='lat' dir='ltr'>ab</span> <span class='ocrx_word' id='word_1_304' title='bbox 502 3525 855 3609; x_wconf 82' lang='lat' dir='ltr'>aliquibus:</span> <span class='ocrx_word' id='word_1_305' title='bbox 904 3525 952 3587; x_wconf 87' lang='lat' dir='ltr'>ii</span> <span class='ocrx_word' id='word_1_306' title='bbox 979 3544 1128 3587; x_wconf 88' lang='lat' dir='ltr'>vero</span> <span class='ocrx_word' id='word_1_307' title='bbox 1159 3544 1243 3586; x_wconf 87' lang='lat' dir='ltr'>an</span> <span class='ocrx_word' id='word_1_308' title='bbox 1272 3522 1611 3604; x_wconf 87' lang='lat' dir='ltr'>Prophetae</span> <span class='ocrx_word' id='word_1_309' title='bbox 1640 3520 1741 3584; x_wconf 87' lang='lat' dir='ltr'>vel</span> <span class='ocrx_word' id='word_1_310' title='bbox 1772 3522 2245 3585; x_wconf 87' lang='lat' dir='ltr'>Reformatores</span> <span class='ocrx_word' id='word_1_311' title='bbox 2286 3523 2448 3608; x_wconf 84' lang='lat' dir='ltr'>(sive</span> 
     </span>
     <span class='ocr_line' id='line_1_37' title="bbox 241 3623 2449 3712; baseline -0.001 -21"><span class='ocrx_word' id='word_1_312' title='bbox 241 3630 455 3692; x_wconf 85' lang='lat' dir='ltr'>Stelloe</span> <span class='ocrx_word' id='word_1_313' title='bbox 501 3626 750 3712; x_wconf 81' lang='lat' dir='ltr'>lucidae)</span> <span class='ocrx_word' id='word_1_314' title='bbox 793 3624 1049 3690; x_wconf 89' lang='lat' dir='ltr'>dicendi</span> <span class='ocrx_word' id='word_1_315' title='bbox 1085 3625 1235 3704; x_wconf 88' lang='lat' dir='ltr'>sint,</span> <span class='ocrx_word' id='word_1_316' title='bbox 1266 3624 1347 3687; x_wconf 91' lang='lat' dir='ltr'>de</span> <span class='ocrx_word' id='word_1_317' title='bbox 1375 3644 1529 3687; x_wconf 87' lang='lat' dir='ltr'>voce</span> <span class='ocrx_word' id='word_1_318' title='bbox 1569 3643 1703 3686; x_wconf 91' lang='lat' dir='ltr'>non</span> <span class='ocrx_word' id='word_1_319' title='bbox 1744 3623 2211 3687; x_wconf 87' lang='lat' dir='ltr'>contendimus.</span> <span class='ocrx_word' id='word_1_320' title='bbox 2303 3626 2449 3688; x_wconf 90' lang='lat' dir='ltr'>Viri</span> 
     </span>
     <span class='ocr_line' id='line_1_38' title="bbox 239 3725 2450 3816; baseline -0.001 -21"><span class='ocrx_word' id='word_1_321' title='bbox 239 3731 504 3816; x_wconf 90' lang='lat' dir='ltr'>quidem</span> <span class='ocrx_word' id='word_1_322' title='bbox 531 3731 689 3795; x_wconf 82' lang='lat' dir='ltr'>boni</span> <span class='ocrx_word' id='word_1_323' title='bbox 717 3731 850 3794; x_wconf 90' lang='lat' dir='ltr'>sint</span> <span class='ocrx_word' id='word_1_324' title='bbox 877 3735 1150 3813; x_wconf 90' lang='lat' dir='ltr'>oportet,</span> <span class='ocrx_word' id='word_1_325' title='bbox 1182 3736 1269 3804; x_wconf 89' lang='lat' dir='ltr'>et,</span> <span class='ocrx_word' id='word_1_326' title='bbox 1294 3726 1348 3789; x_wconf 89' lang='lat' dir='ltr'>si</span> <span class='ocrx_word' id='word_1_327' title='bbox 1379 3726 1468 3788; x_wconf 86' lang='lat' dir='ltr'>ad</span> <span class='ocrx_word' id='word_1_328' title='bbox 1504 3725 1734 3806; x_wconf 63' lang='lat' dir='ltr'>Legem</span> <span class='ocrx_word' id='word_1_329' title='bbox 1773 3731 1834 3787; x_wconf 88' lang='lat' dir='ltr'>et</span> <span class='ocrx_word' id='word_1_330' title='bbox 1870 3726 2304 3788; x_wconf 75' lang='lat' dir='ltr'>Testimonium</span> <span class='ocrx_word' id='word_1_331' title='bbox 2334 3750 2450 3792; x_wconf 85' lang='lat' dir='ltr'>sua</span> 
     </span>
     <span class='ocr_line' id='line_1_39' title="bbox 240 3829 2448 3916; baseline -0.002 -19"><span class='ocrx_word' id='word_1_332' title='bbox 240 3841 564 3912; x_wconf 88' lang='lat' dir='ltr'>revocent,</span> <span class='ocrx_word' id='word_1_333' title='bbox 609 3832 920 3916; x_wconf 89' lang='lat' dir='ltr'>speranda</span> <span class='ocrx_word' id='word_1_334' title='bbox 963 3830 1044 3894; x_wconf 90' lang='lat' dir='ltr'>ab</span> <span class='ocrx_word' id='word_1_335' title='bbox 1083 3830 1231 3909; x_wconf 88' lang='lat' dir='ltr'>illis,</span> <span class='ocrx_word' id='word_1_336' title='bbox 1263 3838 1572 3912; x_wconf 84' lang='lat' dir='ltr'>tanquam</span> <span class='ocrx_word' id='word_1_337' title='bbox 1605 3829 1820 3891; x_wconf 69' lang='lat' dir='ltr'>Stellis</span> <span class='ocrx_word' id='word_1_338' title='bbox 1862 3829 2105 3908; x_wconf 74' lang='lat' dir='ltr'>lucidis,</span> <span class='ocrx_word' id='word_1_339' title='bbox 2139 3832 2448 3893; x_wconf 83' lang='lat' dir='ltr'>matutina</span> 
     </span>
     <span class='ocr_line' id='line_1_40' title="bbox 241 3931 2445 4017; baseline -0.002 -19"><span class='ocrx_word' id='word_1_340' title='bbox 241 3936 410 4000; x_wconf 72' lang='lat' dir='ltr'>Lux.</span> <span class='ocrx_word' id='word_1_341' title='bbox 503 3936 746 4002; x_wconf 80' lang='lat' dir='ltr'>Quodsi</span> <span class='ocrx_word' id='word_1_342' title='bbox 799 3934 880 3998; x_wconf 89' lang='lat' dir='ltr'>ad</span> <span class='ocrx_word' id='word_1_343' title='bbox 940 3933 1233 4017; x_wconf 90' lang='lat' dir='ltr'>Apostoli</span> <span class='ocrx_word' id='word_1_344' title='bbox 1286 3932 1470 4015; x_wconf 87' lang='lat' dir='ltr'>signa</span> <span class='ocrx_word' id='word_1_345' title='bbox 1521 3931 1654 3993; x_wconf 85' lang='lat' dir='ltr'>sint</span> <span class='ocrx_word' id='word_1_346' title='bbox 1704 3931 2021 4014; x_wconf 81' lang='lat' dir='ltr'>exigendi,</span> <span class='ocrx_word' id='word_1_347' title='bbox 2061 3933 2171 4015; x_wconf 90' lang='lat' dir='ltr'>qui</span> <span class='ocrx_word' id='word_1_348' title='bbox 2217 3934 2445 4013; x_wconf 83' lang='lat' dir='ltr'>cupidi,</span> 
     </span>
     <span class='ocr_line' id='line_1_41' title="bbox 241 4034 2448 4120; baseline -0.001 -19"><span class='ocrx_word' id='word_1_349' title='bbox 241 4039 417 4116; x_wconf 85' lang='lat' dir='ltr'>elati,</span> <span class='ocrx_word' id='word_1_350' title='bbox 448 4038 717 4120; x_wconf 69' lang='lat' dir='ltr'>superbi,</span> <span class='ocrx_word' id='word_1_351' title='bbox 748 4038 1086 4118; x_wconf 72' lang='lat' dir='ltr'>blasphemi</span> <span class='ocrx_word' id='word_1_352' title='bbox 1108 4064 1127 4098; x_wconf 92' lang='lat'>.·</span> <span class='ocrx_word' id='word_1_353' title='bbox 1177 4035 1489 4100; x_wconf 85' lang='lat' dir='ltr'>Pontifice</span> <span class='ocrx_word' id='word_1_354' title='bbox 1518 4041 1729 4097; x_wconf 81' lang='lat' dir='ltr'>vestro</span> <span class='ocrx_word' id='word_1_355' title='bbox 1768 4034 1909 4116; x_wconf 88' lang='lat' dir='ltr'>quis</span> <span class='ocrx_word' id='word_1_356' title='bbox 1937 4034 2140 4117; x_wconf 89' lang='lat' dir='ltr'>magis</span> <span class='ocrx_word' id='word_1_357' title='bbox 2170 4036 2448 4116; x_wconf 65' lang='lat' dir='ltr'>cupidus,</span> 
     </span>
     <span class='ocr_line' id='line_1_42' title="bbox 243 4137 2451 4223; baseline -0.001 -19"><span class='ocrx_word' id='word_1_358' title='bbox 243 4149 360 4204; x_wconf 86' lang='lat' dir='ltr'>aut</span> <span class='ocrx_word' id='word_1_359' title='bbox 407 4143 552 4204; x_wconf 74' lang='lat' dir='ltr'>auri</span> <span class='ocrx_word' id='word_1_360' title='bbox 594 4142 830 4219; x_wconf 72' lang='lat' dir='ltr'>sitiens,</span> <span class='ocrx_word' id='word_1_361' title='bbox 862 4162 939 4203; x_wconf 82' lang='lat' dir='ltr'>ex</span> <span class='ocrx_word' id='word_1_362' title='bbox 970 4139 1419 4223; x_wconf 87' lang='lat' dir='ltr'>Indulgentiis,</span> <span class='ocrx_word' id='word_1_363' title='bbox 1454 4138 1496 4201; x_wconf 85' lang='lat' dir='ltr'><strong>J</strong></span> <span class='ocrx_word' id='word_1_364' title='bbox 1501 4137 1747 4216; x_wconf 84' lang='lat' dir='ltr'>ubileis,</span> <span class='ocrx_word' id='word_1_365' title='bbox 1779 4138 1954 4202; x_wconf 79' lang='lat' dir='ltr'>Taxa</span> <span class='ocrx_word' id='word_1_366' title='bbox 1990 4138 2401 4203; x_wconf 88' lang='lat' dir='ltr'>Cancellariae</span> <span class='ocrx_word' id='word_1_367' title='bbox 2420 4139 2451 4202; x_wconf 64' lang='grc' dir='ltr'><em>ἲ</em></span> 
     </span>
     <span class='ocr_line' id='line_1_43' title="bbox 247 4241 2451 4326; baseline -0.002 -18"><span class='ocrx_word' id='word_1_368' title='bbox 247 4244 416 4309; x_wconf 77' lang='lat' dir='ltr'>Quis</span> <span class='ocrx_word' id='word_1_369' title='bbox 445 4245 645 4307; x_wconf 75' lang='lat' dir='ltr'>elatus</span> <span class='ocrx_word' id='word_1_370' title='bbox 671 4244 897 4326; x_wconf 84' lang='lat' dir='ltr'>magis,</span> <span class='ocrx_word' id='word_1_371' title='bbox 930 4242 1040 4326; x_wconf 90' lang='lat' dir='ltr'>qui</span> <span class='ocrx_word' id='word_1_372' title='bbox 1069 4264 1201 4306; x_wconf 92' lang='lat' dir='ltr'>non</span> <span class='ocrx_word' id='word_1_373' title='bbox 1231 4242 1519 4305; x_wconf 82' lang='lat' dir='ltr'>Jumento</span> <span class='ocrx_word' id='word_1_374' title='bbox 1551 4241 1783 4324; x_wconf 87' lang='lat' dir='ltr'>aliquo,</span> <span class='ocrx_word' id='word_1_375' title='bbox 1816 4243 2087 4305; x_wconf 65' lang='lat' dir='ltr'>humeris</span> <span class='ocrx_word' id='word_1_376' title='bbox 2113 4242 2451 4304; x_wconf 82' lang='lat' dir='ltr'>Hominum</span> 
     </span>
     <span class='ocr_line' id='line_1_44' title="bbox 245 4345 2452 4429; baseline -0.001 -18"><span class='ocrx_word' id='word_1_377' title='bbox 245 4347 603 4411; x_wconf 80' lang='lat' dir='ltr'>efferatur?</span> <span class='ocrx_word' id='word_1_378' title='bbox 694 4346 859 4413; x_wconf 81' lang='lat' dir='ltr'>Quis</span> <span class='ocrx_word' id='word_1_379' title='bbox 910 4346 1113 4429; x_wconf 84' lang='lat' dir='ltr'>magis</span> <span class='ocrx_word' id='word_1_380' title='bbox 1157 4345 1473 4426; x_wconf 66' lang='lat' dir='ltr'>superbus,</span> <span class='ocrx_word' id='word_1_381' title='bbox 1505 4345 1618 4428; x_wconf 82' lang='lat' dir='ltr'>qui</span> <span class='ocrx_word' id='word_1_382' title='bbox 1671 4345 1945 4407; x_wconf 68' lang='lat' dir='ltr'>Caesares</span> <span class='ocrx_word' id='word_1_383' title='bbox 1984 4346 2158 4427; x_wconf 87' lang='lat' dir='ltr'>quasi</span> <span class='ocrx_word' id='word_1_384' title='bbox 2205 4346 2452 4426; x_wconf 73' lang='lat' dir='ltr'>aspides</span> 
     </span>
    </p>
   </div>
   <div class='ocr_carea' id='block_1_10' title="bbox 651 4513 2047 4580">
    <p class='ocr_par' dir='ltr' id='par_1_10' title="bbox 651 4513 2047 4580">
     <span class='ocr_line' id='line_1_45' title="bbox 651 4513 2047 4580; baseline -0.002 -16"><span class='ocrx_word' id='word_1_385' title='bbox 651 4513 674 4546; x_wconf 72' lang='lat'>⁸·</span> <span class='ocrx_word' id='word_1_386' title='bbox 705 4513 840 4580; x_wconf 86' lang='lat' dir='ltr'>[Job.</span> <span class='ocrx_word' id='word_1_387' title='bbox 867 4514 1060 4564; x_wconf 69' lang='lat' dir='ltr'>xxxvii.</span> <span class='ocrx_word' id='word_1_388' title='bbox 1086 4517 1163 4563; x_wconf 82' lang='lat'>22.</span> <span class='ocrx_word' id='word_1_389' title='bbox 1211 4514 1362 4578; x_wconf 82' lang='lat' dir='ltr'>Vulg.</span> <span class='ocrx_word' id='word_1_390' title='bbox 1382 4519 1432 4564; x_wconf 83' lang='lat' dir='ltr'>et</span> <span class='ocrx_word' id='word_1_391' title='bbox 1455 4528 1576 4563; x_wconf 80' lang='lat' dir='ltr'>vers.</span> <span class='ocrx_word' id='word_1_392' title='bbox 1602 4519 1757 4563; x_wconf 81' lang='lat' dir='ltr'>nostr.</span> <span class='ocrx_word' id='word_1_393' title='bbox 1782 4513 1836 4562; x_wconf 90' lang='lat' dir='ltr'>in</span> <span class='ocrx_word' id='word_1_394' title='bbox 1860 4513 2047 4579; x_wconf 51' lang='lat' dir='ltr'>marg]</span> 
     </span>
    </p>
   </div>
  </div>
 </body>
</html>
