3165 4959
1031 369 1398 418 APOLoolAM
1441 371 1806 419 imsrowslo.
2401 362 2525 423 123

303 527 506 608 seria,
561 524 1036 609 proferendum.
1129 528 1222 589 At
1266 526 1336 590 in
1378 528 1654 593 Martini
1699 537 1919 592 tamen
1962 529 2134 593 facto
2180 530 2318 612 ipso
2361 530 2522 595 nihil

314 628 746 706 incommodi;
795 629 1098 713 quicquid
1149 638 1267 709 est,
1329 631 1398 694 id
1455 654 1534 696 ex
1587 634 1802 697 Severi
1863 635 2075 717 glossa
2123 642 2339 697 totum
2400 643 2517 699 est.

318 732 515 798 Quod
542 732 715 795 enim
745 732 899 794 fecit
927 732 1057 810 ille,
1088 741 1303 816 posset
1334 735 1476 817 quis
1505 736 1915 819 interpretari
1944 737 2113 800 forte
2144 738 2519 815 commode3

313 856 539 898 verum
572 835 743 918 quod
772 835 1171 899 existimasse
1202 857 1350 899 eum
1383 838 1536 901 dicit
1586 840 1878 918 SeveruS,
1917 840 2173 923 (nempe
2212 843 2522 922 intem-um

313 937 439 999 sibi
466 958 588 1000 non
609 936 775 1019 fore,
810 939 868 1000 si
895 939 1126 1020 Reyem
1157 940 1525 1021 presbytero
1542 943 1952 1025 praetulisset)
2005 942 2074 1005 id
2118 943 2201 1006 ad
2236 944 2521 1006 Glossam

319 1039 540 1103 Severi
568 1040 870 1123 pertinet,
901 1062 1034 1103 non
1049 1039 1302 1121 sactum
1332 1042 1624 1107 Martini.
1721 1044 1896 1108 Nam
1936 1044 2005 1107 id
2034 1044 2362 1108 Martinus
2394 1046 2520 1109 alio

315 1143 582 1206 consilio
623 1143 849 1207 fecisse
899 1152 1186 1226 poterat:
1236 1166 1486 1229 nempe,
1527 1167 1612 1210 ne
1654 1147 1833 1210 rudis
1861 1154 2053 1225 esset,
2096 1154 2163 1211 et
2205 1148 2275 1211 in
2316 1148 2520 1212 bonos

316 1266 530 1309 mores
576 1253 891 1328 peccaret,
943 1246 993 1308 si
1041 1259 1380 1330 postquam
1431 1249 1711 1332 (quando
1747 1249 1841 1313 ita
1868 1250 2072 1314 voluit
2121 1252 2507 1335 Imperator)

316 1346 585 1411 bibisset
606 1349 742 1432 ipse
767 1349 925 1431 jam,
948 1351 1325 1430 Imperatori
1345 1357 1635 1434 pateram
1654 1353 2042 1434 porrexisset
2068 1378 2081 1415 ε
2121 1360 2253 1430 aut,
2274 1354 2520 1436 siquem

316 1459 607 1534 putasset
651 1451 740 1515 ibi
776 1459 1010 1534 praeter
1040 1453 1497 1537 Presbyterum
1538 1475 1747 1533 suum,
1783 1456 1892 1538 qui
1934 1475 2002 1518 se
2031 1454 2298 1518 inferior
2325 1463 2518 1533 esset,

315 1554 423 1617 cui
451 1560 593 1616 tum
621 1561 910 1636 pateram
937 1555 1259 1637 porrigere
1289 1556 1623 1638 potuisset.

404 1659 516 1735 At,
550 1679 690 1742 quae
731 1659 1024 1722 Martino
1062 1659 1134 1722 in
1174 1681 1250 1723 eo
1289 1681 1491 1738 mens,
1529 1660 1639 1743 qui
1683 1659 1897 1742 potuit
1938 1661 2172 1724 Severo
2207 1668 2519 1738 constare,

315 1761 442 1824 nisi
486 1762 776 1825 Martino
813 1762 1182 1826 referente?
1262 1765 1531 1826 Severus
1563 1763 1859 1827 retulisse
1900 1785 2033 1827 non
2071 1763 2226 1827 dicit
2243 1790 2262 1840 3
2312 1764 2425 1827 sed
2465 1763 2522 1826 si

315 1866 411 1927 ita
439 1864 679 1942 retulit,
712 1873 778 1928 et
813 1872 1122 1948 tanquam
1164 1865 1243 1929 dc
1288 1865 1458 1929 bono
1503 1866 1674 1930 facto
1719 1866 2031 1948 gloriatus
2078 1873 2193 1943 est,
2220 1868 2520 1949 yloriatio

313 1968 455 2049 ipsa
485 1988 607 2029 non
637 1967 845 2046 boncz',
880 1989 999 2031 nec
1033 1989 1175 2051 quae
1209 1970 1524 2033 Sanctum
1555 1970 1781 2033 decere
1809 1978 2050 2053 posset.
2115 1969 2261 2033 Nisi
2293 1969 2346 2033 si
2374 1970 2519 2033 ideo

312 2071 491 2148 fecit,
534 2070 705 2154 quod
751 2071 1134 2149 Maximum,
1177 2092 1326 2135 cum
1370 2072 1764 2155 proditorem
1815 2072 2133 2154 perfidum
2187 2073 2399 2150 sciret,
2453 2078 2519 2136 et

313 2172 698 2256 parricidam
751 2173 1017 2236 Domini
1065 2174 1217 2251 sui⁵,
1260 2175 1572 2239 honorem
1621 2175 1701 2252 ei,
1750 2182 2062 2257 tanquam
2110 2176 2517 2258 Imperatori,

313 2276 553 2339 habere
581 2276 811 2340 noluit.
907 2276 1055 2359 Sed,
1086 2276 1139 2340 si
1168 2278 1261 2341 ita
1288 2277 1461 2341 inter
1500 2278 1795 2362 scyphos,
1828 2277 2287 2361 Presbyterum
2329 2300 2522 2342 suum

316 2381 626 2462 majorem
658 2380 949 2443 Maximo
990 2380 1377 2444 existimavit
1391 2405 1410 2457 3
1459 2403 1574 2445 cur
1603 2380 1793 2443 initio
1827 2386 1977 2461 post
2006 2381 2297 2443 Fratrem
2325 2381 2520 2462 Regis

313 2504 540 2565 passus
588 2492 685 2546 est
722 2483 1145 2547 accumbere?
1236 2485 1370 2548 Cur
1416 2506 1549 2547 non
1591 2483 1713 2547 sibi
1756 2483 2165 2566 proximum?
2227 2485 2357 2548 imo
2405 2505 2521 2547 cur

314 2586 644 2650 Martinus
672 2586 809 2669 ipse
834 2586 1136 2669 dignatus
1164 2588 1385 2650 sellula
1413 2587 1832 2667 sederejwta
1862 2587 2308 2666 Imperatorem
2328 2587 2361 2648 ‚2
2406 2606 2522 2648 cur

316 2710 451 2752 non
482 2697 771 2772 uterque,
820 2690 1152 2753 Martinus
1184 2698 1250 2754 et
1280 2690 1647 2773 Presbyter,
1681 2688 1925 2751 sellulis
1973 2708 2107 2749 non
2138 2689 2356 2767 juoeta,
2409 2687 2522 2750 sed

313 2814 507 2873 supra
558 2794 1026 2875 Imperatorem
1072 2793 1286 2876 ipsum
1338 2792 1586 2875 positiS,
1634 2789 2075 2854 accubuerunt
2093 2790 2123 2851 ¹?
2215 2790 2349 2853 Cur
2388 2809 2522 2851 non

319 2897 563 2978 Regem
595 2895 676 2959 ad
708 2896 974 2959 tertium
996 2917 1201 2980 usque
1221 2895 1433 2959 locum
1462 2894 1596 2978 (qui
1620 2915 1774 2956 suus
1798 2893 1956 2975 erat)
1991 2893 2519 2955 summoverunt?

316 2998 417 3061 vel
451 3000 549 3080 (ut
581 2997 937 3063 Cardinalis
965 3020 1120 3062 voce
1149 2999 1319 3081 utar)
1360 3019 1475 3061 cur
1504 3019 1640 3060 non
1681 2998 1880 3058 locum
1909 2995 2175 3058 tertium
2207 3014 2523 3076 capessere

307 3103 644 3186 jusserunt
663 3104 696 3165 ?
786 3102 1034 3168 Quodsi
1065 3104 1533 3185 Imperatorem
1570 3099 1928 3183 digniorem
1962 3098 2373 3175 existimavit,
2412 3098 2521 3181 qui

314 3211 469 3267 ante
499 3226 566 3268 se
593 3206 852 3282 sederet,
885 3227 1001 3269 cur
1039 3228 1172 3269 non
1215 3204 1322 3288 qui
1360 3204 1644 3267 biberet?
1735 3202 2010 3268 Quando
2050 3203 2358 3284 inteyrum
2402 3202 2523 3264 sibi

315 3329 439 3370 non
478 3310 732 3389 putavit
757 3307 925 3390 fore,
961 3309 1015 3371 si
1043 3309 1114 3371 in
1144 3308 1389 3371 bibendi
1429 3307 1654 3370 ordine
1683 3306 1914 3388 Reyem
1943 3305 2317 3386 Presbytero
2354 3325 2521 3386 prce-

316 3412 601 3483 tulisset,·
634 3432 751 3474 cur
773 3417 839 3475 et
868 3411 1033 3474 illud
1058 3430 1308 3494 quoque
1333 3431 1453 3472 non
1481 3410 1808 3491 intem-um,
1842 3408 1896 3470 si
1919 3416 1985 3470 et
2013 3408 2268 3470 sedendi
2298 3406 2521 3469 ordine

318 3514 481 3596 Regi
528 3514 986 3598 Presbyterum
1034 3511 1567 3596 posthabuisset?
1680 3512 1790 3573 An
1841 3517 1940 3572 est
1989 3509 2267 3572 Martini
2313 3509 2522 3571 honor

314 3617 523 3679 omnis
572 3617 645 3678 in
696 3617 996 3680 Poculis?
1052 3624 1119 3678 at
1167 3614 1414 3678 solebat
1464 3614 1535 3676 in
1589 3613 1748 3676 Sede
1797 3610 2011 3694 potius
2061 3610 2269 3693 prima
2317 3609 2523 3672 honor

314 3740 455 3782 esse
472 3746 492 3797 5
556 3726 621 3782 et
680 3719 751 3781 in
809 3715 1337 3805 πρωτοκλισίαις,
1399 3738 1531 3779 non
1590 3709 2091 3799 πρωτοποσίαις.
2187 3711 2303 3774 Lis
2364 3731 2518 3792 ergo

312 3821 498 3884 nobis
544 3842 622 3884 ex
671 3842 856 3904 aequo
898 3819 1158 3904 pendet,
1207 3827 1344 3882 tam
1389 3817 1723 3881 Maximus
1769 3814 2060 3878 Martino
2105 3813 2329 3896 major,
2371 3812 2522 3896 quia

312 3931 465 3986 ante
494 3944 644 3986 eum
674 3923 860 4002 sedit,
909 3945 1101 4007 quam
1133 3922 1343 3985 minor
1374 3919 1686 3997 Martino,
1722 3917 1893 4001 quod
1922 3923 2067 3998 post
2098 3937 2248 3978 eum
2280 3915 2453 3977 bibit.

402 4026 552 4104 Sed,
584 4026 688 4090 dic
732 4028 928 4091 etiam
965 4027 1045 4091 de
1076 4028 1316 4090 Patera
1343 4052 1361 4086 :
1409 4024 1479 4086 in
1520 4044 1597 4086 ea
1636 4042 1750 4085 cur
1781 4019 2110 4083 Martinus
2149 4017 2522 4081 ministrum

314 4150 447 4193 non
481 4129 858 4212 praevortit‘?
905 4151 1020 4194 cur
1072 4151 1204 4193 non
1248 4126 1579 4211 praeripuit
1629 4124 1794 4206 Regi
1845 4120 2183 4206 pateram?
2229 4140 2344 4183 cur
2386 4140 2522 4182 non

313 4231 684 4295 ministrum
734 4232 1061 4316 corripuit,
1101 4232 1273 4314 quod
1320 4230 1482 4312 Regi
1530 4237 1820 4311 pateram
1866 4225 2074 4309 primo
2115 4222 2520 4305 porrexisset,

311 4356 447 4398 non
500 4335 641 4414 sibi,
690 4356 925 4418 nempe
975 4356 1101 4418 quo
1152 4333 1407 4417 dignior
1454 4337 1623 4395 esset
1672 4350 1804 4392 non
1851 4328 1988 4411 ipse
2039 4326 2252 4405 mod0,
2300 4326 2411 4389 sed
2457 4333 2522 4389 et

377 4513 395 4536 ¹
431 4504 476 4568 [1
507 4505 620 4554 Cor.
646 4518 690 4551 v.
718 4502 786 4566 6.]
1530 4505 1546 4527 ⁸
1582 4496 1738 4561 [Vide
1763 4495 1897 4545 Socr.
1923 4496 2058 4545 nist.
2085 4495 2216 4546 Eccl.
2241 4496 2328 4545 lib.
2350 4511 2392 4544 v.
2417 4512 2521 4559 cap.

1467 4565 1543 4611 11.
1569 4577 1652 4625 pp.
1679 4562 1790 4623 276,
1815 4561 1946 4624 277]

2656 3008 2738 3068 95
