3165 4959
1018 383 1381 433 stomoma
1424 386 1788 435 amPONsm.
2374 375 2502 437 293

290 532 728 598 Tertullianus
758 537 1091 619 abstinuit,
1132 547 1151 575 ‘
1175 543 1274 606 De
1305 543 1590 606 velandis
1621 542 2019 625 virginibus,'
2055 563 2193 625 cap.
2221 545 2322 606 10.
2398 544 2500 605 Ab

286 637 397 698 illo
434 638 684 702 Vicario
714 641 968 705 Domini
1001 644 1288 725 Spiritui.
1385 647 1657 725 Iterum,
1693 652 1712 680 ‘
1735 647 1836 710 De
1866 645 2498 729 praescriptionibus?

288 760 424 822 cap.
450 742 557 804 28.
633 743 1000 826 Neyleoeerit
1030 748 1297 831 officium
1326 749 1450 811 Dei
1477 751 1740 828 villicus,
1772 750 2007 812 Christi
2042 750 2330 811 Vzcarins
2354 750 2496 830 Spi-

285 846 451 906 ritus
483 847 793 912 Sanctus-³.
887 851 1030 913 Nec
1060 860 1156 914 est
1194 852 1455 916 habitus
1484 860 1706 916 tamen
1737 854 2074 931 ordinarie,
2107 852 2188 915 ab
2219 874 2296 915 ea
2321 873 2493 931 voce,

289 948 657 1012 Hoereticus.
733 953 863 1017 Qui
894 952 975 1039 ad
1005 954 1176 1017 idem
1207 955 1590 1037 exemplum,
1613 963 1837 1017 contra
1860 954 2190 1030 Praxeam,
2212 953 2497 1037 cap.24.¹‘

290 1051 623 1116 Christum
654 1053 879 1118 itidem
911 1055 1069 1119 dicit
1115 1057 1431 1119 Vicarium
1462 1058 1711 1120 Patris:
1761 1078 1879 1120 nec
1911 1057 2239 1121 Christum
2273 1064 2496 1120 tamen

290 1155 503 1233 Patre,
537 1178 657 1220 nec
689 1157 1003 1240 Spiritum
1035 1148 1295 1224 Christo
1325 1160 1718 1224 inferiorem.
1811 1161 1943 1224 Cur
1972 1160 2243 1223 eandem
2272 1182 2493 1224 vocem

287 1279 600 1342 usurpare
633 1261 796 1343 Regi
827 1283 961 1325 non
999 1262 1229 1326 licuit?
1276 1263 1401 1326 nisi
1429 1264 1567 1347 jam
1615 1284 1745 1325 non
1779 1263 2078 1326 Pontifex
2109 1263 2300 1341 soluS,
2339 1264 2491 1326 Gar-

288 1363 531 1425 dinales
562 1364 755 1427 etiam
798 1366 959 1447 (sine
996 1366 1333 1448 cathedra)
1371 1367 1634 1428 licere-sin
1663 1365 2020 1429 excudendi
2052 1367 2161 1450 jus
2191 1366 2489 1430 habeant.

286 1464 602 1527 Nondum
653 1465 900 1530 bimula
947 1475 1166 1530 tamen
1207 1470 1483 1531 Hoeresis
1532 1470 1692 1546 haec,
1739 1490 1860 1532 nec
1907 1468 2023 1532 ulli
2067 1476 2491 1552 praeterquam

288 1565 634 1645 cardinali,
667 1574 734 1629 et
762 1567 1161 1632 Jesuitastris
1193 1568 1601 1652 quibusdam,
1635 1569 1764 1651 qui,
1798 1570 2101 1653 quicquid
2134 1569 2491 1632 Cardinalis

284 1676 595 1746 exscreat,
640 1671 821 1752 quasi
874 1672 1005 1735 mel
1053 1693 1304 1735 merum
1350 1673 1457 1750 sit,
1496 1672 1834 1736 elambunt
1879 1673 2187 1755 protinus.
2281 1674 2321 1735 J
2327 1672 2492 1737 ubeo

283 1791 436 1833 vero
465 1792 719 1835 securos
750 1795 888 1836 esse
920 1774 1001 1837 de
1035 1775 1310 1853 Christo,
1345 1776 1715 1838 missionem
1762 1796 1942 1838 suam
1986 1797 2117 1839 non
2146 1775 2486 1853 revocabit,

290 1876 489 1957 (quod
517 1877 670 1940 facit
702 1878 878 1961 Papa
911 1877 1234 1961 subinde),
1268 1901 1389 1943 nec
1435 1880 1791 1963 periculum
1830 1901 1967 1944 esse
1998 1881 2225 1958 ullum,
2256 1889 2329 1943 ut
2361 1882 2487 1963 pri-

282 1983 472 2039 vetur
518 1980 724 2043 officio
776 1980 1075 2063 Spiritus,
1167 1982 1210 2044 J
1215 1982 1379 2046 ubeo
1430 1982 1658 2046 itidem
1713 2003 1971 2046 securos
2025 2004 2159 2046 esse
2177 2010 2195 2060 ;
2244 2004 2377 2046 non
2421 1983 2487 2046 id

282 2081 516 2162 agitur,
549 2088 622 2143 ut
654 2081 1049 2165 deprimatur
1078 2084 1211 2146 ulla
1242 2105 1317 2147 ex
1348 2092 1529 2167 parte
1558 2084 1854 2168 SpirituS,
1890 2085 1998 2167 qui
2031 2085 2151 2148 etsi
2175 2106 2213 2148 a
2232 2085 2488 2148 Christo

280 2183 536 2261 missus,
557 2185 679 2248 etsi
702 2206 741 2247 a
763 2185 1021 2249 Christo
1053 2187 1387 2270 accipienS,
1421 2209 1553 2250 non
1586 2188 1946 2270 semetipSO,
1981 2188 2238 2252 Christo
2268 2196 2489 2251 tamen

278 2307 400 2368 par
446 2308 902 2370 usquequaque
956 2295 1072 2351 est.
1163 2289 1242 2351 Id
1293 2290 1527 2372 agitur,
1582 2297 1656 2352 ut
1704 2291 1917 2353 locum
1965 2313 2149 2353 suum
2201 2299 2487 2374 capessat

288 2388 587 2471 Spiritus,
635 2390 981 2454 descendat
1032 2393 1330 2457 Pontifex
1347 2420 1366 2472 3
1416 2401 1480 2457 et
1529 2394 1797 2457 titulum
1850 2395 2222 2459 mendacem
2273 2401 2484 2472 exuat,

281 2513 477 2574 quem
523 2503 672 2557 ante
721 2517 923 2559 annos
971 2497 1148 2560 mille
1196 2497 1706 2581 quadringentos
1734 2499 2168 2561 Tertullianus
2217 2499 2488 2582 Spiritui

280 2594 547 2673 addixit,
579 2598 880 2662 Pontifici
909 2598 1011 2662 vix
1043 2600 1223 2678 aliua,
1256 2622 1448 2683 quam
1482 2600 1778 2665 Pontifex
1807 2601 1960 2683 ipse.
2053 2601 2484 2684 Quamquam,

278 2698 464 2762 litem
504 2700 740 2781 (credo)
775 2702 1193 2766 Tertulliano
1219 2725 1351 2767 non
1394 2703 1678 2767 movebit
1725 2704 1804 2766 de
1848 2704 2171 2766 Vicariatu
2209 2705 2445 2765 Christi
2462 2730 2483 2777 ;

281 2799 338 2862 si
371 2801 583 2883 (quem
618 2802 731 2864 diu
751 2804 888 2886 jam
921 2807 1209 2887 prensat)
1253 2807 1579 2868 Vicariatu
1601 2806 1724 2868 Dei
1753 2805 1943 2888 potiri
1976 2806 2166 2869 detur
2181 2831 2202 2883 3
2247 2811 2321 2868 ut
2352 2827 2484 2869 non

278 2909 416 2965 tam
439 2904 745 2967 Ecclesiis
772 2905 939 2988 (quae
960 2908 1177 2970 minus
1202 2908 1261 2971 ei
1290 2909 1480 2990 curae)
1494 2957 1512 2987 ,
1541 2930 1733 2991 quam
1750 2909 2060 2989 Imperiis,
2095 2908 2260 2990 (quae
2280 2908 2486 2992 magis

277 3005 478 3088 cordi)
512 3008 821 3071 dominari
866 3011 1083 3092 possit.
1179 3013 1375 3091 Nam,
1408 3020 1474 3076 et
1515 3012 1599 3075 ad
1638 3012 1816 3075 illam
1850 3013 2272 3075 celsitudinem
2301 3013 2485 3074 scaloe

279 3108 342 3171 ei
369 3108 508 3191 jam
538 3109 724 3188 fiunt,
757 3111 869 3175 sed
898 3134 1016 3195 quo
1046 3116 1247 3197 mayis
1291 3117 1359 3177 in
1396 3117 1595 3179 altum
1636 3116 1966 3192 attollitur,
1991 3115 2275 3197 pravior-i
2306 3116 2486 3195 lapsu

279 3213 385 3291 (ut
416 3234 560 3296 spes
590 3215 708 3297 est)
746 3217 991 3279 ruituro
1002 3215 1035 3280 ¹.

346 3363 429 3413 Sic
448 3364 710 3431 [loquitur]
724 3367 773 3417 S.
790 3368 1129 3431 Augustinus;
1158 3374 1171 3395 ‘
1184 3369 1304 3419 Post
1326 3373 1711 3434 promissionem
1731 3372 1966 3436 Spiritus,
1980 3386 2044 3422 ne
2061 3372 2326 3435 quisquam
2344 3375 2482 3433 puta-

411 3451 502 3508 ret,
524 3447 657 3510 quod
680 3450 755 3500 ita
771 3449 901 3499 Eum
926 3450 1174 3501 Dominus
1197 3451 1404 3502 daturus
1428 3454 1581 3503 fuerit
1602 3455 1743 3504 velut
1770 3469 1862 3518 pro
1885 3455 2065 3518 seipso,
2088 3459 2147 3502 ut
2169 3469 2272 3503 non
2294 3458 2346 3502 et
2369 3453 2484 3515 lpse

347 3694 360 3726 ἱ
402 3697 455 3760 [“
470 3695 598 3746 Cum
621 3703 882 3763 propterea
907 3700 1217 3749 Paracletum
1247 3700 1339 3748 mi·
1425 3701 1684 3758 veritatis;
1717 3698 2000 3760 neglexerit
2033 3698 2248 3747 officium
2274 3696 2371 3745 Dei
2394 3696 2483 3745 vil-

279 3760 403 3810 uerit
442 3761 705 3818 Dominus,
744 3770 803 3813 ιιι
845 3765 1082 3827 quoniam
1120 3764 1340 3814 bumana
1426 3764 1567 3821 licus,
1617 3763 1806 3812 Christi
1863 3763 2208 3811 Vioerius.”—-
2232 3760 2365 3809 Tert.
2419 3761 2481 3809 de

279 3824 603 3875 mediocritas
634 3829 807 3877 omnia
838 3830 990 3878 semel
1028 3844 1202 3891 capere
1238 3844 1339 3877 non
1427 3828 1711 3891 Proescript.
1761 3827 1952 3876 Hoeret.
1997 3842 2103 3890 cap.
2145 3826 2322 3873 xxviii.
2369 3827 2481 3888 Op„

278 3895 489 3951 poterat,
513 3892 758 3953 paulatim
785 3893 1105 3955 dirigeretur.
1129 3901 1181 3942 et
1210 3893 1338 3942 ordi·
1427 3909 1475 3956 p.
1494 3894 1605 3941 212.
1627 3890 1710 3956 A.]

276 3958 499 4012 nai-etur,
522 3960 575 4004 et
599 3956 662 4005 ad
695 3958 969 4020 perfectum
1055 3958 1343 4007 rduceretur
1491 3957 1514 3988 Β
1551 3958 1602 4022 [“
1618 3955 1902 4005 Secundum
1921 3955 2030 4004 haec
2051 3955 2208 4012 enim,
2223 3954 2481 4003 Vicarium

278 4017 552 4093 disciplina
576 4021 640 4070 ab
664 4021 754 4070 illo
784 4022 983 4072 Vicario
1050 4024 1208 4071 omini
1234 4023 1341 4085 Spi·
1427 4022 1490 4072 Se
1517 4022 1683 4072 Patris
1715 4020 2016 4079 ostenderat,
2039 4035 2129 4083 per
2151 3991 2309 4076 Quem
2335 4019 2483 4067 Pater

276 4082 383 4130 ritu
427 4083 653 4134 Sancto.'’
663 4085 877 4135 —Tert-
930 4087 994 4137 de
1047 4087 1157 4136 Vel.
1200 4087 1340 4149 Virg.
1426 4092 1479 4137 et.
1511 4086 1768 4135 videretur
1796 4087 1852 4134 in
1882 4085 2040 4143 factis,
2061 4090 2113 4132 et
2145 4083 2437 4133 audiretur'
2425 4097 2482 4130 ιιι

276 4163 384 4250 cap.
403 4148 433 4196 i.
470 4149 581 4211 Op„
604 4164 651 4213 p.
670 4151 780 4200 173.
798 4150 883 4215 A.]
1426 4152 1605 4208 verbis,
1630 4156 1682 4199 et.
1703 4155 2080 4211 cognosceretur
2102 4150 2157 4197 in
2181 4148 2327 4203 Filio,
2352 4148 2482 4196 facta

402 4211 456 4276 [·‘
479 4213 589 4274 Age
633 4217 770 4274 tunc,
814 4231 988 4265 omnes
1032 4216 1332 4273 erraverint3
1422 4221 1475 4265 et
1497 4216 1650 4264 verba
1666 4215 1829 4263 Patris
1850 4214 2251 4263 administrante.
2255 4211 2478 4259 ‘’——Tert

275 4275 516 4340 deceptus
532 4279 953 4342 sitetApostolus
969 4281 1031 4329 de
1048 4253 1337 4330 testimonio
1422 4280 1534 4375 ad1v.
1562 4280 1706 4329 Prax.
1725 4294 1829 4370 cap.
1853 4280 1990 4328 xxiv.
2027 4280 2138 4342 Op,
2161 4293 2206 4341 p.
2235 4278 2343 4326 514.
2369 4275 2453 4337 D.]

275 4340 562 4402 reddendo;
604 4343 796 4394 nullam
820 4346 1095 4407 respexerit
1119 4345 1338 4408 Spiritus
1489 4343 1556 4409 ¹[
1775 4343 2126 4393 “'Tolluntur
2113 4358 2167 4391 ιιι
2189 4342 2367 4400 altum,

275 4406 509 4467 Sanctus,
531 4408 606 4456 ιιιί
630 4423 739 4458 eam
773 4410 828 4459 in
851 4411 1116 4459 veritatem
1135 4409 1339 4459 deduce·
1562 4409 1631 4457 Ut
1653 4409 1795 4484 lapsu
1818 4410 2047 4471 graviore
2070 4407 2262 4455 ruant.'

274 4474 373 4528 ret,
394 4469 459 4519 ad
491 4471 586 4521 hoc
620 4474 804 4524 missus
835 4489 867 4524 a
900 4474 1115 4534 Christo,
1137 4474 1202 4523 ad
1239 4474 1333 4522 hoc
1426 4473 1688 4523 claudian.
1716 4475 1769 4523 in
1795 4472 1959 4522 Rufin.
1986 4472 2025 4521 1.
2050 4471 2150 4534 22]

274 4535 562 4597 postulatus
595 4536 658 4587 de
699 4537 862 4598 Patre,
898 4545 958 4588 ut
1001 4544 1132 4588 esset
1166 4538 1340 4588 doctor

2606 962 2734 1023 213
