3165 4959
506 2483 630 2545 301

422 3692 530 3758 [(5.)
567 3692 643 3742 De

421 3774 673 3872 eixo‘iitgpdle

733 338 861 399 498
1358 350 1444 396 AD
1490 348 1873 396 CARDINALrs
1916 348 2313 396 BELLARmn

735 518 818 580 In
864 515 1152 599 Epistola
1197 514 1368 577 enim
1413 534 1527 577 sua
1559 513 1749 594 Leyis
1789 512 2378 594 praevaricationem
2423 522 2699 595 urget83
2748 536 2939 597 quare

734 619 924 701 Leyis
975 620 1111 701 jam
1171 619 1609 679 auctoritatem
1669 615 1994 699 praeterire
2041 636 2178 678 non
2224 614 2438 693 debet,
2489 617 2602 679 sed
2642 617 2835 700 Leyis
2877 628 2942 682 et

737 723 961 784 Brevis
1004 720 1591 804 praevaricationem
1641 720 1814 781 inter
1859 740 1927 781 se
1976 719 2286 782 conferre.
2378 721 2665 803 Alioqui,
2713 722 2942 785 vitiosa

738 826 860 888 erit
889 824 983 886 illi
1013 824 1405 907 comparatio
1435 822 1668 886 omnis.

804 976 982 1040 Neque
1002 990 1177 1024 verum
1197 978 1275 1025 est.
1308 976 1627 1038 Praeeeptum
1661 988 1766 1023 non
1799 971 2109 1022 admittendi
2131 971 2165 1021 J
2168 978 2489 1023 uramentum
2513 975 2613 1025 niti
2649 975 2810 1025 solum
2837 992 2945 1025 auc·

867 1058 1074 1106 tol-itate
1098 1055 1277 1105 Brevis
1316 1055 1590 1117 Pontifieii‚
1627 1055 1813 1103 nititur
1848 1054 1988 1103 enim
2026 1055 2326 1103 auctoritate
2356 1054 2765 1120 divina—[Bell.
2795 1057 2945 1120 Apol.

868 1153 961 1202 pro
984 1138 1158 1201 Resp]
1196 1152 1246 1201 p.
1272 1140 1387 1187 219.
1424 1137 1563 1202 [Op.,
1591 1141 1713 1185 tom.
1738 1137 1830 1185 vii.
1853 1136 1947 1185 col.
1970 1137 2081 1185 828.
2102 1134 2252 1199 A.B.]

826 1239 1077 1302 Verum
1122 1245 1344 1301 tamen
1394 1244 1514 1315 est,
1566 1236 1758 1299 aliam
1804 1235 1995 1317 longe
2025 1255 2180 1313 esse,
2219 1241 2284 1297 et
2329 1236 2597 1318 majoris
2636 1237 2945 1319 ponderis

741 1342 1203 1404 Auctoritatem
1243 1340 1517 1402 divinam
1555 1339 1731 1420 Lege
1774 1337 1914 1420 ipsa
1955 1359 2088 1415 sua,
2138 1359 2331 1419 quam
2375 1337 2715 1419 Pontificio
2752 1341 2947 1402 Brevi

744 1445 1189 1526 significatam.
1282 1444 1565 1506 Immota
1596 1441 1771 1505 enim
1797 1441 1988 1523 Legis
2019 1442 2384 1519 auctoritas»,
2415 1462 2537 1504 nec
2568 1463 2608 1505 a
2630 1443 2949 1507 Pontifioe

743 1549 876 1612 ullo
920 1547 1268 1611 mutanda:
1316 1555 1382 1608 at
1426 1545 1660 1607 Brevia
1706 1545 2000 1624 Papalia,
2043 1564 2165 1607 nec
2211 1545 2444 1607 Brevia
2488 1545 2701 1623 mode,
2745 1547 2949 1611 etiam

745 1653 965 1730 Buuae,
999 1652 1195 1715 etiam
1229 1658 1330 1712 ter
1361 1656 1713 1732 quaterque
1756 1647 2119 1729 geminatae,
2166 1648 2263 1728 (ut
2305 1646 2586 1730 Eugenii
2617 1650 2833 1731 quarti
2876 1650 2951 1712 in

748 1753 1086 1817 Basiliensi
1117 1751 1425 1832 Concilio)
1475 1758 1699 1812 tamen
1744 1748 1823 1813 ab
1866 1749 2093 1813 eodem
2138 1750 2316 1833 Papa
2356 1758 2687 1829 revocatae,
2714 1760 2789 1815 et
2830 1773 2952 1835 pro

745 1859 944 1921 irritis
974 1857 1295 1939 nullisque
1327 1854 1663 1917 declaratae
1682 1851 1746 1916 ¹¹:
1797 1853 2005 1936 quue
2033 1853 2245 1937 ipsum
2268 1856 2646 1933 Concilium,
2671 1858 2745 1920 in
2776 1858 2951 1939 quod

748 1970 900 2024 ante
943 1961 1220 2024 terrifice
1257 1958 1655 2035 fulminarat,
1688 1978 1763 2020 eo
1808 1979 1940 2020 non
1976 1956 2296 2036 obstante,
2340 1960 2590 2043 justum
2628 1959 2849 2037 fuisse,
2882 1971 2952 2025 et

745 2063 1129 2144 legitimum.
1222 2062 1415 2127 Quod
1455 2082 1668 2143 neque
1709 2081 1827 2125 nos
1873 2061 1952 2124 de
1991 2063 2195 2126 Paulo
2226 2063 2476 2128 Quinto
2512 2063 2948 2147 desperamus,

746 2165 903 2247 quin
950 2170 1014 2227 et
1073 2163 1246 2226 idem
1304 2162 1591 2225 facturus
1651 2163 1737 2225 sit
1785 2163 1866 2225 de
1918 2173 2191 2247 utroque
2236 2166 2429 2227 Brevi
2480 2188 2616 2242 su0,
2674 2187 2951 2248 quorum

746 2268 987 2330 brevior
1029 2274 1130 2330 est
1174 2266 1382 2330 multo
1427 2265 1795 2343 auctoritas»,
1845 2288 2038 2349 quam
2084 2269 2430 2331 Bullarum.
2522 2271 2756 2353 Neque
2799 2293 2953 2335 vero

746 2370 1088 2453 utrobique
1140 2369 1363 2432 eadem
1422 2368 1804 2451 imperantis
1864 2371 2235 2448 auctoritas,
2292 2372 2423 2434 nisi
2469 2373 2695 2436 eodem
2755 2374 2953 2438 modo

748 2472 1140 2557 imperantis
1233 2472 1328 2535 Ut
1360 2472 1533 2535 enim
1575 2494 1615 2534 a
1654 2473 1942 2553 porcinis
1988 2472 2358 2553 abstineant,
2410 2475 2784 2558 simpliciter
2830 2477 2957 2539 im-

745 2584 946 2659 perat,
968 2584 1159 2658 atque
1184 2574 1475 2638 absolute
1497 2599 1515 2649 3
1551 2582 1625 2638 ut
1652 2576 1979 2637 Sacerdoti
2011 2576 2443 2658 obtemperent,
2477 2580 2755 2660 (Summo
2775 2581 2954 2643 enim

746 2679 1037 2742 additum
1070 2700 1107 2740 a
1139 2677 1500 2760 Cardinale)
1539 2699 1672 2740 non
1702 2678 2012 2756 absolute,
2052 2681 2162 2742 se'd
2190 2680 2388 2760 jwz’ta
2429 2683 2622 2762 leyem
2657 2683 2953 2755 docenti,-

742 2805 873 2846 non
922 2804 1037 2865 pro
1084 2782 1399 2845 arbitratu
1447 2803 1562 2845 suo
1612 2783 1845 2846 Brevia
1891 2784 2280 2865 scriptitanti
2316 2810 2330 2847 :
2409 2808 2551 2868 quae
2597 2808 2767 2870 saepe
2813 2810 2950 2852 non

729 2889 925 2969 juoeta
956 2889 1167 2969 quem,
1200 2886 1357 2969 quin
1386 2892 1607 2955 contra
1636 2907 1819 2970 saepe,
1840 2894 2079 2967 proeter
2108 2894 2325 2951 autem
2358 2889 2727 2972 saepissime.

811 3090 1169 3153 Expectabam,
1210 3094 1267 3138 ut
1303 3089 1411 3139 Rex
1451 3092 1732 3140 novitatem
1768 3090 1918 3155 hujus
1952 3090 2208 3153 dogmatis
2245 3091 2615 3142 demonstraret
2650 3130 2662 3142 .
2701 3132 2711 3142 .
2752 3129 2766 3144 .
2800 3132 2815 3144 .
2851 3095 2955 3146 Sed

874 3172 992 3233 quia
1021 3170 1154 3220 vidit
1186 3171 1408 3220 inveniri
1445 3171 1578 3234 apud
1611 3187 1786 3222 omnes
1807 3173 2102 3235 Theologoe,
2138 3178 2192 3222 et
2221 3169 2632 3231 Jurisconsultos,
2658 3176 2766 3224 imo
2800 3177 2859 3225 in
2891 3213 2905 3225 .
2938 3214 2953 3225 .

875 3250 1164 3300 canonibus
1204 3251 1526 3309 Pontificum,
1563 3257 1618 3301 et,
1656 3251 1997 3303 conciliorum
2039 3252 2280 3315 DecretiS,
2321 3255 2595 3317 prudenter
2639 3256 2858 3306 divertit
2889 3259 2955 3307 ad

875 3332 1123 3382 invidiam
1159 3332 1415 3382 Cardinali
1450 3334 1586 3396 apud
1621 3333 1782 3396 Reges
1816 3334 2147 3392 conflandam,
2174 3336 2314 3398 quasi
2339 3337 2447 3399 ipse
2471 3337 2668 3399 primus
2690 3339 2761 3385 sit
2783 3344 2961 3388 auctor

876 3415 1214 3478 exemptionis
1237 3413 1558 3464 clericorum.
1627 3413 1727 3464 Sed
1761 3451 1773 3463 .
1811 3453 1824 3465 .
1861 3451 1873 3464 .
1907 3422 2075 3479 sperat
2102 3417 2423 3466 manifestam
2455 3418 2605 3466 istam
2641 3419 2958 3470 calumniam

875 3495 1006 3544 nihil
1040 3496 1086 3546 ei
1108 3496 1242 3559 apud
1267 3495 1550 3545 catholicos
1572 3495 1749 3558 Reges,
1773 3502 1826 3547 et
1847 3497 2122 3560 Principes,
2144 3497 2661 3563 nocituram—{Belh
2686 3500 2841 3564 Apol.
2864 3516 2958 3565 pro

877 3576 1047 3641 Resp.]
1078 3592 1126 3640 p.
1153 3580 1262 3627 220.
1300 3577 1433 3641 [Op.,
1462 3581 1587 3626 tom.
1611 3579 1699 3627 vii.
1731 3579 1823 3628 col.
1849 3581 1959 3629 828.
1986 3579 2070 3644 Ι).]

831 3676 937 3738 Ad
976 3676 1296 3742 Quintum
1317 3674 1351 3738 ἰ.
1443 3678 1578 3740 Cur
1631 3685 1848 3740 autem
1902 3684 2180 3759 expectet
2227 3700 2266 3740 a
2312 3680 2498 3762 Reye,
2553 3681 2727 3763 quod
2779 3689 2880 3746 est
2916 3706 2962 3746 a

748 3779 1017 3842 Venetis
1050 3779 1304 3843 abunde
1336 3778 1487 3842 satis
1518 3781 1926 3862 praestitum?
2001 3782 2331 3863 Doymatis
2359 3782 2553 3866 hujus
2584 3785 2960 3864 paradoxa,

423 3886 675 3951 tinorum]
747 3882 827 3945 ab
856 3883 983 3946 illis
1013 3883 1458 3961 demonstrata,
1484 3892 1678 3967 atque
1709 3884 1950 3967 depexa
1978 3885 2178 3968 probe
2209 3893 2380 3948 sunt.
2459 3886 2555 3948 Ut
2588 3887 2962 3951 cardinalis

745 3993 966 4048 tamen
1011 3987 1425 4066 expectationi
1469 3986 1582 4048 fiat
1625 3987 1819 4064 satis3
1865 3989 2111 4050 novitas
2153 4009 2248 4065 ea,
2280 3989 2463 4070 liujus
2493 3988 2807 4070 doymatis
2837 4001 2964 4054 est.

751 4087 1038 4170 Regibus
1098 4087 1418 4171 subjectos
1477 4087 1666 4152 fateri
1724 4089 1946 4153 debuit
2004 4091 2284 4154 Clericos
2344 4112 2538 4168 suos;
2618 4091 2793 4172 quod
2848 4113 2971 4175 per

751 4192 962 4274 Reges
994 4191 1272 4273 exempti
1303 4198 1454 4254 sunt
1482 4193 1950 4272 jurisdictione,
1982 4213 2115 4256 non
2146 4203 2367 4257 tamen
2395 4193 2770 4273 subjectione
2804 4216 2925 4259 sua
2944 4223 2970 4273 ς

816 4368 840 4399 t
874 4359 1028 4424 [Vide
1043 4358 1169 4409 Bell.
1187 4359 1347 4423 Epist.
1362 4360 1426 4410 ad
1445 4360 1661 4410 BlackW.
1677 4362 1811 4425 apud
1899 4362 2047 4414 Cone.
2073 4368 2196 4412 tom.
2214 4364 2303 4412 xii.
2328 4363 2420 4413 col.
2446 4364 2555 4413 258.
2578 4361 2664 4427 Ε.]

753 4422 1066 4484 Resp.'1'orti
1101 4438 1148 4485 p.
1177 4427 1253 4473 54.
1290 4430 1342 4474 et
1375 4424 1503 4475 Bell.
1547 4425 1660 4489 Op„
1686 4432 1809 4476 tom.
1966 4427 1978 4458 ¹
2041 4427 2198 4492 [Vide
2255 4426 2489 4490 Respons.
2550 4426 2693 4475 ‘Porti
2755 4442 2807 4490 p.
2852 4431 2972 4479 135.

749 4485 833 4530 vii.
859 4487 1087 4558 col3662.
1115 4487 1197 4550 D.]
1898 4491 2035 4541 Edit.
2082 4491 2261 4552 Polit.;
2312 4497 2365 4542 et
2400 4491 2525 4542 Bell.
2566 4492 2675 4555 Op„
2720 4498 2851 4542 tom.
2875 4495 2971 4545 vii.

815 4544 835 4573 ¹·
874 4547 1035 4608 [Vsde
1078 4549 1226 4598 Cone.
1276 4549 1429 4602 Basil.
1468 4553 1594 4603 Scss.
1640 4556 1813 4604 xvi.—
1898 4556 1990 4606 col.
2020 4555 2248 4618 702.A.]
