3165 4959
759 313 801 374 2
1393 326 1478 371 An
1523 323 1905 372 CARDINALIS
1949 322 2346 370 ΒηιΑιιΜῐΝι

761 484 979 545 Pla-mo
1008 481 1300 544 simultas
1332 480 1568 544 extitit.
1655 479 2022 543 auctionis
2056 478 2253 562 hujus
2296 478 2495 558 dolor,
2528 498 2720 561 quem
2766 476 2969 541 sensit

758 585 861 650 vel
923 597 1313 666 personam,
1386 584 1558 661 fecit,
1619 590 1696 647 ut
1756 603 2092 666 personam
2166 589 2449 645 exueret.
2541 580 2970 645 Bacchanalia

761 688 936 752 enim
973 689 1112 771 jam
1155 708 1287 751 non
1333 707 1490 764 esse,
1530 686 1622 768 (in
1654 685 1887 768 quibus
1922 686 1989 747 S.
2024 685 2104 747 R.
2137 685 2214 748 E.
2248 683 2620 748 cardinales
2664 704 2968 746 nonnun-

763 813 955 874 quam
978 792 1018 873 :)
1083 790 1250 854 serio
1293 811 1431 853 rem
1466 789 1591 872 agi,
1623 809 1743 851 nec
1776 787 1914 871 jam
1946 786 2263 870 expedire,
2293 795 2371 849 ιιι
2401 788 2683 849 larvatus
2710 785 2969 850 incedat

762 917 864 958 am
910 895 1053 958 lius.

851 918 1101 1060 11³)rodiit
1144 1016 1296 1079 ergo
1339 993 1627 1071 tandem,
1661 992 1773 1057 sed
1803 992 1916 1070 sie,
1946 997 2023 1055 ut
2053 990 2237 1057 amici
2272 992 2411 1075 ejus
2441 990 2739 1054 futurum
2768 989 2967 1052 fuisse

763 1106 998 1184 putent
1043 1098 1249 1181 magis
1294 1097 1682 1173 consultum,
1713 1095 1769 1158 si
1799 1100 2133 1178 resumpta
2160 1096 2341 1156 larva
2371 1093 2569 1156 etiam
2598 1113 2776 1155 nunc
2809 1114 2969 1174 quo-

769 1222 892 1286 que
948 1201 1263 1265 latuisset.
1354 1201 1665 1264 Poterant
1724 1198 1995 1262 'Portum
2055 1196 2281 1261 decere
2339 1196 2566 1273 multa,
2620 1195 2971 1259 obscurum

570 1313 613 1374 2
768 1304 1117 1381 hominem,
1181 1324 1323 1385 quae
1382 1300 1852 1366 Bellarminum
1908 1321 2043 1363 non
2103 1299 2351 1362 decent.
2444 1298 2602 1361 Plus
2662 1297 2871 1360 multo
2931 1318 2975 1359 a

770 1406 1152 1491 Presbytero
1177 1405 1537 1483 cardinale,
1565 1398 1757 1487 quam
1782 1425 1821 1467 a
1851 1403 2236 1487 Presbytero
2271 1401 2606 1465 Sacellano
2636 1402 2972 1485 quaeritur.

769 1511 1032 1574 Nomen
1103 1509 1313 1592 ipsum
1374 1506 1753 1572 Bellarmini
1825 1504 2288 1589 praescriptum,
2348 1503 2566 1568 nescio
2628 1503 2972 1587 quomode,

770 1632 1073 1694 magnam
1106 1610 1384 1692 aliquam
1415 1608 1495 1671 de
1526 1607 1765 1690 scripto
1793 1608 2304 1691 expectationem
2336 1607 2617 1671 concitat
2644 1632 2657 1669 :
2724 1605 2978 1669 Bellar-

768 1713 933 1775 mini
983 1712 1323 1795 (inquam),
1371 1731 1561 1792 quem
1609 1710 1723 1773 diu
1762 1710 1902 1793 jam
1951 1709 2209 1773 ruinam
2248 1709 2560 1773 minitans
2598 1730 2791 1772 causa
2836 1709 2974 1772 Ro-

769 1839 964 1881 mana
991 1816 1327 1880 Atlantem
1356 1814 1606 1877 habuit.

449 1927 746 1994 [languidus
859 1920 953 1983 At
998 1919 1103 1983 hic
1150 1917 1337 1982 nobis
1387 1915 1467 1981 ab
1518 1917 1632 1980 illo
1679 1916 1843 1980 liber
1893 1915 2175 1980 multum
2222 1915 2523 1980 omnibus
2567 1916 2739 1980 infra
2788 1937 2978 1999 spem

445 1997 693 2121 {aff-2223
774 2022 1090 2087 subsistit.
1184 2019 1396 2098 Quod,
1443 2019 1565 2083 nisi
1613 2020 1904 2083 Titulum
1948 2041 2135 2082 suum
2180 2019 2250 2082 in
2296 2019 2509 2084 fronte
2555 2027 2865 2099 notasset,
2904 2028 2981 2084 et

771 2146 910 2190 esse
956 2125 1093 2189 haec
1140 2146 1180 2187 a
1221 2123 1491 2186 Roberto
1529 2122 1866 2185 Cardinale
1909 2123 2340 2194 Reum-mino,-
2387 2122 2492 2184 vix
2527 2122 2763 2203 (credo)
2799 2122 2983 2205 quis-

773 2248 966 2311 quam
996 2234 1132 2291 tam
1161 2226 1241 2290 de
1272 2246 1349 2289 eo
1379 2225 1684 2289 sensisset
1714 2224 1982 2307 abjecte,
2005 2232 2082 2287 ιιι
2112 2224 2251 2288 baec
2282 2223 2362 2287 ab
2389 2224 2502 2288 illo
2532 2231 2810 2307 putaret,
2834 2232 2980 2289 tam

772 2331 1008 2409 effoeta,
1040 2336 1176 2393 tam
1203 2327 1511 2411 languida
1539 2327 1852 2410 proficisci
1882 2348 2167 2410 unquam
2198 2326 2500 2411 potuisse.
2590 2328 2764 2391 Vere
2796 2328 2980 2392 enim

772 2433 1012 2517 ubique
1050 2432 1227 2517 jacet
1272 2438 1413 2496 toto
1460 2430 1647 2509 libro,
1690 2436 1756 2494 et
1801 2450 1867 2494 se
1896 2430 2002 2494 vix
2044 2450 2317 2514 usquam
2361 2428 2636 2507 attollit3
2687 2430 2864 2514 quin,
2897 2440 2980 2496 ut

762 2556 1029 2618 peccare
1073 2536 1162 2598 ad
1200 2541 1558 2611 extremum,
1591 2540 1653 2596 et
1691 2535 1806 2596 ilia
1819 2534 1963 2615 jam
1991 2534 2215 2598 ducere
2232 2543 2255 2573 ⁰
2285 2555 2456 2611 eum,
2489 2533 2723 2598 Lector
2752 2535 2980 2598 corda-

774 2648 881 2704 tus
910 2639 1094 2703 facile
1124 2637 1382 2702 sentiat.

865 2740 1224 2825 Languoris
1256 2742 1450 2825 hujus
1483 2762 1625 2823 quae
1653 2761 1865 2818 causa,
1896 2739 2103 2803 varias
2147 2761 2224 2804 ea
2268 2738 2528 2823 quidem
2573 2740 2653 2803 de
2690 2761 2761 2804 re
2790 2740 2982 2806 video

774 2846 1114 2909 hominum
1162 2844 1535 2909 sententias.
1647 2848 1707 2909 1.
1770 2845 1871 2908 Ac
1917 2843 2079 2907 mihi
2128 2843 2408 2926 quidem,
2455 2843 2803 2927 contigisse
2851 2845 2980 2910 hoe

775 2949 1004 3026 visum,
1027 2970 1161 3012 non
1189 2956 1327 3011 tam
1355 2947 1557 3030 ipsius
1588 2947 1755 3011 forte
1783 2947 1957 3025 vitio,
1993 2969 2184 3030 quam
2215 2946 2522 3030 temporis
2551 2947 2936 3029 intemperie
2962 2975 2977 3012 ε

779 3050 1104 3132 scripsisse
1134 3050 1309 3113 enim
1339 3050 1476 3114 haec
1508 3071 1624 3113 sua
1652 3049 1771 3113 sub
1804 3051 2001 3129 Cane,
2026 3052 2209 3134 cujus
2240 3049 2360 3114 sub
2391 3057 2555 3114 aestu
2580 3049 2805 3113 Romae
2836 3071 2979 3113 om-

777 3152 888 3215 nia
918 3151 1127 3215 solent
1171 3172 1311 3215 esse
1355 3151 1778 3237 languidiora.
1869 3154 1932 3216 2.
1981 3155 2126 3217 Nec
2158 3153 2392 3217 desunt
2422 3160 2664 3232 tamen,
2699 3154 2808 3236 qui
2837 3154 2981 3217 haec

778 3254 873 3317 illi
904 3262 1041 3317 tam
1068 3253 1486 3337 indiligenter
1517 3256 1757 3339 scripta
1781 3256 2084 3334 sentiant,
2112 3256 2290 3339 quasi
2318 3256 2814 3339 intelligentiam
2837 3257 2983 3340 jam

777 3364 976 3441 ponat
997 3356 1356 3420 Cardinalis
1384 3358 1455 3421 in
1487 3357 1812 3423 scribendi
1833 3359 2126 3437 fastidi03
2160 3359 2363 3442 quasi,
2386 3357 2705 3442 quaslibet
2729 3359 2985 3424 cerebri

781 3460 880 3524 sui
923 3459 1290 3539 cruditates,
1328 3460 1527 3544 quasi,
1561 3461 1863 3544 quicquid
1909 3461 1970 3526 ei
2012 3462 2264 3526 illinere
2308 3462 2380 3525 in
2423 3461 2675 3525 chartas
2714 3461 2983 3526 libitum

779 3570 897 3642 est,
928 3571 1029 3627 sat
1051 3584 1189 3627 esse
1219 3569 1403 3646 putet
1414 3589 1433 3641 3
1467 3571 1560 3642 ut,
1589 3563 1698 3646 qui
1721 3563 2104 3628 auctoritate
2126 3564 2286 3647 jam,
2310 3584 2444 3627 non
2466 3563 2807 3627 sedulitate
2835 3585 2984 3629 rem

779 3672 981 3751 gerat.
1070 3667 1133 3730 3.
1168 3666 1516 3748 Plerosque
1545 3674 1770 3730 tamen
1798 3666 1869 3729 in
1899 3688 1976 3730 ea
2005 3666 2331 3731 sententia
2359 3666 2744 3730 constitutos
2768 3666 2982 3747 video,

736 3791 741 3800 ·
779 3774 855 3832 ut
895 3768 1072 3834 aetati
1116 3769 1240 3832 hoc
1270 3767 1557 3831 dandum
1589 3774 1915 3847 censeant,
1947 3767 2270 3833 fatiscenti
2292 3769 2450 3852 jam,
2484 3777 2557 3833 ut
2586 3789 2668 3832 ne
2699 3768 2755 3832 si
2784 3770 2983 3835 vellet

782 3870 1040 3953 quidem
1071 3879 1286 3954 posset
1315 3871 1567 3934 melius.
1662 3872 1704 3934 J
1709 3872 2061 3935 amdudum
2092 3873 2265 3936 enim
2295 3894 2452 3960 esse,
2486 3895 2523 3936 a
2551 3894 2743 3937 causa
2772 3895 2985 3958 usque

780 3973 1057 4051 Veneta,
1090 3995 1239 4037 cum
1270 3974 1745 4039 Bellarminum
1777 3985 2074 4058 quaernnt
2107 3977 2411 4040 Lectores
2441 3976 2512 4039 in
2544 3977 2984 4056 Bellarmino;

781 4075 890 4156 ita,
924 4076 1062 4141 sine
1105 4076 1337 4156 nervis,
1368 4077 1647 4156 lacertis,
1693 4078 1950 4158 lumbis,
1998 4079 2095 4142 ita
2138 4080 2349 4143 soluta
2385 4079 2799 4163 compagibus
2839 4082 2987 4164 ejus

772 4180 911 4264 jam
943 4181 1179 4246 omnia.
1258 4182 1473 4247 Quare
1502 4181 1768 4245 miseret
1798 4203 1905 4246 eos
1926 4182 2064 4266 jam
2096 4181 2472 4262 cardinalis,
2496 4190 2563 4246 et
2591 4204 2987 4267 magnopere

781 4291 1074 4350 auctores
1106 4293 1258 4349 sunt
1290 4283 1608 4364 Pontifici,
1635 4306 1783 4349 cum
1806 4287 2230 4349 Bellaminm
2251 4288 2428 4350 Bello
2458 4294 2525 4350 et
2554 4288 2750 4350 armis
2777 4290 2988 4352 minus

770 4387 909 4470 jam
955 4389 1037 4452 sit
1079 4389 1370 4468 idoneus,
1421 4411 1502 4453 ne
1549 4388 1889 4472 protrudat
1933 4411 2084 4454 eum
2131 4391 2200 4454 in
2247 4390 2468 4473 praelia
2515 4390 2835 4476 deinceps,
2868 4393 2988 4458 ubi
3023 4421 3030 4426 ·

1593 4524 1614 4549 ·
1658 4516 1808 4581 [Hor.
1836 4517 1927 4582 Ep.
1952 4518 1987 4568 i.
2012 4519 2056 4567 1.
2084 4517 2155 4582 9.]
