3165 4959
902 349 1265 403 APOLOGIAM
1310 351 1678 402 RESPONSIO.
2312 339 2399 400 29

183 504 415 586 thusia,
451 506 563 589 qui
594 526 745 569 eum
779 506 991 589 aliquo
1033 506 1106 569 in
1150 507 1459 590 angulum
1490 503 1888 583 amandaret,
1918 501 2031 567 ubi
2061 502 2399 588 pisciculos

183 611 329 674 exul
358 609 595 673 esitare
623 615 862 691 posset.
955 609 1128 690 Lege
1160 610 1414 687 Lector,
1448 631 1591 691 quae
1619 608 1721 672 vel
1751 607 2083 690 exscripsit
2112 608 2217 671 hic
2241 610 2395 672 car-

184 714 418 777 dinalis
458 734 537 776 ex
572 733 690 775 suo
733 711 1043 788 channei,
1077 712 1403 795 cheneyO,
1435 712 1755 789 chauceo,
1787 712 1947 774 scies
1984 712 2398 774 carthusiani

183 814 522 880 mendacia
550 835 708 891 esse,
740 813 836 876 ita
862 834 1225 896 squammas
1249 814 1512 877 habent.
1590 814 1858 877 Adeone
1887 814 2061 877 enim
2092 814 2394 877 obtusum

184 939 323 982 esse
370 937 763 1000 quenquam,
797 924 911 978 aut
954 916 1195 979 infelici
1225 917 1433 999 geniO,
1466 916 1571 979 cui
1613 917 1850 979 stultus
1889 916 1993 979 hic
2031 917 2396 981 Monachus

188 1021 381 1084 fidem
459 1019 672 1095 faciat,
759 1018 1229 1097 Cromwellum,
1316 1020 1679 1103 Principem
1761 1029 1901 1083 tum
1972 1018 2043 1083 in
2121 1020 2394 1104 Republ.

187 1124 422 1200 virum,
461 1122 595 1204 (qui
644 1120 823 1183 nullo
870 1142 1023 1184 sane
1064 1121 1376 1184 natalium
1408 1122 1766 1205 splendore,
1799 1123 1936 1186 sola
1961 1123 2208 1205 ingenii
2236 1145 2395 1205 prae-

188 1226 445 1301 stantia‚
488 1225 865 1288 maturitate
905 1225 1151 1309 judicii,
1192 1233 1257 1289 et
1303 1226 1374 1289 in
1420 1227 1614 1290 rebus
1667 1228 1964 1310 gerendis
2017 1229 2398 1292 dexteritate

191 1350 464 1406 summa,
497 1328 579 1391 ad
610 1348 896 1391 summos
925 1328 1198 1391 honores
1227 1329 1650 1411 pervenerat,)
1676 1330 1771 1392 ita
1798 1330 2133 1393 vecordem
2162 1330 2396 1408 fuisse3

190 1433 301 1511 ita,
334 1432 617 1515 quicum
644 1429 760 1493 illo
789 1436 992 1508 erant,
1026 1430 1434 1494 consiliarios
1465 1432 1704 1513 Regios
1743 1431 2125 1509 insensatos,
2158 1439 2232 1495 ut
2262 1433 2400 1496 haec

190 1537 318 1600 inis
362 1534 559 1599 verba
607 1532 902 1596 excidere
958 1540 1238 1620 possent,
1286 1533 1432 1597 Sive
1479 1535 1581 1596 lem
1626 1535 1839 1596 divina
1878 1535 2230 1615 permittat,
2274 1536 2402 1597 sive

190 1663 331 1720 non,
361 1639 569 1722 facite
589 1640 623 1702 ?
712 1639 801 1702 Et
848 1638 996 1701 illa:
1044 1638 1191 1700 Non
1251 1657 1399 1701 curo
1460 1639 1850 1712 Ecclesiam;
1897 1641 2103 1715 vultist,
2141 1660 2346 1702 annon
2369 1640 2402 1702 ,Ρ

193 1749 407 1813 Quam
437 1767 587 1809 vero
616 1765 904 1808 crassum
934 1744 1057 1808 hoc
1085 1751 1152 1807 et
1182 1764 1663 1826 squammosum
1694 1744 2102 1809 mendacium
2130 1744 2158 1809 ῗ
2252 1746 2398 1809 Sive

190 1854 291 1914 lea·
319 1851 536 1913 divina
552 1849 904 1930 pmnittat,
935 1848 1063 1909 sive
1093 1866 1234 1909 non.

277 1953 456 2019 Quid
486 1973 646 2034 opus
677 1957 892 2014 autem
914 1950 944 2012 ⁴?
1038 1951 1097 2012 1.
1145 1950 1311 2012 cum
1345 1948 1806 2032 Quinquennis>
1846 1958 1997 2014 ante
2035 1950 2106 2014 in
2140 1950 2400 2035 Synodo

187 2058 455 2123 definita
500 2077 604 2119 res
656 2053 924 2118 fuisset:
973 2075 1100 2136 qua
1149 2060 1291 2115 tum
1342 2052 1409 2115 in
1462 2054 1744 2137 Synod0,
1794 2055 2114 2118 Roffensis
2159 2063 2227 2119 et
2264 2055 2401 2138 ipse

186 2158 617 2243 subscripsit².

2426 1964 2688 2079 &majori

2499 2044 2589 2090 gni

2490 2099 2566 2142 rm
2588 2108 2618 2142 a
2655 2122 2670 2130 -

708 2159 767 2220 2.
818 2156 1095 2220 Biennio
1124 2176 1276 2220 vero
1307 2161 1478 2234 ante,
1512 2157 1864 2222 Decretum
1896 2159 2107 2223 denuo
2135 2181 2398 2222 renova·
2425 2108 2691 2285 {3022213111

184 2275 327 2329 tum
358 2265 430 2327 in
465 2259 728 2344 Synodo
759 2260 975 2338 altera,
1020 2261 1293 2341 (nempe,
1329 2259 1371 2320 J
1373 2281 1450 2323 us
1479 2260 1641 2323 illud
1673 2262 1949 2344 Regium
1979 2263 2141 2345 Legi
2171 2262 2401 2326 divinae
2425 2288 2580 2351 tum]

184 2368 474 2453 apprime
503 2387 621 2449 per
649 2364 865 2428 omnia
886 2362 1476 2445 consentaneumu.)
1549 2365 1611 2426 3.
1646 2365 1811 2429 cum
1836 2364 1918 2428 ad
1937 2366 2209 2430 Crucem
2233 2367 2397 2429 Pau-

183 2474 385 2537 linam
425 2470 563 2554 (qui
601 2469 783 2533 locus
815 2474 913 2531 est
952 2467 1034 2531 ad
1074 2465 1413 2531 conciones
1441 2467 1771 2532 habendas
1806 2476 1945 2534 toto
1979 2471 2206 2553 Regno
2237 2471 2401 2534 cele-

183 2574 531 2655 berrimus)
567 2571 868 2655 Episcopi
895 2571 965 2634 id
993 2571 1208 2654 ipsum
1241 2569 1497 2652 singuli,
1530 2592 1608 2635 ex
1639 2573 1959 2650 Ambone,
1994 2574 2166 2655 Lege
2189 2572 2405 2636 divina

184 2680 573 2763 permissum
606 2676 1036 2740 docuissent¹.
1098 2679 1161 2738 4.
1195 2675 1360 2738 Cum
1386 2675 1452 2738 id
1476 2675 1569 2738 ita
1592 2697 1729 2739 esse
1754 2676 1969 2753 etiam,
1995 2678 2405 2758 chiroyraplzo

185 2783 458 2866 quisque
489 2803 609 2844 suo
638 2787 831 2862 atque
844 2780 1204 2860 juramento
1233 2779 1780 2841 confirmassentr.
1873 2782 1934 2840 5.
1969 2780 2135 2841 cum
2161 2800 2401 2841 annum

249 2938 268 2967 ¹
318 2934 489 2998 [Vide
537 2933 918 2983 concessionem
964 2931 1147 2981 factam
1193 2929 1249 2979 in

186 2999 391 3060 Synodo
414 2998 725 3048 Provinciali
758 3012 849 3060 per
878 2997 1079 3046 Clerum
1103 2995 1246 3044 Cant.

188 3062 335 3113 Prov.
381 3078 482 3113 Λ.1>.
534 3065 677 3112 1530.
718 3060 851 3125 apud
897 3061 1049 3110 wilk.
1098 3060 1248 3109 conc.

184 3134 307 3179 tom.
327 3129 407 3178 iii.
444 3142 531 3191 pp.
557 3127 863 3178 742-744.=
897 3126 985 3175 ubi
1024 3127 1097 3174 ita
1128 3124 1250 3185 legi-

184 3208 314 3252 mus,
349 3192 552 3256 “cujus
574 3190 891 3253 Singularem
915 3193 1248 3253 protectorem

185 3259 399 3307 unicum
437 3263 491 3306 et
535 3271 590 3305 su
630 3270 827 3305 remum
871 3255 1166 3312 Dominum,
1197 3256 1251 3302 et

183 3327 438 3385 quantum
455 3336 547 3385 per
559 3321 598 3370 c
638 3321 749 3369 risti
764 3319 926 3382 legem
941 3320 1076 3377 licet,
1094 3319 1249 3367 etiam

182 3401 483 3450 supremum
528 3389 680 3447 <aput
735 3385 894 3446 ipsius
1021 3383 1249 3432 ‘estatem

184 3450 638 3513 recognoscimus?
706 3448 948 3498 voluerat
1052 3448 1251 3496 enricus

182 3516 561 3565 concessionem
583 3513 666 3563 his
688 3513 854 3563 verbis
883 3513 1108 3575 concipi;
1132 3516 1145 3538 ‘
1159 3511 1251 3560 Cu·

174 3580 263 3643 jus
300 3580 567 3629 Protector
604 3583 657 3628 et
694 3593 980 3641 supremum
1019 3580 1171 3639 eaput
1207 3576 1250 3624 is

182 3646 320 3695 solus
344 3645 456 3694 est-‚⁹
523 3647 556 3670 “
579 3643 706 3692 Ille'’
741 3646 911 3692 autem
941 3641 1049 3690 “de
1083 3654 1249 3702 supre-

182 3715 326 3759 matu
362 3708 504 3770 regis
528 3714 797 3770 conceptus
826 3706 959 3755 haud
994 3707 1121 3755 bene
1151 3704 1250 3768 pla-

181 3775 291 3823 cuit
311 3772 547 3838 praelatis
566 3777 620 3822 et
642 3773 788 3827 clero.
814 3771 934 3820 inde
955 3785 1070 3820 eum
1095 3769 1252 3818 modi·

182 3839 325 3889 θαι-ἰ
384 3839 668 3887 voluerunt
767 3836 859 3884 Per
920 3840 1024 3890 tres
1078 3835 1251 3897 itaque

181 3904 447 3953 Sessiones
466 3916 582 3951 cum
607 3901 909 3950 consiliariis
939 3899 1094 3962 regiis
1122 3900 1252 3948 ratio

180 3969 314 4018 inita
357 3968 479 4022 fuit,
522 3965 774 4029 quomodo
828 3964 980 4026 Regis
1023 3964 1252 4013 animum

181 4033 387 4082 flectere
416 4036 625 4094 possent
653 4030 719 4080 sd
746 4029 1067 4078 mollioribus
1088 4028 1254 4077 verbis

181 4094 583 4160 exprimendum
605 4094 894 4144 articulum.
952 4093 1061 4142 Rex
1084 4096 1254 4142 autem

181 4160 654 4224 perVicecomitem
668 4157 1010 4209 Boebesordiae
1024 4172 1139 4206 eum
1160 4156 1256 4206 hoc

182 4226 336 4275 modo
400 4229 700 4287 conceptum
758 4223 983 4282 remisit;
1052 4221 1071 4249 ‘
1100 4221 1254 4285 cujus

216 4294 442 4340 mtector
498 4295 550 4338 et
602 4302 895 4352 supremum
936 4291 1089 4349 caput
1140 4291 1257 4350 post

182 4306 348 4405 Ecum
390 4356 434 4403 is
473 4353 621 4403 Solus
656 4353 775 4403 est:'
808 4368 866 4401 ac
902 4352 1115 4401 ulterius
1163 4351 1258 4400 eol·

183 4420 416 4483 loquium
452 4435 567 4468 cum
602 4418 831 4481 praelatis
863 4421 915 4466 et
947 4417 1080 4466 clero
1109 4431 1259 4479 super

186 4499 244 4534 eo
298 4485 511 4546 negotio
560 4484 745 4533 habere
801 4481 1064 4531 recusavit.
1135 4481 1259 4529 'Pan-

187 4549 302 4599 dem
339 4549 427 4600 die
464 4551 520 4598 11
551 4547 817 4599 Februarii
842 4546 1261 4609 Archispiscopus

1335 2930 1610 2981 articulum
1642 2929 1705 2979 de
1737 2945 1794 2979 su
1835 2935 2027 2980 rematu
2061 2931 2194 2993 regis
2229 2931 2283 2980 in
2315 2930 2400 2992 Sy-

1335 2996 1469 3046 nodo
1502 2997 1767 3059 proposuit
1835 2996 1876 3044 's
1905 2996 2087 3053 verbis,
2122 3003 2134 3024 ⁴
2159 2996 2398 3046 Ecclesiae

1336 3065 1388 3109 et
1398 3060 1530 3109 Cleri
1543 3061 1934 3125 Anglicanae,euj
1942 3062 2027 3119 us,’
2038 3066 2129 3110 etc.
2139 3062 2224 3122 (ut,
2240 3066 2395 3123 supr.)

1338 3125 1432 3175 cui
1476 3125 1919 3175 reverendissimus
1965 3141 2261 3176 consensum
2307 3127 2397 3175 sra-

1336 3193 1474 3238 trum
1507 3205 1711 3239 suorum
1734 3191 2012 3254 requisivit,
2040 3191 2228 3248 dicens,
2267 3194 2278 3216 ⁴
2296 3190 2395 3247 Qui

1336 3258 1484 3312 tacet,
1518 3256 1801 3304 consentire
1841 3255 2070 3304 videtur)
2137 3255 2219 3305 Ad
2259 3255 2395 3317 quod

1336 3317 1531 3367 dictum
1557 3318 1764 3381 quidam
1800 3320 2147 3383 respondebat,
2184 3325 2196 3346 ⁶
2219 3319 2396 3382 ltaque

1336 3387 1558 3432 tacemus
1581 3385 1786 3433 omnes!
1833 3384 2078 3434 Unanimi
2101 3385 2264 3448 igitur
2285 3399 2398 3433 con·

1336 3462 1483 3496 sensu
1528 3452 1739 3510 utraque
1782 3449 1961 3498 domus
2012 3449 2131 3498 huic
2183 3449 2398 3498 articulo

1337 3511 1928 3575 subscripsit.'’-Wilk.
1969 3513 2116 3562 Cone.
2165 3517 2285 3562 tom.
2321 3513 2396 3561 iii.

1374 3614 1384 3624 .
1413 3576 1521 3628 725.
1595 3576 1728 3627 Vide
1783 3593 1980 3640 quoque
2030 3577 2218 3627 Concil.
2262 3576 2396 3625 Cleri

1382 3656 1481 3690 rov.
1508 3641 1672 3701 Ebot,
1694 3648 1748 3692 et
1768 3643 2136 3691 concessionem
2172 3639 2397 3703 ejusdem

1337 3704 1462 3755 ibid.
1483 3721 1565 3769 pp.
1593 3706 1624 3757 7
1628 3707 1705 3763 44,
1721 3707 1750 3757 7
1756 3707 1858 3762 45.;
1897 3710 1949 3754 et
1973 3705 2397 3755 Protestationem

1338 3770 1588 3819 'Punstalli
1617 3772 1752 3832 Epis.
1777 3770 2009 3818 Dunelm.
2036 3784 2085 3831 p.
2101 3768 2241 3831 745]

1402 3843 1427 3866 ¹¹
1464 3833 1625 3898 [Vide
1663 3834 2063 3883 lustramentum
2087 3831 2149 3881 de
2180 3832 2401 3888 Submis-

1338 3899 1478 3949 sione
1522 3899 1656 3948 Cleri
1690 3914 1788 3948 Am.
1833 3900 1975 3948 1532.
2024 3897 2199 3958 (wilk.
2249 3897 2397 3946 conc.

1338 3969 1445 4013 tom
1486 3963 1558 4012 iii.
1586 3978 1632 4025 p.
1661 3963 1792 4025 764.)
1818 3966 1870 4012 et
1892 3961 2103 4012 convoc.
2128 3963 2323 4024 praelat.
2348 3967 2402 4011 et

1342 4029 1469 4077 cler.
1522 4028 1663 4078 Prov.
1709 4028 1855 4077 Cant..
1898 4042 1996 4076 Am.
2045 4030 2188 4077 1534.
2254 4027 2397 4088 (ibid.

1343 4094 1474 4188 ⁷63)
1502 4156 1631 4206 Vide
1658 4155 1904 4205 Tonstalli
1930 4155 2232 4230 concionem
2266 4155 2399 4217 apud

1342 4221 1491 4271 Foxii
1511 4222 1625 4271 Act.
1643 4225 1694 4270 et
1713 4219 1939 4269 Monum.
1955 4220 2044 4268 hb.
2054 4221 2159 4268 viii.
2181 4221 2401 4282 p.1060.,

1342 4291 1394 4336 et
1404 4285 1686 4348 Longlandi
1699 4284 2019 4345 concionem,
2034 4284 2157 4334 ibid,
2174 4299 2255 4347 pp.
2271 4285 2397 4336 1097

1343 4353 1551 4400 —1100.
1578 4349 1735 4399 Lond.
1758 4350 1929 4413 1583]

1409 4425 1431 4456 5
1489 4415 1624 4464 Vide
1661 4414 1957 4464 Fidelitates
1995 4418 2047 4464 et
2088 4413 2122 4463 J
2126 4418 2401 4472 uramenta,

1344 4496 1442 4543 apu
1504 4479 1707 4543 Rymeri
1733 4479 1957 4538 Foedera,
1993 4483 2115 4529 tom.
2135 4482 2199 4529 vi.
2225 4494 2328 4542 par.
2355 4482 2401 4527 2.

1347 4560 1429 4608 pp.
1456 4547 1728 4595 194-209.
1755 4544 1918 4608 Hagoe
1944 4544 2126 4596 comit.
2150 4546 2322 4606 1745]
