3165 4959
913 325 1277 374 APODOGIAM
1322 326 1688 374 Rsssmnsm.
2278 317 2403 378 441

331 476 520 540 Regem
542 492 601 527 ea
622 477 838 527 scribere
859 477 1088 536 voluisse,
1112 493 1226 541 quae
1260 493 1323 527 ex
1358 478 1484 542 ipsis
1505 478 1827 528 subditorum
1862 494 2068 529 suorum
2094 516 2107 529 .
2131 516 2145 528 .
2170 517 2182 528 .
2206 482 2411 543 scriptis

331 559 843 626 refutantem—[Bell.
864 561 1011 623 Apol.
1030 574 1121 623 pro
1144 558 1312 624 Resp]
1335 574 1383 623 p.
1402 562 1511 609 181.
1536 560 1669 624 [Op.,
1692 565 1814 610 tom.
1840 561 1925 610 vii.
1950 560 2042 611 col.
2070 564 2182 611 806.
2204 562 2265 611 A.
2288 560 2368 625 Β.]

288 660 486 741 Apud
514 659 860 742 prudentes
890 681 1037 722 vero
1072 658 1247 722 haud
1294 660 1631 742 quisquam
1673 669 1789 739 est,
1824 662 1934 742 qui
1978 662 2110 725 ullo
2139 683 2410 726 numero
2472 670 2696 722 Plurima

199 761 463 840 habeat,
509 763 610 826 vel
662 762 931 825 sandei-i
951 772 977 812 ε
1025 762 1396 844 quisquilias
1443 764 1605 842 inas,
1658 765 1758 827 vel
1804 764 2162 848 Philopatri
2184 764 2213 804 1¹
2229 791 2247 841 ;
2300 768 2409 850 qui
2434 737 2556 850 ,2¹32
2573 752 2693 850 ἔχ’,

198 865 415 929 modis
454 865 773 945 omnibus,
823 866 1014 930 toties
1059 866 1425 949 Philippum
1467 846 1747 946 Patrem,
1786 868 1991 931 filium
2028 890 2279 951 quoque
2323 868 2412 938 εἰς
2435 865 2582 979 (Ιξῗιῑῖῗθ
2605 871 2657 915 et

197 972 409 1052 φιλην
451 966 734 1055 πατρίδα
785 970 1095 1047 irritavit3
1148 969 1419 1033 Sanderi
1474 978 1710 1049 autem,
1762 971 1871 1052 qui
1913 980 2195 1035 armatus
2238 973 2411 1037 inter
2435 945 2621 1058 patient-J

195 1072 487 1153 legiones
529 1071 728 1150 venit,
788 1080 863 1133 ut
924 1072 1198 1155 patriam
1256 1072 1693 1156 pessundaret.
1783 1075 2008 1138 Hosne
2054 1075 2413 1139 Cardinalis

195 1182 424 1237 narret
470 1175 661 1256 Reyis
693 1174 989 1237 subditos,
1085 1175 1298 1241 Quam
1344 1175 1624 1239 subditos
1653 1176 1952 1258 perfidoe,
2006 1185 2142 1241 tam
2188 1178 2413 1259 infidos

196 1279 551 1340 historicos.
641 1277 854 1341 Nemo
897 1277 1071 1340 enim
1116 1278 1224 1340 hic
1268 1278 1475 1360 capite
1505 1278 1647 1356 luit,
1681 1280 1784 1342 cui
1821 1300 1976 1358 non,
2007 1288 2238 1363 praeter
2265 1283 2414 1344 reli-

189 1382 406 1464 yionis
436 1402 563 1444 suae
594 1402 870 1459 causam,
903 1402 1071 1444 noxa
1099 1380 1302 1444 altera
1331 1381 1638 1463 capitalis.

294 1484 609 1547 Marianis
637 1505 784 1548 vero
815 1484 1229 1567 temporibus,
1263 1483 1432 1566 quod
1469 1485 1575 1547 hic
1605 1485 1945 1549 macellum
1975 1485 2188 1565 fuerit,
2222 1508 2412 1569 quam
2440 1498 2665 1562 [Quanta

196 1588 274 1651 in
306 1609 567 1651 omnem
596 1608 815 1650 sexum
847 1594 1038 1670 atque
1078 1593 1334 1650 aetatem
1364 1587 1673 1666 saevitum,
1721 1588 1928 1651 adhuc
1957 1589 2026 1651 in
2054 1590 2211 1652 vivis
2241 1598 2410 1669 sunt,
2438 1572 2679 1678 ffiffinoe

200 1691 318 1773 qui
377 1697 761 1773 spectatores
813 1696 1017 1768 erant,
1083 1697 1149 1752 et
1205 1709 1320 1772 per
1390 1697 1647 1753 aetatem
1704 1691 2068 1755 meminisse
2126 1701 2410 1775 possunt.
2436 1693 2672 1756 emitis]

200 1793 486 1857 Fictioni
532 1793 637 1856 hic
688 1793 863 1856 locus
905 1814 1037 1855 non
1085 1800 1201 1855 est.
1315 1791 1543 1855 Nescit
1590 1815 1739 1857 vero
1788 1795 2146 1858 cardinalis
2205 1818 2414 1861 mores

198 1896 498 1959 illorum:
531 1895 722 1958 nimis
750 1903 997 1973 notum,
1023 1916 1215 1977 quam
1245 1895 1481 1957 immiti
1511 1896 1774 1979 ingenio
1803 1897 2062 1977 fuerint,
2095 1920 2168 1961 ac
2196 1907 2415 1962 trucu-

197 1999 383 2062 lento
423 2001 734 2077 Bonerus‚
769 1997 1182 2077 GardineruS,
1233 1999 1515 2077 Storeus,
1557 2000 1806 2083 reliqui,
1842 2001 1952 2083 qui
1997 2023 2212 2065 rerum
2258 2011 2415 2066 tunc

198 2123 472 2166 summae
529 2110 844 2185 praeerant
866 2128 885 2180 3
951 2123 1141 2184 quam
1199 2102 1549 2184 procaciter
1606 2103 1788 2167 abusi
1850 2104 2117 2188 Reginae
2175 2105 2410 2185 indole,

201 2205 521 2288 Principis
550 2226 683 2269 non
712 2205 916 2283 malae,
943 2204 1055 2268 sed
1083 2204 1210 2267 illis
1241 2204 1436 2268 nimis
1465 2205 1757 2270 credulae.

269 2340 420 2390 Hanc
442 2355 642 2391 omnem
666 2340 966 2404 tragoediam
989 2340 1201 2390 excitari
1229 2345 1438 2404 propter
1459 2341 1611 2390 unius
1642 2342 1977 2391 meretriculae
2000 2343 2412 2405 obstinationem,

332 2438 449 2487 quae
472 2460 483 2472 .
508 2459 521 2471 .
545 2460 557 2471 .
579 2423 839 2487 gravidam
873 2437 980 2474 osse
1017 2437 1070 2472 se
1106 2437 1366 2486 nunquam
1412 2423 1559 2472 fateri
1604 2423 1766 2472 voluit
1788 2458 1987 2473 ......
2012 2439 2076 2473 ex
2122 2424 2264 2488 cujus
2298 2425 2411 2475 alvo

334 2506 544 2570 prodiit,
565 2520 667 2555 non
689 2506 869 2564 infans,
892 2505 980 2555 sed
1002 2505 1236 2555 informis
1256 2541 1268 2553 .
1296 2542 1309 2554 .
1335 2543 1348 2555 .
1371 2520 1498 2565 car0,
1516 2521 1669 2568 quam
1693 2507 1749 2556 in
1772 2507 1944 2569 ignem
1963 2508 2115 2557 fuisse
2132 2508 2411 2572 conjectam

338 2588 632 2637 mirandum
655 2602 758 2637 non
787 2592 881 2648 est,
901 2586 1325 2650 quemadmodum
1340 2601 1455 2635 vere
1477 2586 1766 2636 mirandum
1781 2592 1834 2636 et
1847 2588 2181 2637 execrandum
2205 2594 2350 2648 esset,
2367 2591 2412 2639 si

336 2671 484 2719 vivus
506 2669 672 2720 infans
693 2668 1199 2734 prodiisset—[Bell.
1218 2668 1368 2731 Apol.
1392 2683 1483 2732 pro
1507 2666 1681 2731 Resp]
1706 2683 1755 2732 p.
1782 2671 1891 2718 181.
1917 2668 2050 2733 [Op.,
2069 2673 2190 2720 tom.
2208 2671 2296 2720 vii.
2318 2671 2411 2720 eol.

339 2754 450 2801 806.
478 2750 536 2800 B.
562 2750 639 2815 C.]

300 2853 632 2933 stayicum
676 2858 891 2913 autem
938 2849 1115 2927 illud,
1150 2848 1229 2912 de
1259 2869 1385 2930 quo
1428 2870 1560 2912 non
1606 2849 1874 2911 eme-itari
1908 2848 2118 2926 mod0‚
2151 2849 2261 2912 sed
2309 2852 2415 2933 aqi

202 2962 421 3039 posset
456 2954 806 3036 Praqoedia,
838 2952 917 3015 de
945 2953 1183 3036 rejecto
1221 2952 1292 3015 in
1335 2952 1555 3034 ignem
1598 2950 1865 3031 infante,
1896 2960 1963 3015 et
2005 2973 2150 3015 cum
2198 2953 2414 3016 Matre

202 3066 632 3135 concremato,
663 3057 794 3119 tale
825 3062 941 3133 est,
972 3063 1048 3117 ut
1075 3055 1270 3118 etiam
1313 3054 1669 3118 cardinalis
1712 3055 1847 3138 ipse
1890 3075 2031 3118 vere
2063 3057 2415 3119 mirandum

202 3162 381 3224 dieat
410 3169 475 3224 et
497 3160 932 3223 eoeecrandum.
998 3157 1241 3221 Mulier
1268 3179 1436 3236 vero,
1469 3167 1693 3241 nupta,
1720 3180 1796 3223 ex
1818 3159 1953 3223 viro
1982 3182 2096 3223 suo
2118 3161 2411 3242 yravida,

203 3266 436 3329 saltem
467 3286 609 3346 quae
637 3265 751 3326 hoc
768 3267 1115 3344 praetexere
1144 3262 1385 3324 nomine
1409 3261 1678 3344 culpami
1707 3271 1976 3346 poterat.
2044 3264 2173 3327 Vix
2198 3274 2413 3329 autem
2523 3266 2655 3329 320

215 3369 450 3453 (credo)
507 3367 803 3450 reperias,
836 3387 977 3448 quae
1021 3366 1337 3428 Meretri-z·
1380 3366 1482 3445 sit,
1515 3374 1591 3428 ut
1633 3368 1852 3450 ignem
1894 3367 2171 3431 libenter
2205 3369 2411 3432 adeat.
2446 3349 2453 3358 ’

204 3475 301 3537 At
331 3472 484 3555 quid
513 3493 672 3554 opus
694 3470 1027 3553 yravidam
1041 3467 1250 3549 fateri
1289 3489 1377 3547 se,
1409 3490 1549 3552 quae
1577 3476 1835 3533 uterum
1864 3470 2079 3547 ferret,
2113 3477 2178 3533 et
2207 3471 2417 3533 vicina

197 3577 340 3660 jam
379 3575 594 3659 partui
629 3571 874 3637 esset'?
964 3574 1095 3636 Res
1133 3572 1271 3654 ipsa
1304 3572 1376 3634 in
1421 3579 1721 3654 promptu
1763 3571 1932 3634 satiS.
2030 3572 2416 3653 Quanquam

205 3687 273 3743 et
311 3677 704 3759 C'ovffessario
734 3697 871 3738 rem
900 3674 1084 3752 fassa,
1116 3682 1184 3737 et
1218 3675 1458 3758 rejecta
1483 3681 1708 3736 tamen
1738 3682 1836 3736 est
1852 3673 1915 3736 ¹⁵:
1965 3673 2215 3737 Prodiit
2244 3696 2412 3752 vero,

201 3803 340 3845 non
366 3781 558 3859 mola,
589 3779 700 3843 sed
727 3778 920 3842 foetus
949 3777 1279 3854 formatus,
1311 3797 1470 3859 puer
1499 3798 1656 3839 mas.

273 3915 390 3966 Scio
411 3916 566 3964 etiam
590 3950 603 3962 .
629 3948 642 3961 .
665 3950 678 3963 .
702 3928 795 3977 pro
829 3913 999 3963 fabula
1032 3911 1225 3970 haberi,
1261 3911 1476 3960 conficta
1495 3946 1509 3960 .
1534 3947 1547 3959 .
1574 3946 1587 3958 .
1612 3925 1642 3960 a
1661 3909 1832 3961 Foxio.
1858 3947 1870 3959 .
1896 3947 1909 3960 .
1934 3948 1946 3961 .
1971 3910 2211 3961 consulat
2238 3910 2418 3961 Lector

339 3996 682 4058 Hardingum,
723 4032 736 4044 .
760 4032 772 4044 .
798 4031 812 4045 .
849 3999 903 4044 et
945 3994 1058 4057 [leq.
1091 3993 1199 4057 vel]
1245 3997 1520 4042 Auctorem
1567 3993 1789 4056 triplicis
1828 3992 2415 4058 Conversionis—[Bell.

335 4079 485 4143 Apol.
510 4093 601 4142 pro
624 4076 793 4141 Resp]
814 4092 863 4141 p.
886 4078 997 4126 181.
1026 4075 1165 4139 [Op.,
1186 4081 1309 4126 tom.
1332 4075 1421 4124 vii.
1445 4075 1536 4124 col.
1555 4077 1666 4125 806.
1693 4073 1769 4138 C.]

272 4284 296 4315 Ι
328 4273 497 4385 ΙζῖῙίἀθ
519 4273 637 4321 Nic.
661 4270 870 4322 Sanderi
892 4269 1027 4319 Hist.
1054 4269 1269 4319 Schism.
1359 4269 1563 4318 sectiii.
1581 4269 1846 4319 num.217.
1864 4283 1912 4332 p.
1928 4270 2038 4317 266.
2061 4267 2235 4316 Romae
2250 4267 2413 4331 1593]

201 4341 328 4401 Aug
350 4339 408 4387 ic.
458 4338 547 4387 lib.
583 4338 656 4385 iii.
697 4351 815 4385 ann.
854 4337 997 4385 1582.
1044 4349 1132 4399 pp.
1155 4337 1266 4384 310.
1422 4332 1433 4365 ¹
1505 4333 1578 4381 cf.
1610 4334 1747 4396 virg.
1771 4333 1882 4381 AEn.
1907 4334 1974 4381 ir.
2000 4330 2131 4394 172]

203 4407 318 4453 323.
345 4401 448 4451 Col.
474 4405 595 4464 Agr.
622 4400 788 4463 1628]
1417 4397 1432 4437 ³
1507 4397 1635 4446 Vide
1668 4398 1816 4447 Foxii
1840 4397 1973 4445 Acta
1993 4402 2046 4445 et
2069 4395 2414 4457 Monumenta,

271 4466 294 4498 δ
333 4465 495 4530 [vide
529 4465 664 4515 And.
704 4465 898 4526 Philop.
927 4464 1024 4522 (Le.
1061 4462 1118 4512 R.
1148 4463 1266 4511 Par·
1356 4462 1445 4512 lib.
1466 4478 1515 4510 x.
1539 4476 1623 4525 pp.
1646 4463 1986 4512 1943-1948.
2013 4460 2171 4510 Lond.
2199 4459 2363 4524 1583.]

202 4534 342 4596 sons)
368 4530 604 4594 Respons.
629 4531 693 4581 ad
717 4530 883 4579 Edict.
908 4528 1086 4591 Regin.
1111 4527 1267 4590 Angl.
1423 4525 1445 4557 ¹¹
1483 4525 1642 4591 [lbid.
1665 4541 1714 4590 p.
1736 4527 1879 4578 1947.
1901 4525 1993 4575 col.
2012 4524 2079 4590 2.]
