3165 4959
456 2189 581 2251 189

695 298 824 360 256
1319 315 1403 361 AD
1449 314 1828 361 cannmms
1870 312 2269 362 BELLARMIM

694 469 839 533 raeis
869 469 1135 553 aliquos,
1162 471 1243 534 ad
1267 471 1598 535 Christum
1622 491 1973 534 conversos.
2051 470 2246 533 Esto:
2280 470 2326 531 ii
2358 476 2594 548 autem,
2620 492 2698 533 ex
2721 478 2893 546 vote,

694 572 915 635 vinum
960 594 1094 636 non
1131 573 1463 637 bibebant.
1552 573 1700 635 Non
1729 579 1819 635 est
1861 577 2065 634 autem
2097 572 2407 648 credibile,
2449 593 2553 635 eos
2583 575 2824 636 omnino
2857 596 2896 635 a

694 679 1110 740 communione
1156 678 1542 740 abstinuisse.
1636 676 1767 738 Sed
1813 695 2004 757 neque
2047 675 2357 753 credibile,
2404 681 2623 738 contra
2669 682 2895 752 votam,

693 782 901 843 vinum
930 781 1170 842 bibisse.
1254 781 1461 852 Quare
1476 799 1650 860 pane
1678 779 1808 841 solo
1839 778 2335 840 communicasse.
2411 777 2614 841 Videt
2655 778 2891 861 (credo)

695 883 1092 946 credibilibus
1148 882 1327 945 hisce
1387 881 1538 959 suis,
1593 887 1661 944 et
1721 902 1844 943 non
1900 881 2317 956 credibilibus,
2379 880 2544 943 nihil
2592 881 2894 945 effectum

696 984 1085 1048 Cardinalis:
1132 985 1289 1048 Non
1321 985 1516 1063 enim,
1558 990 1705 1067 post
1736 992 2061 1067 peractam
2092 984 2657 1062 consecrationem,
2690 986 2892 1048 credi-

696 1088 816 1150 bile
862 1098 959 1151 est
1008 1107 1336 1171 superesse
1386 1089 1525 1171 jam
1576 1088 1786 1150 vinum
1836 1087 1907 1149 in
1952 1087 2182 1164 calice3
2233 1087 2404 1170 quod
2450 1085 2655 1153 bibere
2692 1089 2894 1172 possit

694 1190 1079 1268 Nazaraeus3
1128 1190 1298 1274 quod
1342 1191 1396 1252 si
1439 1190 1642 1268 bibat,
1690 1197 1907 1273 peccet
1947 1189 2020 1253 in
2049 1196 2274 1252 votum.
2364 1190 2522 1253 Non
2568 1212 2721 1254 sane
2765 1194 2894 1254 vini

692 1294 1042 1357 substantia
1066 1353 1074 1360 ,
1099 1293 1233 1376 (ait)
1289 1293 1404 1356 sed
1450 1294 1821 1356 accidentia.
1930 1294 2023 1356 At
2075 1294 2210 1356 vini
2270 1293 2624 1357 accidentia
2669 1295 2893 1359 vinum

693 1419 826 1462 non
858 1405 1028 1461 sunt.
1119 1398 1365 1460 Vinum
1397 1396 1591 1475 enim,
1624 1396 2001 1461 substantia.

761 1533 813 1582 N
815 1534 992 1584 azaroei
1017 1570 1027 1581 .
1051 1569 1063 1581 .
1090 1570 1101 1581 .
1126 1536 1271 1582 tanta
1302 1531 1548 1594 religione
1580 1530 1904 1580 abstinebant
1924 1545 1956 1579 a
1976 1530 2112 1591 vino,
2134 1566 2146 1578 .
2174 1566 2186 1578 .
2211 1566 2224 1578 .
2250 1535 2308 1578 ut
2329 1544 2392 1580 ne
2416 1545 2536 1580 uvas
2557 1530 2764 1593 quidem
2787 1545 2894 1594 pas·

824 1630 903 1664 sas
923 1620 1126 1677 gustare
1149 1617 1366 1678 possent.
1436 1613 1614 1675 Itaque
1636 1616 1841 1676 propter
1877 1611 2013 1660 hunc
2039 1615 2240 1660 tantum
2269 1611 2530 1674 religionis
2549 1612 2770 1673 rigorem
2793 1628 2896 1661 om·

822 1696 946 1763 nino
983 1696 1223 1746 credibile
1243 1699 1333 1754 est,
1360 1695 1630 1745 Nazaraeos
1665 1710 1724 1744 eo
1759 1697 1985 1756 tempore
2018 1707 2122 1742 non
2160 1693 2312 1742 fuisse
2347 1708 2492 1742 ausos
2523 1694 2631 1742 vini
2664 1709 2895 1758 saporem

819 1777 1249 1842 gustare—[Bell.
1276 1777 1423 1840 Apol.
1449 1792 1540 1840 pro
1562 1776 1733 1839 Resp.]
1763 1791 1813 1838 p.
1840 1778 1947 1824 103.
1975 1775 2106 1839 [Op.,
2125 1779 2246 1823 tom.
2265 1775 2350 1824 vii.
2373 1775 2464 1823 col.
2480 1776 2510 1826 7
2515 1777 2592 1824 62.
2613 1775 2693 1840 B.]

780 1868 908 1931 Sed
954 1875 1174 1931 tantus
1213 1871 1343 1931 voti
1386 1870 1582 1950 γῦρον,
1635 1867 1723 1930 ait
1771 1866 2147 1944 Cardinalis,
2193 1872 2264 1928 at
2311 1886 2423 1929 nec
2467 1887 2622 1930 uvas
2659 1889 2897 1949 passas

683 1972 1003 2052 yustarint
1052 1971 1373 2033 Nazaraei.
1468 1972 1680 2047 Certe,
1731 1969 1842 2033 sed
1895 1991 1980 2032 an
2030 1991 2170 2032 uvae
2221 1990 2421 2052 passae
2480 1969 2893 2034 accidentia?

696 2075 999 2156 Superest
1026 2094 1179 2137 vero
1206 2074 1277 2136 in
1306 2073 1506 2156 passis
1535 2094 1807 2151 uvarum
1848 2072 2080 2154 liquor,
2115 2071 2402 2154 adeoque
2432 2080 2497 2135 et
2529 2072 2896 2137 substantia

690 2177 846 2259 ipsa.
953 2178 1218 2239 Poterat
1270 2197 1423 2259 ergo
1470 2176 1840 2253 Nazaraeus,
1902 2175 2077 2238 salvo
2131 2180 2282 2238 voto
2332 2182 2606 2257 poterat,
2670 2197 2893 2240 secure

690 2280 928 2344 bibere.
1012 2281 1235 2343 Potest
1265 2280 1389 2342 hoc
1420 2285 1485 2342 et
1514 2280 1744 2357 Turca,
1787 2278 1919 2361 (qui
1949 2278 2310 2342 Mahometi
2339 2279 2481 2361 lege
2511 2281 2784 2358 arcetur)
2825 2288 2894 2343 et

689 2384 791 2447 vel
835 2384 905 2446 in
952 2384 1166 2447 media
1209 2383 1444 2447 Schola
1488 2404 1786 2460 asserere,
1832 2383 2054 2444 Vinum
2092 2403 2229 2446 non
2272 2382 2446 2461 bibo,
2498 2389 2705 2446 votum
2757 2406 2892 2447 non

690 2488 896 2552 violo:
970 2488 1071 2551 De
1118 2490 1260 2550 vino
1289 2488 1467 2551 vovi:
1517 2488 1868 2550 accidentia
1915 2486 2049 2549 vini
2091 2488 2301 2549 vinum
2355 2508 2488 2550 non
2537 2496 2710 2563 sunt,
2758 2509 2896 2551 non

693 2613 847 2656 sane
876 2593 1098 2677 magis,
1153 2615 1344 2677 quam
1393 2591 1688 2655 accidens
1732 2590 2090 2654 substantia
2119 2598 2237 2655 est.
2330 2592 2671 2655 Evanescit
2715 2614 2889 2676 ergn,

692 2717 839 2762 cum
868 2697 1001 2759 vini
1044 2695 1423 2774 substantia,
1472 2702 1928 2777 argumentum
1986 2693 2126 2757 hoc.
2223 2694 2350 2757 Sed
2396 2703 2635 2771 tamen,
2681 2716 2892 2777 neque

692 2800 1108 2862 Nazaraeatus
1146 2808 1388 2876 votum,
1420 2799 1545 2862 nisi
1579 2797 1660 2861 ad
1704 2804 1980 2879 tempus,
2015 2805 2209 2879 atque
2247 2796 2410 2859 illud
2453 2797 2525 2859 in
2570 2797 2892 2881 plerisque

690 2923 824 2965 non
855 2902 1251 2965 diuturnum.
1344 2901 1532 2964 Nihil
1575 2922 1729 2984 ergo
1767 2901 2176 2978 incommodi,
2224 2900 2279 2962 si
2310 2900 2717 2963 Eucharistia
2747 2908 2892 2963 tan-

692 3003 894 3087 tisper
923 3005 1338 3082 abstinerent,
1372 3005 1528 3068 dum
1568 3004 1872 3088 completi
1903 3004 2038 3067 dies
2059 3005 2479 3067 Nazaraeatus
2510 3004 2628 3067 sui.
2716 3006 2807 3068 At
2839 3005 2894 3068 si

695 3106 1073 3171 diuturnum
1100 3132 1113 3169 ε
1148 3108 1440 3170 credibile
1462 3114 1572 3185 est,
1613 3107 1691 3189 (si
1710 3129 1857 3171 vere
1889 3107 1970 3170 ad
1994 3108 2325 3171 Christum
2356 3107 2646 3171 conversi
2676 3110 2888 3190 erant)

693 3210 1001 3293 majorem
1038 3209 1473 3287 Eucharistiae,
1512 3232 1704 3292 quam
1741 3212 2155 3274 Nazaraeatus
2199 3211 2516 3273 rationem
2566 3210 2888 3274 habuisse.

693 3313 912 3396 Majus
937 3313 1108 3376 enim
1141 3314 1502 3375 mandatum
1529 3314 1655 3377 hoc
1680 3315 1936 3407 Christi,
1963 3337 2152 3397 quam
2171 3320 2379 3377 votum
2406 3314 2567 3378 illud
2595 3315 2889 3378 nondum

698 3416 1041 3478 Christiani
1060 3444 1079 3478 .·
1126 3423 1212 3494 et,
1260 3416 1412 3479 satis
1456 3417 1527 3480 in
1567 3438 1643 3481 eo
1673 3417 1922 3497 virium,
1957 3419 2150 3482 etiam
2181 3419 2420 3502 absque
2447 3419 2637 3481 Bulla
2669 3419 2891 3481 Ponti-

677 3516 836 3599 ficia
865 3518 1015 3597 ulla,
1049 3540 1198 3583 cum
1237 3527 1386 3582 voto
1418 3518 1850 3602 dispensandi.
1940 3521 2033 3583 At
2063 3541 2231 3598 vern,
2265 3521 2583 3585 creditum
2619 3541 2695 3584 eo
2725 3529 2892 3583 tem-

691 3643 864 3704 pore,
913 3644 951 3686 a
997 3622 1322 3686 Nazaraeis
1363 3644 1649 3705 saporem
1693 3625 1823 3686 vini
1869 3625 2118 3705 ρωπίαν-ἰ
2162 3623 2300 3686 sine
2354 3622 2484 3686 vini
2530 3623 2893 3686 substantia

691 3725 992 3808 potuisse,
1014 3727 1255 3789 omnino
1278 3727 1350 3788 id
1376 3727 1620 3808 quidem
1651 3727 2080 3789 credibilemm
2109 3733 2220 3790 est.
2297 3726 2497 3790 Videt
2525 3726 2596 3788 in
2619 3747 2890 3810 vappam

694 3828 869 3892 abire
899 3828 1036 3893 haec
1062 3856 1075 3893 :
1124 3829 1434 3892 admiscet
1464 3838 1530 3893 et
1561 3829 1704 3910 alia,
1737 3831 1848 3894 sed
1880 3852 2022 3913 quae
2051 3851 2184 3893 non
2213 3829 2429 3892 minus
2452 3828 2684 3892 diluta.

757 3965 928 4029 Atque
943 3966 1054 4016 hsec
1074 3969 1152 4016 est
1174 3967 1321 4027 ratio,
1340 3981 1429 4015 cnr
1451 3965 1499 4015 S.
1514 3965 1674 4016 Lucas
1688 3967 1802 4015 Act.
1822 3968 1873 4017 ii.
1899 3965 2172 4029 scripserit,
2194 3968 2210 3991 ⁴
2224 3964 2384 4014 Erant
2405 3995 2420 4014 .
2442 3999 2454 4011 .
2482 4001 2493 4013 .
2517 3966 2889 4027 perseverantes

822 4084 834 4096 .
860 4083 872 4095 .
899 4084 910 4095 .
934 4049 992 4097 in
1014 4048 1470 4098 communicatione
1492 4048 1749 4097 fractionis
1781 4049 1956 4111 pani5,'
1979 4053 2072 4097 etc.
2142 4047 2245 4096 Ubi
2268 4061 2370 4095 non
2391 4044 2593 4095 addidit
2619 4046 2887 4108 quicquam

821 4127 884 4178 de
900 4129 1067 4185 calice,
1092 4128 1180 4177 sed
1204 4129 1367 4179 solum
1389 4130 1630 4179 meminit
1663 4129 1922 4179 fractionis
1954 4129 2113 4192 panis,
2139 4128 2381 4191 quoniam
2401 4127 2465 4176 ab
2488 4141 2548 4176 ca
2568 4127 2733 4189 specie
2759 4126 2887 4174 nulli

820 4224 873 4259 se
894 4209 1445 4276 abstinebant.——-[Bell.
1470 4211 1617 4274 Apol.
1644 4226 1734 4275 pro
1747 4211 1917 4275 Rem]
1940 4227 1989 4275 p.
2010 4213 2117 4260 103.
2142 4210 2276 4275 [Op.,
2297 4214 2419 4258 tom.
2443 4208 2531 4257 vii.
2555 4208 2648 4257 col.
2674 4209 2786 4259 762.
2813 4206 2889 4270 C.]

780 4307 971 4373 Quod
1000 4330 1232 4391 nempe
1263 4310 1338 4371 de
1368 4308 1691 4390 fractione
1709 4312 1903 4391 panis
1931 4311 2274 4373 meminerit
2302 4309 2532 4386 Lucas,
2563 4328 2677 4371 nec
2707 4308 2889 4370 addi-

692 4408 785 4471 dit
839 4411 1165 4491 quicquam
1214 4412 1289 4473 de
1341 4414 1552 4475 calice.
1670 4413 1822 4491 Ubi,
1879 4413 2055 4476 subit
2108 4412 2396 4475 animum
2445 4411 2584 4494 ejus
2643 4410 2887 4492 species

691 4508 1175 4588 phantasmatis,
1230 4521 1490 4595 propter
1534 4515 1800 4578 calicem
1846 4536 1979 4579 non
2024 4514 2336 4591 additum,
2383 4512 2630 4597 aliquos
2674 4511 2764 4575 ibi
2805 4512 2888 4576 ab
