3165 4959
991 351 1357 400 Ammonia
1403 352 1766 402 nnsronsm.
2402 345 2486 406 95

266 508 647 593 complexus
694 529 828 573 non
876 515 991 573 est,
1102 512 1469 593 Principum
1513 519 1660 575 tum
1705 533 1892 591 more,
1946 514 2147 576 Breve
2197 515 2484 598 scripsit:

264 614 793 696 Philosophorum
821 634 990 677 more
1010 614 1172 698 jam,
1196 615 1419 678 librum
1448 615 1614 679 forte
1645 616 2032 699 scripturus:
2079 640 2381 701 magnam
2405 618 2486 683 ab

261 716 425 780 orbe
453 724 596 781 toto
626 718 907 781 initurus
938 718 1232 801 gratiam,
1265 718 1318 781 si
1349 720 1653 783 actionem
1673 718 1765 784 ibi
1794 721 2071 802 iniquam
2102 722 2326 786 subtili
2357 723 2485 787 dis-

260 821 608 903 putatione
650 819 896 900 doceat,
930 815 1122 904 qnam
1151 822 1247 885 ita
1275 822 1548 886 strictim
1578 822 1649 885 in
1677 824 1870 887 Brevi
1901 824 2248 889 damnavit.
2340 827 2487 891 Nec

262 923 448 987 enim
488 924 557 987 id
596 944 717 988 nos
747 923 976 989 habuit
1005 924 1194 1003 male,
1227 925 1397 1008 quod
1440 926 1572 988 Vic’
1605 926 1871 989 edictum
1901 948 2090 990 suum
2133 929 2265 993 Vic’
2298 930 2488 993 edicti

261 1048 441 1091 more
492 1027 855 1111 scripserit:
921 1027 1037 1091 sed
1080 1028 1253 1111 quod
1305 1028 1461 1091 libro
1510 1028 1612 1092 vel
1662 1031 1895 1111 scripto
1948 1030 2163 1114 aliquo
2207 1033 2487 1115 iniquam

264 1132 578 1194 actionem
623 1151 757 1195 non
791 1130 1101 1212 probarit,
1147 1152 1360 1213 quam,
1394 1132 1761 1213 Principum
1804 1153 1991 1212 more,
2022 1141 2332 1218 tanquam
2362 1138 2485 1200 ini-

268 1255 485 1316 quam,
516 1236 704 1298 Brevi
718 1235 1055 1317 prohibere
1080 1235 1292 1299 visum
1322 1244 1439 1299 est.

363 1338 653 1419 Iniquum
695 1345 913 1402 autem
956 1339 1142 1422 petit,
1173 1338 1230 1402 si
1270 1337 1341 1401 id
1384 1339 1568 1422 petit,
1601 1345 1677 1401 ut
1715 1360 1841 1421 qua
1869 1341 2251 1406 auctoritate
2278 1344 2488 1407 utitur

272 1443 584 1525 Princeps
626 1443 697 1506 in
731 1442 1154 1506 Subditorum
1198 1464 1479 1521 suorum,
1527 1442 1755 1506 eadem
1800 1444 1993 1526 Papae
2037 1445 2137 1507 uti
2183 1445 2373 1510 liceat
2418 1448 2488 1510 in

273 1545 647 1629 Principum
693 1545 1015 1610 actiones:
1062 1545 1289 1610 eodem
1335 1566 1451 1628 per
1497 1546 1717 1610 omnia
1762 1546 1953 1630 styIO,
1999 1547 2224 1611 eadem
2269 1549 2488 1614 Edicta·

271 1648 609 1713 brevitate.
700 1649 972 1713 Faciunt
1024 1657 1248 1714 tamen
1306 1670 1590 1734 eousque
1649 1649 1787 1713 haec
1846 1650 1928 1714 ad
1986 1671 2145 1730 rem,
2204 1660 2282 1716 ut
2340 1675 2488 1717 cum

272 1753 486 1836 Reges
542 1753 780 1816 Edicta
853 1753 1158 1833 scribant,
1236 1754 1428 1837 Papae
1493 1754 1820 1835 Epi-stolas
1878 1756 2283 1833 hortatorias,
2346 1779 2489 1842 quae
2623 1757 2709 1818 74

265 1857 469 1920 vicem
510 1857 732 1920 Edicta·
780 1863 1050 1941 gerant:
1097 1857 1221 1920 hac
1267 1857 1495 1921 saltem
1544 1879 1622 1921 ex
1669 1866 1873 1942 parte,
1924 1859 2114 1942 Papis
2156 1860 2489 1943 inferiores

267 1980 408 2024 non
439 1960 610 2024 sint:
659 1960 765 2024 cui
792 1960 888 2024 rei
918 1981 957 2023 a
1002 1961 1181 2044 Rege
1230 1960 1560 2043 aequalitas
1607 1960 1746 2024 haec
1790 1960 2070 2026 adducta
2116 1970 2238 2028 est.
2327 1966 2487 2028 Tam

270 2064 441 2147 Regi
469 2064 695 2127 librum
722 2084 857 2128 non
886 2064 1184 2144 scribere,
1206 2064 1505 2128 Edictum
1535 2065 1812 2129 scribere
1841 2065 2013 2146 licet,
2039 2089 2232 2150 quam
2257 2068 2484 2151 Papae:

264 2188 394 2231 nec
423 2166 507 2231 ad
533 2167 704 2231 hanc
740 2167 1001 2252 quidem
1029 2188 1190 2247 rem,
1224 2165 1531 2248 Ροπίιζίίεε
1556 2189 1625 2232 se
1652 2170 1784 2231 ullo
1814 2189 1894 2232 eoe
1908 2159 2101 2250 parte
2129 2170 2488 2252 inferiorem

266 2272 542 2336 credere.

334 2408 486 2459 Certe
506 2407 663 2469 enim,
684 2407 730 2457 si
751 2406 817 2458 ad
838 2408 970 2458 ovile
994 2407 1189 2460 Christi
1212 2422 1265 2458 se
1286 2409 1541 2473 pertinere
1562 2409 1740 2470 credit,
1765 2425 1868 2461 non
1903 2415 2071 2475 potest
2105 2427 2157 2463 se
2190 2428 2295 2463 non
2317 2413 2485 2464 inferi·

399 2504 540 2541 orem
561 2490 653 2540 illo
673 2489 916 2551 indicare,
932 2491 1015 2541 cui
1037 2490 1235 2540 dictum
1256 2495 1335 2542 est
1355 2506 1387 2542 a
1408 2490 1647 2552 Domino,
1673 2495 1688 2519 ‘
1702 2492 1854 2544 Pasce
1877 2508 1993 2544 oves
2012 2509 2151 2545 meas
2168 2496 2198 2543 :'
2230 2497 2333 2545 nisi
2354 2497 2484 2547 forte

398 2586 517 2622 oves
540 2573 743 2622 Pastore
765 2571 1025 2623 inferiores
1045 2586 1152 2623 esse
1172 2586 1355 2637 negare
1368 2573 1826 2639 volucria—[Bell.
1845 2576 1995 2639 Apol.
2018 2590 2109 2640 pro
2132 2576 2306 2641 Rasa]
2333 2592 2380 2642 p.
2402 2580 2481 2628 26,

402 2652 543 2717 [Op.,
566 2657 689 2703 tom.
712 2653 801 2703 vii.
820 2653 912 2704 col.
938 2654 1049 2705 719.
1076 2652 1158 2717 B.]
2079 2662 2100 2681 .-

354 2752 653 2817 Pontifici
704 2774 822 2818 suo
872 2760 948 2817 ut
988 2773 1121 2835 par
1167 2752 1252 2817 sit
1299 2755 1439 2817 Rex
1487 2753 1684 2833 ullus,
1732 2775 1865 2819 non
1908 2754 2035 2820 fert
2081 2755 2477 2821 Cardinalis:
2508 2765 2637 2880 gur
2655 2769 2766 2847 eyia

267 2857 520 2919 hunzero
580 2857 889 2940 impinyz‘t,
949 2877 1143 2920 cornu
1198 2858 1478 2935 ventilat,
1528 2865 1605 2920 ut
1663 2857 1896 2920 cedant
1947 2879 2171 2922 omnes
2224 2859 2304 2923 de
2355 2860 2476 2924 via.
2504 2832 2715 2946 aignan,

276 2961 427 3022 Ovis
472 2959 646 3024 enim
695 2961 964 3023 Pastore
1008 2959 1296 3041 inferior.
1388 2961 1530 3024 Rex
1576 2967 1797 3025 autem
1840 2963 1990 3025 ovis.
2083 2962 2237 3027 Ovis
2284 2972 2475 3044 certe,

265 3084 492 3126 verum
536 3083 670 3126 non
706 3062 888 3126 Petri
932 3069 1175 3142 tamen,
1208 3062 1320 3127 sed
1352 3062 1632 3135 Christi:
1681 3085 1874 3148 quem
1903 3066 2232 3129 Pastorem
2263 3088 2474 3148 suum,

266 3188 397 3249 quo
427 3187 495 3230 se
523 3165 885 3247 inferiorem
925 3166 1233 3250 agnoscit.
1324 3166 1487 3245 Nec,
1521 3167 1572 3229 si
1603 3168 1798 3232 Petro
1840 3168 1906 3233 id
1956 3168 2220 3250 dictum,
2252 3172 2475 3252 Pasce,

268 3270 447 3334 Petri
506 3291 573 3333 se
628 3278 851 3334 tamen
910 3291 1078 3333 ovem
1137 3277 1464 3354 agnoscet.
1554 3272 1701 3336 Nec
1748 3272 1923 3336 enim
1971 3274 2164 3339 Petro
2206 3275 2473 3355 dictum,

266 3374 472 3436 Pasce
499 3394 638 3437 oves
667 3380 828 3453 tuas,
855 3372 968 3438 sed
998 3374 1201 3437 Pasce
1231 3394 1370 3436 oves
1398 3395 1587 3439 meas.
1658 3376 1812 3441 Ovis
1844 3397 2016 3461 ergo,
2049 3377 2163 3442 sed
2194 3379 2470 3447 Christi:

265 3485 331 3540 et
378 3478 709 3540 Pastorem
764 3476 981 3558 habet,
1036 3477 1149 3541 sed
1203 3477 1555 3557 Christum,
1619 3500 1810 3563 quem
1869 3481 2180 3564 agnoscit,
2241 3482 2346 3546 cui
2406 3504 2474 3547 se

262 3581 573 3645 submittit
600 3581 853 3646 lubens.
2099 3596 2102 3597 ’

352 3685 621 3764 Verum,
653 3685 774 3748 etsi
811 3685 961 3748 Ovis
991 3682 1254 3764 Christi,
1287 3706 1327 3748 a
1356 3685 1550 3750 Petro
1580 3691 1823 3765 tamen,
1853 3686 1956 3749 vel
1985 3684 2181 3768 (quod
2208 3686 2474 3768 perinde

262 3791 385 3873 est)
423 3789 602 3854 Petri
644 3810 993 3854 successore
1019 3788 1396 3873 pascendus.
1487 3791 1646 3854 Non
1677 3810 1829 3853 sane
1859 3810 2020 3872 opus
2051 3796 2170 3870 est,
2204 3789 2283 3855 ab
2315 3790 2472 3854 alte-

260 3902 465 3975 rutro,
499 3895 573 3974 si,
611 3893 783 3978 quod
818 3895 1011 3958 Petro
1054 3894 1144 3957 ibi
1185 3895 1439 3973 dictum,
1474 3894 1709 3957 dictum
1754 3894 2031 3957 omnibus
2048 3892 2094 3973 d,
2128 3894 2200 3974 si,
2232 3895 2325 3958 Et
2367 3896 2474 3960 ille

260 4000 595 4078 nobiscum,
627 4004 689 4062 et
719 4019 831 4063 nos
861 4020 997 4062 cum
1027 3999 1156 4078 illo,
1188 4019 1328 4061 oves
1357 3999 1506 4061 illas
1525 3998 1883 4079 pascendas
1909 4000 2286 4080 suscepimus
2306 4010 2329 4039 ⁶
2352 4027 2372 4063 .·
2420 4000 2474 4063 si

262 4125 457 4187 quam
501 4104 642 4168 haec
689 4102 772 4167 ad
817 4104 1107 4182 Petrum,
1149 4109 1288 4166 tam
1329 4102 1412 4166 ad
1441 4102 1890 4185 Augustinum
1919 4110 1987 4167 et
2015 4102 2469 4168 Ambrosium:

2617 2897 2806 2962 Papae]

260 4216 435 4272 certe
480 4208 684 4272 nihilo
724 4207 931 4290 magis
978 4207 1060 4271 ad
1099 4206 1490 4290 Episcopum
1525 4209 1914 4286 Romanum,
1949 4228 2142 4290 quam
2170 4207 2273 4271 vel
2307 4208 2471 4291 Hip-

257 4332 611 4396 ponensem
639 4312 712 4375 in
741 4310 982 4389 Africa,
1014 4309 1118 4374 vel
1146 4309 1704 4374 Mediolanensem
1733 4309 1804 4373 in
1831 4310 1968 4394 ipsa
1999 4310 2207 4374 Italia.

321 4446 346 4478 '¹
379 4446 472 4512 [S.]
489 4447 703 4510 August.
722 4446 786 4496 de
801 4445 966 4508 Agon-
984 4444 1100 4496 chr.
1119 4460 1227 4510 cap.
1246 4448 1323 4496 30.
1478 4455 1500 4479 ⁶
1524 4444 1748 4510 [Pseud]
1764 4447 1998 4497 Ambros.
2012 4446 2076 4497 de
2090 4446 2254 4498 Sacer.
2269 4446 2467 4511 Dignit.

251 4512 544 4641 ὲθὲόιὲιέὶ
558 4514 636 4642 ξι]
663 4512 758 4562 col.
783 4513 894 4563 439.
921 4510 975 4561 C.
1003 4510 1137 4562 Vide
1159 4526 1324 4575 supra,
1412 4525 1534 4626 {apt
1559 4513 1647 4640 ¹¹23).
1689 4511 1805 4577 [leg.
1844 4513 1890 4562 2.
1927 4511 2062 4564 Vide
2097 4527 2265 4577 supra,
2298 4527 2347 4577 p.
2390 4516 2468 4565 20.
