3165 4959
751 336 882 400 476
1363 345 1448 391 AD
1493 340 1879 391 cummim
1920 341 2318 389 amisium

838 504 982 567 Nec
1040 502 1092 564 si
1150 501 1364 563 recudi
1414 503 1606 576 curet,
1651 496 1849 578 fidem
1906 497 2194 559 liberabit
2244 504 2500 560 tamen:
2550 499 2660 581 qui
2711 502 2956 564 Libello

751 608 974 687 eaiyuo
1026 604 1326 667 Mendaci
1376 601 1673 683 exiguam
1724 600 1916 663 fidem
1967 600 2201 663 habere
2250 600 2494 677 debuit,
2545 623 2657 665 seu
2705 605 2954 668 nullam

717 726 724 731 ”
750 710 984 794 potius.
1072 708 1198 769 Det
1227 726 1477 787 operam
1503 704 1739 787 potius,
1766 706 1975 785 primo
2006 724 2240 785 quoque
2279 710 2549 785 tempore
2576 714 2651 768 ut
2681 728 2957 771 exuam-

749 823 876 891 tur,
952 812 1135 894 siqua
1196 809 1446 891 reliqua
1503 807 1635 869 sint
1693 806 2118 889 Exemplaria.
2238 807 2387 890 Ipse
2447 816 2665 873 autem
2726 811 2957 874 liberet

750 915 1051 991 animam,
1098 910 1380 989 fatendo,
1426 930 1501 972 ex
1532 908 1833 970 Mendai-i
1867 907 2051 985 libro,
2096 928 2165 970 se
2195 907 2538 972 Mendacio
2566 919 2817 975 temere
2844 935 2959 996 per

748 1022 973 1083 omnes
1024 1015 1381 1100 provincias
1428 1012 1911 1076 disseminasse:
1958 1010 2078 1088 vel,
2134 1012 2189 1073 si
2235 1013 2514 1087 remcdat,
2568 1025 2856 1097 apponat
2895 1019 2952 1080 ei

749 1123 1036 1199 titulum,
1084 1120 1449 1183 Brevia-ulus
1493 1116 1799 1192 Mendax,
1830 1115 2013 1196 cujus
2063 1114 2252 1176 fidem
2299 1124 2557 1178 secutus
2587 1118 2954 1183 cardinalis

750 1223 1181 1288 Belial-minus
1226 1223 1355 1284 tria
1398 1240 1626 1301 magna
1666 1217 2007 1279 Mendacio
2056 1215 2126 1279 in
2177 1217 2373 1280 Torto
2420 1240 2534 1281 suo
2578 1222 2955 1302 propalavit.

753 1327 930 1393 Quid
950 1347 1099 1390 vero
1120 1324 1376 1400 mirum,
1404 1322 1458 1384 si
1489 1343 1527 1384 a
1546 1321 1769 1383 Sicilia
1798 1339 1988 1401 usque
2015 1339 2146 1382 non
2177 1319 2301 1381 n‘isi
2323 1320 2664 1383 Mendacio
2695 1343 2956 1406 exspec-

749 1437 981 1507 temus,
1033 1448 1174 1511 quae
1225 1422 1633 1506 Rhotomagi,
1668 1421 1837 1505 quod
1878 1420 2086 1483 multo
2128 1420 2387 1503 propius
2435 1444 2475 1485 a
2517 1423 2706 1487 nobis
2753 1425 2955 1505 abest,

751 1550 886 1603 tam
919 1546 1070 1602 sunt
1097 1535 1397 1601 venalia?
2934 1537 2943 1545 ·

815 1744 950 1802 Qui.
976 1779 988 1792 .
1005 1743 1161 1806 jurat,
1197 1746 1256 1790 ut
1289 1740 1398 1790 haee
1430 1738 1646 1789 formula
1676 1739 1976 1801 praescribit,
2001 1739 2285 1802 pariturum
2318 1754 2371 1788 se
2404 1739 2572 1803 [Regi]
2595 1754 2699 1789 non
2724 1741 2957 1791 obstante

879 1824 1133 1874 sententia
1169 1820 1722 1870 Excommunioetionis
1753 1833 1785 1867 a
1810 1820 2056 1870 Pontifiee
2093 1819 2213 1879 lata,
2252 1820 2297 1868 is
2329 1833 2511 1881 negare
2531 1825 2767 1869 censetur
2799 1827 2959 1883 potes-

880 1909 1039 1954 tatem
1075 1900 1395 1953 Pontificiam
1438 1901 1633 1963 ligandi
1667 1915 1757 1963 per
1793 1903 2098 1951 sententiam
2134 1900 2701 1950 Exeommunioetionis.
2774 1902 2843 1951 Et
2868 1906 2956 1966 qui

869 1985 1014 2047 jurat
1036 2020 1048 2032 .
1076 2020 1087 2032 .
1112 2019 1126 2032 .
1150 1989 1202 2031 et
1235 1983 1397 2032 credit
1428 1997 1481 2030 se
1515 1995 1616 2029 non
1651 1995 1793 2043 posse
1825 1996 1855 2030 a
1880 1979 2124 2031 Pontifioe
2146 1981 2336 2030 absolvi
2373 1980 2481 2044 [loy.
2505 1997 2535 2030 a
2559 1982 2702 2031 nullo
2736 1997 2788 2031 se
2812 1997 2958 2045 posse

878 2064 1085 2122 absolvi,
1116 2078 1174 2111 ac
1196 2077 1260 2111 ne
1282 2063 1345 2112 ab
1369 2062 1477 2124 ipso
1500 2061 1708 2122 quidem
1740 2061 2011 2125 pontifice]
2046 2062 2110 2111 ab
2134 2062 2442 2122 obligatione
2475 2061 2626 2124 hujus
2645 2061 2677 2111 J
2684 2064 2957 2122 uramenti,

879 2145 924 2192 is
956 2147 1108 2205 neg-at
1143 2144 1198 2191 in
1235 2157 1432 2191 summo
1473 2141 1717 2191 Pontifice
1751 2147 2046 2204 potestatem
2083 2142 2336 2191 solvendi:
2384 2141 2529 2199 Quod
2551 2178 2563 2191 .
2590 2179 2601 2190 .
2628 2178 2638 2190 .
2664 2143 2796 2192 dicit
2833 2143 2957 2203 Rex,

880 2228 895 2251 ‘
915 2224 1129 2273 Nullum
1163 2238 1266 2272 esse
1287 2224 1497 2272 verbum
1529 2223 1631 2271 nisi
1664 2222 2003 2272 conditionale
2034 2224 2090 2271 in
2129 2259 2141 2271 .
2175 2259 2187 2271 .
2220 2259 2232 2271 .
2266 2221 2564 2272 Juramento
2595 2224 2659 2274 de
2691 2224 2959 2274 Pontificis

880 2309 1128 2369 potestate
1142 2306 1196 2362 5,'
1218 2342 1230 2354 .
1254 2341 1266 2353 .
1293 2341 1305 2353 .
1328 2319 1431 2355 non
1463 2308 1673 2367 apparet
1698 2304 1754 2352 in
1777 2318 1877 2366 quo
1897 2318 2047 2353 sensu
2069 2304 2281 2353 veritate
2303 2304 2511 2353 nitatur.
2568 2303 2675 2354 Ista
2697 2306 2956 2368 siquidem

881 2386 1035 2435 verba
1067 2386 1102 2450 [‘
1121 2385 1252 2435 Vere
1290 2384 1451 2442 credo,
1492 2389 1544 2433 et
1586 2388 1721 2433 certa
1758 2383 2064 2432 conscientia
2097 2388 2259 2440 teneo,
2289 2383 2422 2446 quod
2448 2398 2612 2446 neque
2642 2385 2795 2447 Papa,
2821 2385 2957 2450 etc-'J

887 2482 991 2518 non
1012 2472 1132 2517 sunt
1149 2465 1525 2525 conditionalia,
1543 2464 1630 2514 sed
1652 2464 2111 2528 absoluta—[Bell.
2129 2464 2277 2528 Apol.
2302 2478 2391 2528 pro
2406 2464 2582 2528 Rem]
2608 2479 2657 2528 p.
2675 2468 2787 2516 201.
2815 2466 2959 2531 [Op.,

889 2553 1010 2598 tom.
1033 2550 1121 2598 vii.
1146 2548 1237 2598 col.
1261 2549 1371 2599 817.
1396 2546 1451 2596 B.
1470 2545 1546 2609 0.]

431 2701 546 2763 [(9.)
565 2698 739 2748 Dene-
849 2680 955 2743 Ad
993 2682 1260 2744 Nonum
1272 2693 1312 2741 ¹.
1404 2679 1651 2741 Mirum
1692 2686 1927 2756 autem,
1966 2681 2184 2760 neyari
2228 2680 2295 2740 in
2340 2679 2705 2741 Juramento
2742 2686 2962 2759 potes-

427 2769 548 2826 gata
570 2762 737 2811 Ponti·

431 2827 514 2876 fici
548 2832 658 2875 tum
679 2825 734 2873 li·

763 2789 954 2846 tatem
994 2782 1251 2864 liyandi,
1295 2780 1365 2842 in
1409 2802 1534 2863 quo
1577 2780 1921 2863 propositio
1962 2789 2183 2843 tamen
2228 2780 2407 2843 nulla
2451 2780 2552 2857 sit,
2597 2801 2740 2863 quae
2779 2780 2961 2843 illam

428 2890 603 2952 gaudi,
624 2894 734 2937 tum
760 2893 971 2967 neget.
1065 2884 1192 2947 Sed
1231 2905 1396 2948 novo
1425 2882 1616 2945 modo
1646 2889 1927 2964 περαίαν,
1960 2904 2094 2945 non
2140 2904 2254 2965 per
2288 2884 2689 2945 ‹is-sertorium
2723 2905 2963 2964 propo-

430 2953 675 3014 solvendi,

430 3016 712 3083 potatam]

519 3709 650 3769 345

759 2987 1042 3047 sitionem
1070 2985 1289 3061 ullam,
1325 2983 1434 3047 sed
1461 3004 1576 3063 per
1598 2983 1949 3045 ,Iura-menti
1965 2980 2324 3063 formulam.
2412 2983 2673 3045 Novum
2712 2984 2951 3063 (eredo)

759 3086 1038 3168 negandi
1068 3108 1286 3168 genus,
1307 3106 1428 3166 per
1450 3077 1797 3165 sormidam
1826 3106 2082 3167 negare.
2172 3086 2367 3162 Nam,
2406 3086 2525 3157 Qui
2551 3086 2740 3166 jurat
2773 3089 2963 3167 pari-

760 3194 965 3251 turum
993 3209 1058 3250 se
1086 3189 1263 3268 Reyi,
1295 3209 1416 3249 non
1446 3187 1726 3250 obstante
1753 3189 2057 3249 sententia
2086 3187 2784 3266 EoecommunicationiS‚
2820 3210 2965 3251 cen-

757 3297 929 3353 setur
957 3311 1185 3371 neyare
1203 3295 1576 3370 potestatem
1608 3290 1847 3371 ligandi
1869 3290 2310 3370 Apostolicam.
2381 3291 2471 3351 At
2496 3289 2575 3351 de
2594 3290 2966 3370 Apostolica

758 3393 924 3455 nihil
952 3391 1082 3455 illio
1110 3392 1211 3454 vel
1240 3392 1561 3470 asseritur,
1587 3392 1689 3455 vel
1717 3400 1993 3473 negatur
2019 3415 2032 3452 ε
2068 3391 2468 3470 Pontificiam
2493 3390 2702 3453 dicere
2732 3392 2962 3455 voluit.

759 3496 858 3557 Ao
876 3496 1222 3576 propositio
1249 3495 1505 3577 quidem
1535 3515 1826 3576 expresse
1848 3493 2214 3568 continetur
2241 3493 2311 3554 in
2328 3493 2694 3555 Juramento
2722 3521 2741 3564 ,·
2774 3515 2968 3576 neyn-

764 3600 850 3660 tio
892 3620 1039 3662 vero
1083 3620 1204 3661 nec
1248 3619 1326 3661 eoe
1370 3603 1788 3678 consequente.
1881 3597 2080 3660 Recte
2124 3595 2325 3677 igitur
2369 3596 2530 3658 dixit
2580 3596 2963 3675 cardinalis,

770 3702 1063 3764 Censetur
1091 3721 1335 3782 negare.
1425 3700 1568 3762 Neo
1600 3698 1772 3761 enim
1803 3703 2007 3780 neyat.
2082 3699 2238 3761 Non
2270 3698 2444 3761 enim
2473 3704 2659 3779 neyat
2688 3698 2761 3760 in
2793 3700 2967 3762 Pon-

763 3804 934 3866 tifice
993 3802 1237 3885 ligandi
1293 3809 1697 3884 potestatem,
1752 3800 1862 3882 qui
1909 3799 2459 3863 excommunicare
2506 3821 2688 3883 posse
2740 3802 2964 3884 ponit3

764 3911 949 3986 neyat
984 3925 1264 3986 eousque
1309 3903 1630 3985 porrigere
1675 3923 1741 3965 se
1785 3902 2107 3984 ligaminis
2137 3902 2285 3979 vim,
2317 3910 2393 3965 ut
2421 3902 2610 3965 officii
2653 3902 2968 3985 ligaturas

765 4007 998 4070 solvat:
1045 4027 1164 4068 nec
1208 4004 1407 4087 ligare
1436 4004 1701 4067 omnino
1731 4012 1944 4087 negat,
1992 4004 2103 4068 sed
2143 4024 2421 4087 eousque
2463 4003 2683 4086 ligare,
2727 4013 2805 4068 ut
2850 4027 2967 4090 pro

766 4111 1062 4189 Principe
1103 4106 1338 4170 habere
1368 4106 1466 4169 vel
1498 4108 1697 4169 Patre
1725 4128 1858 4169 nou
1886 4106 2097 4184 liceat,
2130 4106 2265 4170 eive
2294 4126 2535 4189 parere,
2571 4106 2680 4188 qui
2710 4127 2967 4171 excom-

765 4211 1129 4273 municatus
1160 4209 1261 4271 sit.
1328 4209 1547 4290 Negat
1573 4213 1593 4241 ‘
1611 4210 1809 4290 ligare
1832 4209 2008 4270 istud
2022 4210 2041 4240 ³
2073 4208 2328 4272 vincula
2347 4208 2617 4271 Naturae
2638 4209 2965 4272 revellere.

827 4404 849 4434 r
918 4394 1052 4444 Vide
1085 4392 1313 4442 Mendae.
1340 4392 1482 4442 'Porti
1514 4392 1714 4441 refutat.
1749 4391 1813 4441 ad
1904 4392 2093 4450 Polit.;
2150 4399 2202 4441 et
2249 4391 2375 4441 Bell.
2424 4389 2532 4453 Op„
2580 4395 2703 4438 tom.
2736 4392 2825 4440 vii.
2872 4393 2965 4442 eol.

763 4459 881 4504 calc.
937 4460 1105 4542 ‘scafat-
1133 4458 1397 4568 Monitdp.
1424 4456 1556 4532 1β2.]
1759 4521 1767 4531 1
1904 4459 2013 4506 653.
2042 4454 2119 4518 C.]

831 4527 850 4547 ⁸
887 4520 938 4579 [N
960 4519 1040 4566 nde
1065 4519 1299 4581 Respous.
1369 4526 1466 4569 orti
1494 4535 1540 4583 p.
1562 4523 1638 4570 35.
1678 4519 1812 4568 Edit.
