3165 4959
700 322 832 383 330
1328 336 1413 383 Ao
1459 336 1840 383 cannmluas
1885 336 2282 383 amanium

684 499 895 572 potest
937 493 1011 555 de
1042 493 1332 554 Ecclesia
1373 494 1596 573 accipi,
1639 513 1771 573 quoe
1818 492 2077 553 duorum
2114 492 2641 553 Testamentorum
2688 491 2925 553 lumine

694 595 952 656 radiata
994 593 1323 674 formatur
1352 604 1395 657 ⁶.
1506 594 1914 676 Augustinus
1958 592 2216 656 ibidem.
2305 594 2449 655 Duo
2496 593 2923 669 Candelabra,

696 697 984 760 Ecclesia
1022 699 1191 779 (una)
1227 705 1341 774 est,
1381 698 1497 760 sed
1517 718 1643 779 pro
1688 717 1938 759 numero
1982 697 2528 772 Testamentorum,
2553 743 2568 757 .
2595 743 2608 757 .
2643 696 2788 758 duo.
2817 745 2831 757 .
2859 745 2875 759 .
2904 745 2920 758 .

694 800 864 892 Nam
911 801 1263 862 Zacharias
1313 822 1502 863 unum
1557 799 2008 862 Candelabrum
2053 800 2215 862 vidit
2260 796 2635 879 septiforme,
2687 806 2750 860 et
2802 801 2926 861 has

696 904 854 965 duas
889 904 1085 965 olivas
1136 903 1232 984 (id
1264 905 1380 984 est)
1434 904 1845 978 Testamenta,
1886 901 2218 983 infundere
2257 903 2454 964 oleum
2500 901 2920 977 candelabro,

695 1007 810 1068 hoc
839 1011 951 1082 est,
984 1003 1331 1069 Ecclesiaes.
1404 1007 1492 1069 Et
1521 1006 1715 1088 paulo
1746 1015 1909 1088 post,
1943 1006 2226 1070 Duorum
2264 1006 2420 1067 dicit
2448 1025 2637 1066 unum
2668 1025 2920 1086 corpus,

696 1114 755 1170 et
787 1108 1124 1189 aliquando
1162 1129 1445 1190 coipora,
1481 1114 1552 1170 ut
1589 1130 1910 1171 numerum
1947 1110 2472 1171 Testamentorum
2515 1115 2824 1185 servaret,
2857 1115 2921 1170 et

697 1210 996 1273 Ecclesia?
1024 1232 1211 1273 unum
1242 1232 1465 1292 empus
1495 1212 1843 1274 ostenderet
1853 1222 1899 1274 8.
1989 1212 2097 1289 Et,
2132 1211 2302 1294 quod
2332 1232 2523 1274 omne
2552 1210 2682 1273 fert
2712 1232 2921 1293 pune-

695 1321 873 1378 tum:
920 1314 1083 1377 unde
1132 1316 1489 1378 excluditur
1532 1316 1731 1378 omnis
1772 1315 2043 1395 suspicio
2084 1315 2490 1396 quorundam,
2534 1315 2641 1395 qui
2673 1321 2921 1395 putant

698 1419 808 1479 llos
843 1417 997 1480 duos
1040 1418 1250 1481 Testes
1286 1419 1439 1480 duos
1481 1420 1650 1482 viros
1690 1438 1821 1480 esse
1837 1416 1887 1480 ¹².
1981 1419 2144 1483 Quae
2185 1418 2451 1497 Bedam,
2497 1418 2917 1496 Primasium,

697 1520 1159 1601 Augustinum,
1205 1520 1564 1597 Tieonium,
1620 1522 1938 1585 Auctores
1990 1520 2237 1599 habuit,
2284 1542 2361 1584 ea
2404 1542 2554 1583 vero
2609 1521 2920 1584 novitatis

699 1622 1056 1686 insimulari
1085 1645 1219 1686 non
1246 1631 1481 1708 potest.

459 1758 589 1822 239
769 1756 906 1806 Beda
944 1772 1061 1807 vero
1098 1758 1301 1807 etiamsi
1344 1757 1681 1822 spiritualiter
1716 1757 1792 1807 ita
1830 1758 2055 1821 exponit,
2091 1760 2262 1806 tamen
2303 1756 2540 1820 adjungit
2583 1771 2914 1806 communem

830 1839 1047 1888 aliorum
1072 1841 1395 1899 sententiam,
1416 1839 1550 1903 quod
1578 1839 1678 1888 duo
1710 1839 1790 1888 illi
1814 1838 2083 1903 Prophetae
2106 1839 2213 1888 siut
2244 1838 2417 1890 Enoch
2445 1842 2496 1888 et
2533 1838 2916 1905 Elina—[Bell.

830 1921 977 1983 Apol.
996 1934 1089 1984 pro
1107 1921 1275 1985 Resp]
1296 1937 1345 1985 p.
1365 1922 1473 1970 140.
1499 1920 1634 1985 [Op.,
1656 1925 1779 1970 tom.
1806 1922 1893 1970 vii.
1920 1921 2012 1970 eol.
2035 1922 2143 1971 783.
2166 1919 2243 1984 C.]

373 2044 635 2110 [Testimo-
785 2020 960 2083 Nam
1007 2020 1365 2083 Cardinalis
1408 2020 1801 2083 sententiam
1849 2021 2048 2098 Beda,
2088 2041 2210 2083 nee
2252 2020 2378 2083 nisi
2409 2019 2596 2083 finita
2641 2019 2912 2085 demum

374 2110 460 2159 ¹¹³²
484 2107 672 2172 Bedae‚]
700 2121 898 2184 totius
928 2120 1188 2183 visionis
1219 2120 1613 2203 expositione
1645 2143 1782 2199 sua,
1817 2123 2050 2186 refert:
2098 2143 2218 2185 nee
2248 2131 2322 2185 ut
2357 2123 2453 2185 vel
2486 2124 2774 2199 Patrum,
2808 2123 2913 2186 vel

698 2244 1071 2287 communem
1099 2230 1242 2286 tum
1269 2225 1658 2287 sententiam.
1719 2225 1826 2288 Sic
1849 2226 2042 2302 enim,
2073 2226 2341 2298 Quidam
2371 2227 2526 2289 duos
2554 2227 2916 2307 Prophetas

698 2327 925 2390 Enoch
948 2333 1012 2389 et
1034 2327 1244 2389 Eliam
1273 2328 1788 2409 interpretantur.
1839 2334 1856 2363 ‘
1870 2329 2164 2402 Quidam'
2197 2337 2416 2393 autem
2450 2332 2570 2393 ‘sic
2600 2332 2911 2411 interpre-

656 2487 663 2494 ,
698 2432 955 2510 tantur,’
976 2452 1096 2496 nee
1120 2430 1200 2495 de
1223 2430 1515 2515 plurimis
1540 2431 1667 2496 dici
1688 2440 1926 2516 potest:
1959 2433 2174 2516 potius
2199 2434 2372 2497 enim
2392 2440 2535 2497 tum
2558 2433 2908 2497 dicendum

697 2542 855 2613 erat,
890 2536 1191 2608 ‘Quidam
1235 2535 1422 2598 aliter
1442 2536 1463 2567 '
1505 2534 1608 2618 (de
1639 2557 1756 2599 sua
1785 2536 2031 2599 scilieet
2070 2537 2296 2620 ipsius)
2322 2565 2341 2616 3
2396 2545 2461 2600 et
2492 2537 2572 2600 de
2603 2538 2912 2600 Patribus

696 2640 990 2721 plurimis
1021 2639 1200 2703 Beda
1237 2660 1571 2722 nunquam
1600 2646 1736 2702 tam
1765 2638 1997 2722 frigide
2027 2641 2420 2723 loqueretur,
2454 2648 2567 2703 aut
2607 2641 2906 2721 quosdam

696 2742 889 2806 modo
918 2742 1178 2806 diceret.
1254 2745 1342 2806 Et
1371 2744 1441 2805 in
1472 2764 1549 2806 ea
1576 2742 1718 2825 ipsa
1748 2764 2000 2825 quoque
2031 2744 2353 2807 sententia
2384 2744 2739 2822 referenda,
2771 2766 2906 2807 non

695 2855 1161 2910 resurrecturos
1194 2846 1407 2911 denuo
1453 2846 1615 2911 duos
1655 2847 1800 2910 illos
1831 2847 2056 2910 asserit
2074 2874 2093 2926 3
2142 2847 2276 2926 sed,
2308 2848 2906 2910 redinstaurandum

696 2951 936 3012 demum
994 2955 1303 3013 certamen.
1361 2972 1402 3012 a
1461 2950 1734 3028 Sanctis,
1790 2951 1894 3031 qui
1955 2950 2336 3013 latebrarum
2382 2951 2685 3032 praesidio
2738 2953 2908 3013 velut

695 3055 925 3115 mortui
954 3054 1382 3132 credebantur,
1416 3056 1523 3135 qui
1540 3076 1666 3135 pro
1693 3056 1879 3117 unius
1910 3075 2199 3138 compaye
2230 3057 2511 3136 emporis
2540 3055 2730 3117 iidem
2746 3075 2904 3135 pro-

682 3157 890 3236 phetoe
933 3176 1254 3238 resurgere
1300 3156 1644 3220 dicantur&
1738 3159 1845 3221 Ita
1885 3159 2084 3222 refert
2129 3181 2270 3222 eam
2312 3158 2505 3223 modo
2553 3158 2749 3235 Beda,
2782 3179 2905 3221 nec

697 3279 733 3321 e
773 3280 841 3321 re
881 3258 1237 3322 Cardinalis
1266 3260 1496 3323 refert:
1543 3261 1810 3324 relatam
1843 3262 1913 3325 in
1942 3262 2154 3325 medio
2183 3263 2507 3346 relinquit.

763 3393 940 3457 Neque
964 3431 976 3443 .
1002 3432 1014 3444 .
1038 3432 1049 3442 .
1077 3394 1251 3458 (Beda)
1276 3396 1475 3456 refellit,
1493 3400 1545 3445 et
1568 3412 1671 3447 non
1695 3397 1967 3447 refellendo
1989 3398 2264 3461 approbare
2286 3395 2731 3460 videam—[Bell.
2752 3397 2902 3460 Apol.

827 3491 917 3540 pro
943 3475 1115 3540 Resp]
1141 3491 1189 3540 p.
1211 3479 1319 3527 140.
1346 3477 1485 3541 [Op.,
1506 3483 1632 3528 tom.
1654 3479 1742 3529 vii.
1765 3479 1858 3529 eol.
1882 3479 1994 3530 783.
2020 3479 2096 3544 0.]

784 3593 929 3656 Nee
959 3591 1184 3676 refellit
1216 3595 1493 3677 quidem,
1517 3596 1632 3659 sed
1661 3604 1880 3660 tamen
1910 3619 2032 3660 non
2049 3594 2402 3678 refellendo,
2427 3617 2550 3659 non
2573 3595 2901 3677 approbat.

695 3696 872 3759 Nam
914 3696 966 3759 si
1012 3698 1431 3779 approbasset,
1466 3699 1780 3781 posuisset
1818 3720 1960 3762 eam
1999 3721 2115 3784 pro
2157 3722 2291 3779 sua,
2324 3722 2516 3782 quam
2557 3700 2694 3783 ipse
2746 3700 2904 3782 (non

761 3892 782 3916 ·
816 3883 1048 3948 [Primae.
1074 3885 1355 3936 Comment.
1380 3886 1436 3935 in
1459 3885 1642 3949 Apoe.]
1660 3886 1748 3935 lib.
1836 3890 1890 3936 et
1935 3885 2100 3937 Eliam
2145 3888 2557 3950 interpretantur,
2603 3887 2689 3950 qui
2737 3887 2904 3936 tribus

694 3948 771 3999 iii.
798 3949 881 4013 [in
903 3964 1009 4013 cap.
1039 3951 1289 4001 xi.——Bib.
1318 3951 1454 3999 Max.
1492 3949 1602 4000 Pat.
1629 3957 1749 4000 tom.
1837 3953 1990 4001 semis
2021 3953 2169 4002 annis
2207 3953 2538 4016 praedieantes
2571 3958 2748 4001 eontra
2779 3966 2902 4000 mox

695 4028 746 4062 x.
804 4029 852 4077 p.
888 4017 998 4064 314.
1058 4016 1115 4065 B.
1147 4015 1201 4065 C.
1246 4016 1309 4065 D.
1358 4015 1593 4065 Clausula
1635 4030 1751 4065 vero
1838 4021 2120 4068 secuturam
2156 4017 2462 4066 Antichristi
2485 4016 2750 4080 perfidiam
2784 4016 2902 4065 fide-

699 4077 937 4128 ‘Habent
957 4108 1023 4118 —-
1043 4080 1291 4140 habeant,'
1340 4095 1445 4130 non
1498 4095 1589 4130 suo
1644 4080 1752 4130 loco
1837 4081 1966 4130 lium
2009 4082 2160 4131 eorda
2203 4082 2532 4140 confirment;
2582 4082 2787 4143 illisque
2826 4096 2904 4129 oe-

697 4143 918 4207 eitatur.]
1839 4146 1957 4195 eleis
2000 4145 2304 4196 tantundem
2360 4146 2601 4209 temporis
2647 4147 2900 4195 saevitiam

764 4208 780 4239 ¹
826 4208 1279 4272 [Pseudo-August.
1344 4209 1496 4258 Hom.
1539 4209 1647 4257 viii.
1697 4209 1753 4258 in
1841 4209 2066 4273 ejusdem
2120 4215 2473 4273 grassaturam,
2520 4217 2572 4259 et
2620 4209 2900 4259 redinstau-

699 4273 873 4336 Apoe„
918 4274 1049 4338 apud
1095 4276 1144 4324 S.
1174 4277 1304 4337 Aug.
1360 4275 1468 4338 Op„
1525 4280 1648 4324 tom.
1677 4274 1752 4323 iii.
1840 4282 1949 4325 rato
1983 4277 2188 4325 demum
2221 4277 2495 4325 certamine
2528 4290 2558 4324 a
2584 4277 2789 4335 sanctis,
2810 4276 2901 4338 qui

698 4337 931 4400 Append.
951 4341 1041 4389 eol.
1068 4343 1209 4390 3130.
1235 4340 1296 4389 A.
1838 4340 2145 4390 latebrarum
2201 4340 2438 4404 praesidio
2503 4340 2644 4389 velut
2705 4341 2898 4390 mortui

762 4411 785 4442 s
849 4403 977 4451 Ibid.
1014 4406 1105 4454 col.
1130 4408 1272 4456 3130.
1341 4404 1375 4468 .]
1838 4405 2180 4459 credebantur.
2219 4420 2324 4455 ease
2371 4405 2721 4469 superandam,
2768 4405 2902 4467 qui,”

760 4466 783 4497 h
817 4403 978 4594 {leia
1013 4470 1103 4518 col.
1132 4473 1274 4520 3131.
1301 4469 1386 4533 B.]
1838 4471 2163 4533 ete—Beda]
2190 4472 2244 4518 in
2270 4470 2424 4533 Apoc.
2453 4469 2612 4534 [cap]
2639 4468 2708 4518 xi·
2755 4469 2899 4534 [Op-⁸

839 4535 869 4556 ⁴‘
885 4532 1101 4587 deam
1126 4535 1250 4584 duos
1278 4534 1553 4596 Prophetas
1576 4533 1750 4583 Enoch
1838 4538 1959 4585 tom.
1983 4552 2027 4586 v.
2052 4536 2144 4586 eol.
2168 4535 2304 4598 782]
