<?xml version="1.0" encoding="UTF-8"?>
<!DOCTYPE html PUBLIC "-//W3C//DTD XHTML 1.0 Transitional//EN"
    "http://www.w3.org/TR/xhtml1/DTD/xhtml1-transitional.dtd">
<html xmlns="http://www.w3.org/1999/xhtml" xml:lang="en" lang="en">
 <head>
  <title>
</title>
<meta http-equiv="Content-Type" content="text/html;charset=utf-8" />
  <meta name='ocr-system' content='tesseract 3.04.00' />
  <meta name='ocr-capabilities' content='ocr_page ocr_carea ocr_par ocr_line ocrx_word'/>
</head>
<body>
  <div class='ocr_page' id='page_1' title='image "./responsioadapol01andrgoog_0144.png"; bbox 0 0 3165 4959; ppageno 0'>
   <div class='ocr_carea' id='block_1_1' title="bbox 612 377 2187 440">
    <p class='ocr_par' dir='ltr' id='par_1_1' title="bbox 612 377 2187 440">
     <span class='ocr_line' id='line_1_1' title="bbox 612 377 2187 440; baseline -0.007 0"><span class='ocrx_word' id='word_1_1' title='bbox 612 377 737 440; x_wconf 86' lang='lat'><strong>108</strong></span> <span class='ocrx_word' id='word_1_2' title='bbox 1236 388 1322 435; x_wconf 80' lang='lat' dir='ltr'><strong>AD</strong></span> <span class='ocrx_word' id='word_1_3' title='bbox 1367 386 1746 434; x_wconf 72' lang='lat' dir='ltr'><strong>cAumNAms</strong></span> <span class='ocrx_word' id='word_1_4' title='bbox 1790 383 2187 432; x_wconf 74' lang='lat' dir='ltr'><strong>BELLARMINI</strong></span> 
     </span>
    </p>
   </div>
   <div class='ocr_carea' id='block_1_2' title="bbox 677 536 2812 784">
    <p class='ocr_par' dir='ltr' id='par_1_2' title="bbox 677 536 2812 784">
     <span class='ocr_line' id='line_1_2' title="bbox 677 536 2810 607; baseline -0.005 -13"><span class='ocrx_word' id='word_1_5' title='bbox 677 545 854 595; x_wconf 80' lang='lat' dir='ltr'><strong>Altero</strong></span> <span class='ocrx_word' id='word_1_6' title='bbox 878 544 1095 607; x_wconf 87' lang='lat' dir='ltr'><strong>proprio,</strong></span> <span class='ocrx_word' id='word_1_7' title='bbox 1113 543 1305 592; x_wconf 80' lang='lat' dir='ltr'><strong>ratione</strong></span> <span class='ocrx_word' id='word_1_8' title='bbox 1328 542 1506 591; x_wconf 81' lang='lat' dir='ltr'><strong>directi</strong></span> <span class='ocrx_word' id='word_1_9' title='bbox 1532 540 1763 598; x_wconf 84' lang='lat' dir='ltr'><strong>dominii,</strong></span> <span class='ocrx_word' id='word_1_10' title='bbox 1781 538 1913 603; x_wconf 91' lang='lat' dir='ltr'><strong>quod</strong></span> <span class='ocrx_word' id='word_1_11' title='bbox 1938 540 1994 588; x_wconf 92' lang='lat' dir='ltr'><strong>in</strong></span> <span class='ocrx_word' id='word_1_12' title='bbox 2009 538 2238 602; x_wconf 83' lang='lat' dir='ltr'>Regnum</span> <span class='ocrx_word' id='word_1_13' title='bbox 2254 537 2458 599; x_wconf 81' lang='lat' dir='ltr'><strong>Angliae</strong></span> <span class='ocrx_word' id='word_1_14' title='bbox 2481 540 2533 585; x_wconf 80' lang='lat' dir='ltr'><strong>et</strong></span> <span class='ocrx_word' id='word_1_15' title='bbox 2549 536 2810 585; x_wconf 70' lang='lat' dir='ltr'><strong>Hiberniae</strong></span> 
     </span>
     <span class='ocr_line' id='line_1_3' title="bbox 742 619 2812 685; baseline -0.004 -8"><span class='ocrx_word' id='word_1_16' title='bbox 742 628 968 677; x_wconf 74' lang='lat' dir='ltr'><strong>Romana</strong></span> <span class='ocrx_word' id='word_1_17' title='bbox 1001 627 1155 677; x_wconf 77' lang='lat' dir='ltr'><strong>habet</strong></span> <span class='ocrx_word' id='word_1_18' title='bbox 1188 625 1422 684; x_wconf 73' lang='lat' dir='ltr'><strong>Ecclesia,</strong></span> <span class='ocrx_word' id='word_1_19' title='bbox 1447 625 1665 674; x_wconf 78' lang='lat' dir='ltr'><strong>testibus</strong></span> <span class='ocrx_word' id='word_1_20' title='bbox 1687 623 1882 673; x_wconf 85' lang='lat' dir='ltr'><strong>duobus</strong></span> <span class='ocrx_word' id='word_1_21' title='bbox 1904 623 2042 673; x_wconf 83' lang='lat' dir='ltr'><strong>omni</strong></span> <span class='ocrx_word' id='word_1_22' title='bbox 2065 622 2360 685; x_wconf 72' lang='lat' dir='ltr'>exceptione</span> <span class='ocrx_word' id='word_1_23' title='bbox 2381 619 2656 684; x_wconf 78' lang='lat' dir='ltr'><strong>majoribus</strong></span> <span class='ocrx_word' id='word_1_24' title='bbox 2678 619 2812 669; x_wconf 89' lang='lat' dir='ltr'><strong>Hen-</strong></span> 
     </span>
     <span class='ocr_line' id='line_1_4' title="bbox 743 701 2810 784; baseline -0.004 -27"><span class='ocrx_word' id='word_1_25' title='bbox 743 711 847 758; x_wconf 86' lang='lat' dir='ltr'><strong>rico</strong></span> <span class='ocrx_word' id='word_1_26' title='bbox 871 708 956 769; x_wconf 86' lang='lat' dir='ltr'><strong>IL,</strong></span> <span class='ocrx_word' id='word_1_27' title='bbox 980 713 1032 757; x_wconf 83' lang='lat' dir='ltr'><strong>et</strong></span> <span class='ocrx_word' id='word_1_28' title='bbox 1052 708 1084 756; x_wconf 87' lang='lat' dir='ltr'><strong>J</strong></span> <span class='ocrx_word' id='word_1_29' title='bbox 1088 722 1247 758; x_wconf 81' lang='lat' dir='ltr'><strong>oanne</strong></span> <span class='ocrx_word' id='word_1_30' title='bbox 1268 704 1720 770; x_wconf 57' lang='lat' dir='ltr'><strong>Regibus—[Bell.</strong></span> <span class='ocrx_word' id='word_1_31' title='bbox 1746 703 1895 768; x_wconf 87' lang='lat' dir='ltr'><strong>Apol.</strong></span> <span class='ocrx_word' id='word_1_32' title='bbox 1918 718 2010 768; x_wconf 84' lang='lat' dir='ltr'><strong>pro</strong></span> <span class='ocrx_word' id='word_1_33' title='bbox 2033 702 2208 767; x_wconf 87' lang='lat' dir='ltr'><strong>Resp.]</strong></span> <span class='ocrx_word' id='word_1_34' title='bbox 2243 717 2293 767; x_wconf 90' lang='lat' dir='ltr'><strong>p.</strong></span> <span class='ocrx_word' id='word_1_35' title='bbox 2312 704 2389 752; x_wconf 82' lang='lat'><strong>29.</strong></span> <span class='ocrx_word' id='word_1_36' title='bbox 2428 701 2562 765; x_wconf 89' lang='lat' dir='ltr'><strong>[Op.‚</strong></span> <span class='ocrx_word' id='word_1_37' title='bbox 2583 705 2706 751; x_wconf 82' lang='lat' dir='ltr'><strong>tom.</strong></span> <span class='ocrx_word' id='word_1_38' title='bbox 2726 702 2810 784; x_wconf 62' lang='lat' dir='ltr'><strong>rii.</strong></span> 
     </span>
    </p>
   </div>
   <div class='ocr_carea' id='block_1_3' title="bbox 284 788 2818 1081">
    <p class='ocr_par' dir='ltr' id='par_1_3' title="bbox 284 788 2818 1081">
     <span class='ocr_line' id='line_1_5' title="bbox 744 789 1057 842; baseline -0.003 -3"><span class='ocrx_word' id='word_1_39' title='bbox 744 790 835 839; x_wconf 91' lang='lat' dir='ltr'><strong>col.</strong></span> <span class='ocrx_word' id='word_1_40' title='bbox 862 789 972 842; x_wconf 77' lang='lat'><strong>721.</strong></span> <span class='ocrx_word' id='word_1_41' title='bbox 997 789 1057 838; x_wconf 86' lang='lat' dir='ltr'><strong>A.</strong></span> 
     </span>
     <span class='ocr_line' id='line_1_6' title="bbox 295 788 2818 966; baseline -0.004 -27"><span class='ocrx_word' id='word_1_42' title='bbox 295 891 474 966; x_wconf 54' lang='lat' dir='ltr'><strong>[noque</strong></span> <span class='ocrx_word' id='word_1_43' title='bbox 577 954 587 964; x_wconf 90' lang='lat'><strong>.</strong></span> <span class='ocrx_word' id='word_1_44' title='bbox 707 872 953 939; x_wconf 79' lang='lat' dir='ltr'>Quodsi</span> <span class='ocrx_word' id='word_1_45' title='bbox 995 788 1128 935; x_wconf 63' lang='lat' dir='ltr'><strong>ncin</strong></span> <span class='ocrx_word' id='word_1_46' title='bbox 1173 893 1250 935; x_wconf 83' lang='lat' dir='ltr'><strong>ex</strong></span> <span class='ocrx_word' id='word_1_47' title='bbox 1290 871 1600 933; x_wconf 77' lang='lat' dir='ltr'><strong>indirecta</strong></span> <span class='ocrx_word' id='word_1_48' title='bbox 1635 874 1948 951; x_wconf 76' lang='lat' dir='ltr'><em>potestate</em></span> <span class='ocrx_word' id='word_1_49' title='bbox 1991 868 2329 949; x_wconf 68' lang='lat' dir='ltr'><strong>spirituali,</strong></span> <span class='ocrx_word' id='word_1_50' title='bbox 2363 867 2573 930; x_wconf 85' lang='lat' dir='ltr'><strong>adhuc</strong></span> <span class='ocrx_word' id='word_1_51' title='bbox 2601 868 2818 929; x_wconf 85' lang='lat' dir='ltr'><strong>minus</strong></span> 
     </span>
     <span class='ocr_line' id='line_1_7' title="bbox 284 955 2815 1081; baseline -0.005 -36"><span class='ocrx_word' id='word_1_52' title='bbox 284 955 593 1081; x_wconf 51' lang='lat' dir='ltr'><strong>ffissffiffin</strong></span> <span class='ocrx_word' id='word_1_53' title='bbox 619 998 694 1040; x_wconf 85' lang='lat' dir='ltr'><strong>ex</strong></span> <span class='ocrx_word' id='word_1_54' title='bbox 726 977 961 1039; x_wconf 79' lang='lat' dir='ltr'><strong>directo</strong></span> <span class='ocrx_word' id='word_1_55' title='bbox 993 975 1282 1052; x_wconf 80' lang='lat' dir='ltr'><strong>dominia,</strong></span> <span class='ocrx_word' id='word_1_56' title='bbox 1315 974 1394 1037; x_wconf 91' lang='lat' dir='ltr'><strong>de</strong></span> <span class='ocrx_word' id='word_1_57' title='bbox 1425 995 1552 1058; x_wconf 91' lang='lat' dir='ltr'><strong>quo</strong></span> <span class='ocrx_word' id='word_1_58' title='bbox 1581 992 1962 1055; x_wconf 86' lang='lat' dir='ltr'><strong>responsum</strong></span> <span class='ocrx_word' id='word_1_59' title='bbox 2007 971 2144 1055; x_wconf 84' lang='lat' dir='ltr'><strong>jam</strong></span> <span class='ocrx_word' id='word_1_60' title='bbox 2190 970 2434 1054; x_wconf 88' lang='lat' dir='ltr'><strong>accepit</strong></span> <span class='ocrx_word' id='word_1_61' title='bbox 2462 970 2533 1031; x_wconf 91' lang='lat' dir='ltr'><strong>in</strong></span> <span class='ocrx_word' id='word_1_62' title='bbox 2561 970 2758 1032; x_wconf 80' lang='lat' dir='ltr'><strong>&#39;Porto</strong></span> <span class='ocrx_word' id='word_1_63' title='bbox 2778 969 2815 1032; x_wconf 68' lang='lat'><strong>⁸.</strong></span> 
     </span>
    </p>
   </div>
   <div class='ocr_carea' id='block_1_4' title="bbox 617 1072 2832 2666">
    <p class='ocr_par' dir='ltr' id='par_1_4' title="bbox 617 1072 2832 2666">
     <span class='ocr_line' id='line_1_8' title="bbox 617 1072 2818 1155; baseline -0.004 -12"><span class='ocrx_word' id='word_1_64' title='bbox 617 1082 942 1143; x_wconf 79' lang='lat' dir='ltr'><strong>Directum</strong></span> <span class='ocrx_word' id='word_1_65' title='bbox 986 1086 1203 1142; x_wconf 85' lang='lat' dir='ltr'><strong>autem</strong></span> <span class='ocrx_word' id='word_1_66' title='bbox 1247 1099 1378 1141; x_wconf 92' lang='lat' dir='ltr'><strong>non</strong></span> <span class='ocrx_word' id='word_1_67' title='bbox 1419 1076 1657 1155; x_wconf 76' lang='lat' dir='ltr'><strong>minue,</strong></span> <span class='ocrx_word' id='word_1_68' title='bbox 1690 1097 1837 1140; x_wconf 88' lang='lat' dir='ltr'><strong>cum</strong></span> <span class='ocrx_word' id='word_1_69' title='bbox 1870 1076 2024 1152; x_wconf 87' lang='lat' dir='ltr'><strong>vult,</strong></span> <span class='ocrx_word' id='word_1_70' title='bbox 2058 1074 2395 1136; x_wconf 79' lang='lat' dir='ltr'><strong>dominium</strong></span> <span class='ocrx_word' id='word_1_71' title='bbox 2437 1072 2653 1151; x_wconf 87' lang='lat' dir='ltr'><strong>habet,</strong></span> <span class='ocrx_word' id='word_1_72' title='bbox 2685 1094 2818 1137; x_wconf 91' lang='lat' dir='ltr'><strong>non</strong></span> 
     </span>
     <span class='ocr_line' id='line_1_9' title="bbox 617 1176 2819 1265; baseline -0.003 -21"><span class='ocrx_word' id='word_1_73' title='bbox 617 1183 689 1245; x_wconf 91' lang='lat' dir='ltr'><strong>in</strong></span> <span class='ocrx_word' id='word_1_74' title='bbox 716 1182 1025 1265; x_wconf 89' lang='lat' dir='ltr'><strong>Angliam</strong></span> <span class='ocrx_word' id='word_1_75' title='bbox 1054 1180 1245 1244; x_wconf 89' lang='lat' dir='ltr'><strong>modo</strong></span> <span class='ocrx_word' id='word_1_76' title='bbox 1277 1185 1342 1243; x_wconf 89' lang='lat' dir='ltr'><strong>et</strong></span> <span class='ocrx_word' id='word_1_77' title='bbox 1375 1178 1777 1256; x_wconf 82' lang='lat' dir='ltr'><strong>Hiberniam,</strong></span> <span class='ocrx_word' id='word_1_78' title='bbox 1812 1177 1922 1241; x_wconf 88' lang='lat' dir='ltr'><strong>sed</strong></span> <span class='ocrx_word' id='word_1_79' title='bbox 1953 1185 2019 1241; x_wconf 92' lang='lat' dir='ltr'><strong>et</strong></span> <span class='ocrx_word' id='word_1_80' title='bbox 2048 1176 2120 1240; x_wconf 90' lang='lat' dir='ltr'><strong>in</strong></span> <span class='ocrx_word' id='word_1_81' title='bbox 2151 1176 2450 1255; x_wconf 80' lang='lat' dir='ltr'><strong>Galliam,</strong></span> <span class='ocrx_word' id='word_1_82' title='bbox 2483 1184 2549 1239; x_wconf 91' lang='lat' dir='ltr'><strong>et</strong></span> <span class='ocrx_word' id='word_1_83' title='bbox 2583 1176 2819 1258; x_wconf 87' lang='lat' dir='ltr'><strong>Hispa-</strong></span> 
     </span>
     <span class='ocr_line' id='line_1_10' title="bbox 619 1278 2817 1366; baseline -0.003 -17"><span class='ocrx_word' id='word_1_84' title='bbox 619 1285 815 1361; x_wconf 81' lang='lat' dir='ltr'><strong>niam,</strong></span> <span class='ocrx_word' id='word_1_85' title='bbox 854 1284 1149 1366; x_wconf 88' lang='lat' dir='ltr'><strong>denique,</strong></span> <span class='ocrx_word' id='word_1_86' title='bbox 1195 1281 1502 1366; x_wconf 89' lang='lat' dir='ltr'><strong>quicquid</strong></span> <span class='ocrx_word' id='word_1_87' title='bbox 1548 1287 1646 1344; x_wconf 89' lang='lat' dir='ltr'><strong>est</strong></span> <span class='ocrx_word' id='word_1_88' title='bbox 1691 1302 1960 1364; x_wconf 88' lang='lat' dir='ltr'><strong>usquam</strong></span> <span class='ocrx_word' id='word_1_89' title='bbox 2012 1281 2385 1363; x_wconf 85' lang='lat' dir='ltr'>Regnorum</span> <span class='ocrx_word' id='word_1_90' title='bbox 2425 1278 2497 1343; x_wconf 91' lang='lat' dir='ltr'><strong>in</strong></span> <span class='ocrx_word' id='word_1_91' title='bbox 2541 1280 2817 1363; x_wconf 87' lang='lat' dir='ltr'>Europa,</span> 
     </span>
     <span class='ocr_line' id='line_1_11' title="bbox 621 1381 2821 1466; baseline -0.003 -15"><span class='ocrx_word' id='word_1_92' title='bbox 621 1386 792 1452; x_wconf 81' lang='lat' dir='ltr'><strong>cadit</strong></span> <span class='ocrx_word' id='word_1_93' title='bbox 828 1386 899 1450; x_wconf 89' lang='lat' dir='ltr'><strong>in</strong></span> <span class='ocrx_word' id='word_1_94' title='bbox 938 1385 1156 1450; x_wconf 84' lang='lat' dir='ltr'><strong>omnia</strong></span> <span class='ocrx_word' id='word_1_95' title='bbox 1199 1385 1534 1448; x_wconf 78' lang='lat' dir='ltr'><strong>dominium</strong></span> <span class='ocrx_word' id='word_1_96' title='bbox 1579 1384 1720 1466; x_wconf 88' lang='lat' dir='ltr'><strong>ejus</strong></span> <span class='ocrx_word' id='word_1_97' title='bbox 1761 1384 1851 1446; x_wconf 84' lang='lat' dir='ltr'><strong>ad</strong></span> <span class='ocrx_word' id='word_1_98' title='bbox 1880 1383 2407 1465; x_wconf 72' lang='lat' dir='ltr'><strong>perpendiculum.</strong></span> <span class='ocrx_word' id='word_1_99' title='bbox 2503 1381 2821 1445; x_wconf 88' lang='lat' dir='ltr'><strong>Steuchus</strong></span> 
     </span>
     <span class='ocr_line' id='line_1_12' title="bbox 620 1493 2821 1582; baseline -0.003 -21"><span class='ocrx_word' id='word_1_100' title='bbox 620 1497 868 1582; x_wconf 85' lang='lat' dir='ltr'><strong>pridem</strong></span> <span class='ocrx_word' id='word_1_101' title='bbox 885 1506 936 1576; x_wconf 73' lang='lat'><strong>¹²,</strong></span> <span class='ocrx_word' id='word_1_102' title='bbox 971 1498 1191 1560; x_wconf 85' lang='lat' dir='ltr'><strong>Marta</strong></span> <span class='ocrx_word' id='word_1_103' title='bbox 1219 1495 1484 1573; x_wconf 87' lang='lat' dir='ltr'><strong>dudum,</strong></span> <span class='ocrx_word' id='word_1_104' title='bbox 1518 1495 1840 1558; x_wconf 84' lang='lat' dir='ltr'><strong>recensuit</strong></span> <span class='ocrx_word' id='word_1_105' title='bbox 1859 1505 1905 1557; x_wconf 84' lang='lat'><strong>¹.</strong></span> <span class='ocrx_word' id='word_1_106' title='bbox 1989 1495 2229 1557; x_wconf 88' lang='lat' dir='ltr'><strong>Sinunt</strong></span> <span class='ocrx_word' id='word_1_107' title='bbox 2259 1515 2407 1558; x_wconf 86' lang='lat' dir='ltr'><strong>vero</strong></span> <span class='ocrx_word' id='word_1_108' title='bbox 2436 1493 2567 1557; x_wconf 85' lang='lat' dir='ltr'><strong>frui</strong></span> <span class='ocrx_word' id='word_1_109' title='bbox 2597 1494 2821 1557; x_wconf 90' lang='lat' dir='ltr'><strong>Ponti-</strong></span> 
     </span>
     <span class='ocr_line' id='line_1_13' title="bbox 621 1597 2824 1683; baseline -0.004 -17"><span class='ocrx_word' id='word_1_110' title='bbox 621 1604 806 1666; x_wconf 89' lang='lat' dir='ltr'><strong>ficem</strong></span> <span class='ocrx_word' id='word_1_111' title='bbox 839 1601 1166 1683; x_wconf 83' lang='lat' dir='ltr'><strong>Principes</strong></span> <span class='ocrx_word' id='word_1_112' title='bbox 1207 1601 1321 1663; x_wconf 77' lang='lat' dir='ltr'><strong>hoc</strong></span> <span class='ocrx_word' id='word_1_113' title='bbox 1358 1601 1803 1681; x_wconf 70' lang='lat' dir='ltr'><strong>phantasmate</strong></span> <span class='ocrx_word' id='word_1_114' title='bbox 1832 1620 1981 1662; x_wconf 88' lang='lat' dir='ltr'><strong>suo:</strong></span> <span class='ocrx_word' id='word_1_115' title='bbox 2028 1620 2251 1662; x_wconf 83' lang='lat' dir='ltr'><strong>verum</strong></span> <span class='ocrx_word' id='word_1_116' title='bbox 2285 1597 2535 1661; x_wconf 81' lang='lat' dir='ltr'><strong>directii</strong></span> <span class='ocrx_word' id='word_1_117' title='bbox 2565 1598 2824 1659; x_wconf 76' lang='lat' dir='ltr'><strong>dominii</strong></span> 
     </span>
     <span class='ocr_line' id='line_1_14' title="bbox 623 1699 2822 1790; baseline -0.004 -21"><span class='ocrx_word' id='word_1_118' title='bbox 623 1706 876 1790; x_wconf 90' lang='lat' dir='ltr'><strong>signum</strong></span> <span class='ocrx_word' id='word_1_119' title='bbox 927 1703 1179 1768; x_wconf 90' lang='lat' dir='ltr'><strong>nullum</strong></span> <span class='ocrx_word' id='word_1_120' title='bbox 1197 1729 1216 1780; x_wconf 86' lang='lat'>;</span> <span class='ocrx_word' id='word_1_121' title='bbox 1269 1704 1528 1765; x_wconf 81' lang='lat' dir='ltr'><strong>Directo</strong></span> <span class='ocrx_word' id='word_1_122' title='bbox 1568 1702 1723 1765; x_wconf 89' lang='lat' dir='ltr'><strong>huic</strong></span> <span class='ocrx_word' id='word_1_123' title='bbox 1765 1702 2032 1764; x_wconf 81' lang='lat' dir='ltr'><strong>Domino</strong></span> <span class='ocrx_word' id='word_1_124' title='bbox 2075 1700 2450 1764; x_wconf 85' lang='lat' dir='ltr'><strong>fidelitatem</strong></span> <span class='ocrx_word' id='word_1_125' title='bbox 2491 1720 2681 1763; x_wconf 91' lang='lat' dir='ltr'><strong>nemo</strong></span> <span class='ocrx_word' id='word_1_126' title='bbox 2728 1699 2794 1762; x_wconf 83' lang='lat' dir='ltr'><strong>di</strong></span> <span class='ocrx_word' id='word_1_127' title='bbox 2805 1740 2822 1750; x_wconf 92' lang='lat'>-</span> 
     </span>
     <span class='ocr_line' id='line_1_15' title="bbox 622 1803 2821 1888; baseline -0.003 -17"><span class='ocrx_word' id='word_1_128' title='bbox 622 1813 858 1871; x_wconf 85' lang='lat' dir='ltr'><strong>rectam</strong></span> <span class='ocrx_word' id='word_1_129' title='bbox 902 1811 1185 1888; x_wconf 85' lang='lat' dir='ltr'><strong>praestat,</strong></span> <span class='ocrx_word' id='word_1_130' title='bbox 1238 1804 1612 1887; x_wconf 82' lang='lat' dir='ltr'><strong>homagium</strong></span> <span class='ocrx_word' id='word_1_131' title='bbox 1658 1804 1960 1866; x_wconf 81' lang='lat' dir='ltr'><strong>directum</strong></span> <span class='ocrx_word' id='word_1_132' title='bbox 2008 1824 2139 1867; x_wconf 92' lang='lat' dir='ltr'><strong>non</strong></span> <span class='ocrx_word' id='word_1_133' title='bbox 2186 1803 2357 1866; x_wconf 90' lang='lat' dir='ltr'><strong>ullus</strong></span> <span class='ocrx_word' id='word_1_134' title='bbox 2404 1803 2821 1885; x_wconf 85' lang='lat' dir='ltr'><strong>recognoscit,</strong></span> 
     </span>
     <span class='ocr_line' id='line_1_16' title="bbox 623 1905 2823 1992; baseline -0.003 -18"><span class='ocrx_word' id='word_1_135' title='bbox 623 1909 900 1992; x_wconf 83' lang='lat' dir='ltr'><strong>vectigal</strong></span> <span class='ocrx_word' id='word_1_136' title='bbox 931 1909 1233 1971; x_wconf 79' lang='lat' dir='ltr'><strong>directum</strong></span> <span class='ocrx_word' id='word_1_137' title='bbox 1268 1907 1443 1971; x_wconf 88' lang='lat' dir='ltr'><strong>haud</strong></span> <span class='ocrx_word' id='word_1_138' title='bbox 1490 1907 1826 1991; x_wconf 84' lang='lat' dir='ltr'><strong>quisquam</strong></span> <span class='ocrx_word' id='word_1_139' title='bbox 1856 1912 2173 1985; x_wconf 85' lang='lat' dir='ltr'><strong>numerat,</strong></span> <span class='ocrx_word' id='word_1_140' title='bbox 2206 1928 2338 1970; x_wconf 93' lang='lat' dir='ltr'><strong>non</strong></span> <span class='ocrx_word' id='word_1_141' title='bbox 2368 1905 2570 1990; x_wconf 87' lang='lat' dir='ltr'><strong>magis</strong></span> <span class='ocrx_word' id='word_1_142' title='bbox 2601 1906 2823 1970; x_wconf 85' lang='lat' dir='ltr'><strong>Ponti-</strong></span> 
     </span>
     <span class='ocr_line' id='line_1_17' title="bbox 626 2007 2820 2094; baseline -0.003 -19"><span class='ocrx_word' id='word_1_143' title='bbox 626 2012 730 2077; x_wconf 86' lang='lat' dir='ltr'><strong>fici</strong></span> <span class='ocrx_word' id='word_1_144' title='bbox 778 2033 930 2075; x_wconf 86' lang='lat' dir='ltr'><strong>sane</strong></span> <span class='ocrx_word' id='word_1_145' title='bbox 975 2031 1167 2094; x_wconf 85' lang='lat' dir='ltr'><strong>quam</strong></span> <span class='ocrx_word' id='word_1_146' title='bbox 1211 2009 1482 2074; x_wconf 84' lang='lat' dir='ltr'><strong>Doctori</strong></span> <span class='ocrx_word' id='word_1_147' title='bbox 1527 2010 1784 2072; x_wconf 90' lang='lat' dir='ltr'><strong>Martae.</strong></span> <span class='ocrx_word' id='word_1_148' title='bbox 1879 2010 2055 2073; x_wconf 87' lang='lat' dir='ltr'><strong>Nam</strong></span> <span class='ocrx_word' id='word_1_149' title='bbox 2101 2008 2298 2092; x_wconf 87' lang='lat' dir='ltr'><strong>(quod</strong></span> <span class='ocrx_word' id='word_1_150' title='bbox 2340 2030 2532 2091; x_wconf 83' lang='lat' dir='ltr'><strong>supra</strong></span> <span class='ocrx_word' id='word_1_151' title='bbox 2574 2007 2820 2089; x_wconf 89' lang='lat' dir='ltr'><strong>monui)</strong></span> 
     </span>
     <span class='ocr_line' id='line_1_18' title="bbox 631 2112 2826 2197; baseline -0.001 -18"><span class='ocrx_word' id='word_1_152' title='bbox 631 2115 955 2180; x_wconf 85' lang='lat' dir='ltr'><strong>Henricus</strong></span> <span class='ocrx_word' id='word_1_153' title='bbox 1003 2122 1204 2197; x_wconf 85' lang='lat' dir='ltr'><strong>pater,</strong></span> <span class='ocrx_word' id='word_1_154' title='bbox 1260 2119 1327 2177; x_wconf 85' lang='lat' dir='ltr'><strong>et</strong></span> <span class='ocrx_word' id='word_1_155' title='bbox 1380 2115 1421 2176; x_wconf 85' lang='lat' dir='ltr'>J</span> <span class='ocrx_word' id='word_1_156' title='bbox 1426 2135 1667 2177; x_wconf 85' lang='lat' dir='ltr'><strong>oannes</strong></span> <span class='ocrx_word' id='word_1_157' title='bbox 1716 2113 1910 2189; x_wconf 75' lang='lat' dir='ltr'><strong>filine,</strong></span> <span class='ocrx_word' id='word_1_158' title='bbox 1963 2112 2054 2176; x_wconf 87' lang='lat' dir='ltr'><strong>sic</strong></span> <span class='ocrx_word' id='word_1_159' title='bbox 2106 2113 2349 2197; x_wconf 87' lang='lat' dir='ltr'><strong>accepti</strong></span> <span class='ocrx_word' id='word_1_160' title='bbox 2408 2135 2447 2175; x_wconf 89' lang='lat' dir='ltr'><strong>a</strong></span> <span class='ocrx_word' id='word_1_161' title='bbox 2492 2112 2826 2190; x_wconf 84' lang='lat' dir='ltr'><strong>Pontifice,</strong></span> 
     </span>
     <span class='ocr_line' id='line_1_19' title="bbox 623 2215 2825 2303; baseline -0.001 -22"><span class='ocrx_word' id='word_1_162' title='bbox 623 2221 730 2303; x_wconf 86' lang='lat' dir='ltr'><strong>jus</strong></span> <span class='ocrx_word' id='word_1_163' title='bbox 774 2217 882 2281; x_wconf 85' lang='lat' dir='ltr'><strong>hic</strong></span> <span class='ocrx_word' id='word_1_164' title='bbox 931 2216 1219 2280; x_wconf 73' lang='lat' dir='ltr'><strong>&#39;restium</strong></span> <span class='ocrx_word' id='word_1_165' title='bbox 1270 2236 1405 2279; x_wconf 92' lang='lat' dir='ltr'><strong>non</strong></span> <span class='ocrx_word' id='word_1_166' title='bbox 1454 2215 1701 2280; x_wconf 86' lang='lat' dir='ltr'><strong>habent</strong></span> <span class='ocrx_word' id='word_1_167' title='bbox 1734 2242 1747 2278; x_wconf 73' lang='grc' dir='ltr'><strong><em>ε</em></strong></span> <span class='ocrx_word' id='word_1_168' title='bbox 1820 2216 1981 2279; x_wconf 87' lang='lat' dir='ltr'><strong>alter</strong></span> <span class='ocrx_word' id='word_1_169' title='bbox 2036 2216 2262 2297; x_wconf 69' lang='lat' dir='ltr'><strong>playas</strong></span> <span class='ocrx_word' id='word_1_170' title='bbox 2313 2215 2393 2279; x_wconf 84' lang='lat' dir='ltr'><strong>ab</strong></span> <span class='ocrx_word' id='word_1_171' title='bbox 2446 2237 2522 2279; x_wconf 92' lang='lat' dir='ltr'><strong>eo</strong></span> <span class='ocrx_word' id='word_1_172' title='bbox 2568 2237 2825 2298; x_wconf 85' lang='lat' dir='ltr'><strong>passus:</strong></span> 
     </span>
     <span class='ocr_line' id='line_1_20' title="bbox 634 2317 2117 2403; baseline -0.002 -19"><span class='ocrx_word' id='word_1_173' title='bbox 634 2321 796 2384; x_wconf 84' lang='lat' dir='ltr'><strong>alter</strong></span> <span class='ocrx_word' id='word_1_174' title='bbox 812 2320 1074 2402; x_wconf 71' lang='lat' dir='ltr'><strong>playam</strong></span> <span class='ocrx_word' id='word_1_175' title='bbox 1103 2317 1308 2403; x_wconf 86' lang='lat' dir='ltr'><strong>plagis</strong></span> <span class='ocrx_word' id='word_1_176' title='bbox 1337 2318 1492 2402; x_wconf 89' lang='lat' dir='ltr'><strong>ipsis</strong></span> <span class='ocrx_word' id='word_1_177' title='bbox 1522 2319 1715 2401; x_wconf 90' lang='lat' dir='ltr'><strong>longe</strong></span> <span class='ocrx_word' id='word_1_178' title='bbox 1745 2317 2117 2401; x_wconf 83' lang='lat' dir='ltr'><strong>graviorem.</strong></span> 
     </span>
     <span class='ocr_line' id='line_1_21' title="bbox 694 2437 2827 2503; baseline 0 -14"><span class='ocrx_word' id='word_1_179' title='bbox 694 2438 991 2502; x_wconf 81' lang='lat' dir='ltr'><strong>Quanquam</strong></span> <span class='ocrx_word' id='word_1_180' title='bbox 1012 2438 1121 2488; x_wconf 80' lang='lat' dir='ltr'><strong>haee</strong></span> <span class='ocrx_word' id='word_1_181' title='bbox 1143 2437 1386 2503; x_wconf 80' lang='lat' dir='ltr'><strong>subjectio</strong></span> <span class='ocrx_word' id='word_1_182' title='bbox 1408 2437 1570 2488; x_wconf 86' lang='lat' dir='ltr'><strong>multo</strong></span> <span class='ocrx_word' id='word_1_183' title='bbox 1593 2441 1670 2488; x_wconf 84' lang='lat' dir='ltr'><strong>est</strong></span> <span class='ocrx_word' id='word_1_184' title='bbox 1689 2437 1960 2502; x_wconf 75' lang='lat' dir='ltr'><strong>antiquior,</strong></span> <span class='ocrx_word' id='word_1_185' title='bbox 1982 2439 2027 2488; x_wconf 88' lang='lat' dir='ltr'><strong>si</strong></span> <span class='ocrx_word' id='word_1_186' title='bbox 2051 2437 2299 2503; x_wconf 80' lang='lat' dir='ltr'>Polydoro</span> <span class='ocrx_word' id='word_1_187' title='bbox 2315 2437 2544 2503; x_wconf 81' lang='lat' dir='ltr'><strong>Vergilio</strong></span> <span class='ocrx_word' id='word_1_188' title='bbox 2564 2438 2827 2490; x_wconf 82' lang='lat' dir='ltr'><strong>credimus.</strong></span> 
     </span>
     <span class='ocr_line' id='line_1_22' title="bbox 762 2519 2829 2585; baseline 0 -15"><span class='ocrx_word' id='word_1_189' title='bbox 762 2520 951 2570; x_wconf 83' lang='lat' dir='ltr'><strong>Scribit</strong></span> <span class='ocrx_word' id='word_1_190' title='bbox 983 2521 1122 2570; x_wconf 87' lang='lat' dir='ltr'><strong>enim</strong></span> <span class='ocrx_word' id='word_1_191' title='bbox 1153 2519 1269 2569; x_wconf 88' lang='lat' dir='ltr'><strong>libr.</strong></span> <span class='ocrx_word' id='word_1_192' title='bbox 1294 2520 1358 2570; x_wconf 84' lang='lat' dir='ltr'><strong>iv.</strong></span> <span class='ocrx_word' id='word_1_193' title='bbox 1396 2519 1531 2569; x_wconf 78' lang='lat' dir='ltr'><strong>Hist.</strong></span> <span class='ocrx_word' id='word_1_194' title='bbox 1566 2520 1723 2583; x_wconf 84' lang='lat' dir='ltr'><strong>Angl.</strong></span> <span class='ocrx_word' id='word_1_195' title='bbox 1759 2520 1906 2569; x_wconf 79' lang='lat' dir='ltr'><strong>lnam</strong></span> <span class='ocrx_word' id='word_1_196' title='bbox 1939 2519 2130 2582; x_wconf 82' lang='lat' dir='ltr'><strong>Regem</strong></span> <span class='ocrx_word' id='word_1_197' title='bbox 2163 2521 2314 2572; x_wconf 82' lang='lat' dir='ltr'><strong>fuisse</strong></span> <span class='ocrx_word' id='word_1_198' title='bbox 2348 2522 2586 2585; x_wconf 85' lang='lat' dir='ltr'><strong>primum,</strong></span> <span class='ocrx_word' id='word_1_199' title='bbox 2615 2523 2702 2585; x_wconf 87' lang='lat' dir='ltr'><strong>qui</strong></span> <span class='ocrx_word' id='word_1_200' title='bbox 2725 2538 2829 2584; x_wconf 81' lang='lat' dir='ltr'><strong>reg—</strong></span> 
     </span>
     <span class='ocr_line' id='line_1_23' title="bbox 762 2600 2832 2666; baseline 0.001 -16"><span class='ocrx_word' id='word_1_201' title='bbox 762 2614 887 2650; x_wconf 88' lang='lat' dir='ltr'><strong>num</strong></span> <span class='ocrx_word' id='word_1_202' title='bbox 904 2600 1112 2664; x_wconf 80' lang='lat' dir='ltr'><strong>Angliae</strong></span> <span class='ocrx_word' id='word_1_203' title='bbox 1133 2615 1330 2651; x_wconf 81' lang='lat' dir='ltr'><strong>summo</strong></span> <span class='ocrx_word' id='word_1_204' title='bbox 1347 2600 1582 2651; x_wconf 84' lang='lat' dir='ltr'><strong>Pontifici</strong></span> <span class='ocrx_word' id='word_1_205' title='bbox 1604 2600 1930 2650; x_wconf 69' lang='lat' dir='ltr'><strong>tributalium</strong></span> <span class='ocrx_word' id='word_1_206' title='bbox 1952 2600 2073 2651; x_wconf 77' lang='lat' dir='ltr'><strong>fecit</strong></span> <span class='ocrx_word' id='word_1_207' title='bbox 2083 2609 2122 2650; x_wconf 72' lang='grc'><strong>7.</strong></span> <span class='ocrx_word' id='word_1_208' title='bbox 2138 2638 2149 2650; x_wconf 94' lang='grc'><strong><em>.</em></strong></span> <span class='ocrx_word' id='word_1_209' title='bbox 2165 2640 2177 2651; x_wconf 93' lang='grc'><strong>.</strong></span> <span class='ocrx_word' id='word_1_210' title='bbox 2193 2639 2204 2650; x_wconf 92' lang='grc'><strong><em>.</em></strong></span> <span class='ocrx_word' id='word_1_211' title='bbox 2227 2602 2370 2651; x_wconf 87' lang='lat' dir='ltr'><strong>Idem</strong></span> <span class='ocrx_word' id='word_1_212' title='bbox 2392 2607 2564 2666; x_wconf 80' lang='lat' dir='ltr'><strong>postea</strong></span> <span class='ocrx_word' id='word_1_213' title='bbox 2582 2603 2832 2653; x_wconf 77' lang='lat' dir='ltr'><strong>tributum</strong></span> 
     </span>
    </p>
   </div>
   <div class='ocr_carea' id='block_1_5' title="bbox 309 2681 2835 3055">
    <p class='ocr_par' dir='ltr' id='par_1_5' title="bbox 309 2681 2835 3055">
     <span class='ocr_line' id='line_1_24' title="bbox 762 2681 2831 2748; baseline 0 -16"><span class='ocrx_word' id='word_1_214' title='bbox 762 2681 1116 2732; x_wconf 80' lang='lat' dir='ltr'><strong>oonfirmstum</strong></span> <span class='ocrx_word' id='word_1_215' title='bbox 1139 2717 1152 2730; x_wconf 93' lang='lat'><strong>.</strong></span> <span class='ocrx_word' id='word_1_216' title='bbox 1176 2718 1188 2730; x_wconf 94' lang='lat'><strong>.</strong></span> <span class='ocrx_word' id='word_1_217' title='bbox 1215 2718 1227 2731; x_wconf 94' lang='lat'><strong>.</strong></span> <span class='ocrx_word' id='word_1_218' title='bbox 1250 2682 1315 2731; x_wconf 79' lang='lat' dir='ltr'><strong>ab</strong></span> <span class='ocrx_word' id='word_1_219' title='bbox 1338 2681 1499 2742; x_wconf 63' lang='lat' dir='ltr'><strong>Offat,</strong></span> <span class='ocrx_word' id='word_1_220' title='bbox 1524 2719 1536 2732; x_wconf 95' lang='lat'><strong>.</strong></span> <span class='ocrx_word' id='word_1_221' title='bbox 1561 2719 1573 2731; x_wconf 95' lang='lat'><strong>.</strong></span> <span class='ocrx_word' id='word_1_222' title='bbox 1598 2719 1609 2731; x_wconf 85' lang='lat'><strong>.</strong></span> <span class='ocrx_word' id='word_1_223' title='bbox 1635 2681 1865 2745; x_wconf 80' lang='lat' dir='ltr'><strong>Atulpho</strong></span> <span class='ocrx_word' id='word_1_224' title='bbox 1878 2689 1913 2742; x_wconf 80' lang='lat'><strong>⁸,</strong></span> <span class='ocrx_word' id='word_1_225' title='bbox 1936 2718 1948 2731; x_wconf 92' lang='lat'><strong>.</strong></span> <span class='ocrx_word' id='word_1_226' title='bbox 1967 2719 1980 2732; x_wconf 94' lang='lat'><strong>.</strong></span> <span class='ocrx_word' id='word_1_227' title='bbox 2002 2717 2013 2730; x_wconf 93' lang='lat'><strong>.</strong></span> <span class='ocrx_word' id='word_1_228' title='bbox 2033 2686 2086 2733; x_wconf 86' lang='lat' dir='ltr'><strong>et</strong></span> <span class='ocrx_word' id='word_1_229' title='bbox 2103 2717 2116 2731; x_wconf 90' lang='lat'><strong>.</strong></span> <span class='ocrx_word' id='word_1_230' title='bbox 2135 2717 2148 2731; x_wconf 92' lang='lat'><strong>.</strong></span> <span class='ocrx_word' id='word_1_231' title='bbox 2167 2721 2179 2733; x_wconf 96' lang='lat'><strong>.</strong></span> <span class='ocrx_word' id='word_1_232' title='bbox 2195 2682 2391 2733; x_wconf 77' lang='lat' dir='ltr'><strong>Canuto</strong></span> <span class='ocrx_word' id='word_1_233' title='bbox 2404 2681 2663 2748; x_wconf 72' lang='grc' dir='ltr'><strong>ι’.-[Βε11.</strong></span> <span class='ocrx_word' id='word_1_234' title='bbox 2682 2684 2831 2748; x_wconf 84' lang='lat' dir='ltr'><strong>Apol.</strong></span> 
     </span>
     <span class='ocr_line' id='line_1_25' title="bbox 765 2762 2133 2828; baseline -0.001 -15"><span class='ocrx_word' id='word_1_235' title='bbox 765 2777 855 2827; x_wconf 86' lang='lat' dir='ltr'><strong>pro</strong></span> <span class='ocrx_word' id='word_1_236' title='bbox 879 2762 1053 2827; x_wconf 88' lang='lat' dir='ltr'><strong>Resp.]</strong></span> <span class='ocrx_word' id='word_1_237' title='bbox 1089 2778 1137 2826; x_wconf 93' lang='lat' dir='ltr'><strong>p.</strong></span> <span class='ocrx_word' id='word_1_238' title='bbox 1161 2765 1237 2813; x_wconf 86' lang='lat'><strong>29.</strong></span> <span class='ocrx_word' id='word_1_239' title='bbox 1277 2762 1413 2827; x_wconf 89' lang='lat' dir='ltr'><strong>[Op.,</strong></span> <span class='ocrx_word' id='word_1_240' title='bbox 1448 2767 1569 2813; x_wconf 86' lang='lat' dir='ltr'><strong>tom.</strong></span> <span class='ocrx_word' id='word_1_241' title='bbox 1592 2764 1679 2813; x_wconf 81' lang='lat' dir='ltr'><strong>vii.</strong></span> <span class='ocrx_word' id='word_1_242' title='bbox 1714 2763 1805 2813; x_wconf 90' lang='lat' dir='ltr'><strong>col.</strong></span> <span class='ocrx_word' id='word_1_243' title='bbox 1831 2764 1940 2815; x_wconf 84' lang='lat'><strong>721.</strong></span> <span class='ocrx_word' id='word_1_244' title='bbox 1963 2763 2027 2814; x_wconf 83' lang='lat' dir='ltr'><strong>A.</strong></span> <span class='ocrx_word' id='word_1_245' title='bbox 2053 2763 2133 2828; x_wconf 90' lang='lat' dir='ltr'><strong>B.]</strong></span> 
     </span>
     <span class='ocr_line' id='line_1_26' title="bbox 309 2853 2835 2942; baseline -0.004 -15"><span class='ocrx_word' id='word_1_246' title='bbox 309 2879 492 2942; x_wconf 75' lang='lat' dir='ltr'><strong>[neque</strong></span> <span class='ocrx_word' id='word_1_247' title='bbox 722 2855 834 2934; x_wconf 87' lang='lat' dir='ltr'><strong>At,</strong></span> <span class='ocrx_word' id='word_1_248' title='bbox 882 2875 1029 2917; x_wconf 90' lang='lat' dir='ltr'><strong>cum</strong></span> <span class='ocrx_word' id='word_1_249' title='bbox 1074 2854 1365 2917; x_wconf 87' lang='lat' dir='ltr'><strong>Blesensi</strong></span> <span class='ocrx_word' id='word_1_250' title='bbox 1413 2853 1659 2917; x_wconf 87' lang='lat' dir='ltr'><strong>diffisus</strong></span> <span class='ocrx_word' id='word_1_251' title='bbox 1708 2853 1789 2917; x_wconf 86' lang='lat' dir='ltr'><strong>ad</strong></span> <span class='ocrx_word' id='word_1_252' title='bbox 1842 2853 2234 2938; x_wconf 83' lang='lat' dir='ltr'><strong>Polydorum</strong></span> <span class='ocrx_word' id='word_1_253' title='bbox 2282 2876 2348 2918; x_wconf 85' lang='lat' dir='ltr'><strong>se</strong></span> <span class='ocrx_word' id='word_1_254' title='bbox 2393 2854 2635 2938; x_wconf 87' lang='lat' dir='ltr'><strong>recipit,</strong></span> <span class='ocrx_word' id='word_1_255' title='bbox 2666 2855 2835 2919; x_wconf 89' lang='lat' dir='ltr'><strong>ludi-</strong></span> 
     </span>
     <span class='ocr_line' id='line_1_27' title="bbox 310 2946 2831 3055; baseline -0 -31"><span class='ocrx_word' id='word_1_256' title='bbox 310 2946 609 3055; x_wconf 43' lang='lat' dir='ltr'><strong>fffssffissna,</strong></span> <span class='ocrx_word' id='word_1_257' title='bbox 634 2955 850 3020; x_wconf 89' lang='lat' dir='ltr'><strong>brium</strong></span> <span class='ocrx_word' id='word_1_258' title='bbox 908 2957 1207 3020; x_wconf 89' lang='lat' dir='ltr'><strong>omnibus</strong></span> <span class='ocrx_word' id='word_1_259' title='bbox 1267 2957 1478 3034; x_wconf 88' lang='lat' dir='ltr'><strong>debet,</strong></span> <span class='ocrx_word' id='word_1_260' title='bbox 1534 2957 1646 3040; x_wconf 90' lang='lat' dir='ltr'><strong>qui</strong></span> <span class='ocrx_word' id='word_1_261' title='bbox 1706 2957 1945 3021; x_wconf 85' lang='lat' dir='ltr'><strong>nostris</strong></span> <span class='ocrx_word' id='word_1_262' title='bbox 2002 2957 2074 3020; x_wconf 90' lang='lat' dir='ltr'><strong>in</strong></span> <span class='ocrx_word' id='word_1_263' title='bbox 2130 2957 2323 3022; x_wconf 88' lang='lat' dir='ltr'><strong>rebus</strong></span> <span class='ocrx_word' id='word_1_264' title='bbox 2372 2960 2605 3023; x_wconf 86' lang='lat' dir='ltr'><strong>versati</strong></span> <span class='ocrx_word' id='word_1_265' title='bbox 2658 2967 2831 3023; x_wconf 83' lang='lat' dir='ltr'><strong>sunt.</strong></span> 
     </span>
    </p>
   </div>
   <div class='ocr_carea' id='block_1_6' title="bbox 308 3058 2836 3261">
    <p class='ocr_par' dir='ltr' id='par_1_6' title="bbox 308 3058 2836 3261">
     <span class='ocr_line' id='line_1_28' title="bbox 308 3058 2835 3143; baseline 0.002 -23"><span class='ocrx_word' id='word_1_266' title='bbox 308 3072 410 3120; x_wconf 75' lang='lat' dir='ltr'><strong>rios</strong></span> <span class='ocrx_word' id='word_1_267' title='bbox 432 3069 583 3131; x_wconf 76' lang='lat' dir='ltr'><strong>Papae</strong></span> <span class='ocrx_word' id='word_1_268' title='bbox 642 3059 963 3122; x_wconf 72' lang='lat' dir='ltr'><strong>Tn’butum</strong></span> <span class='ocrx_word' id='word_1_269' title='bbox 1011 3059 1186 3122; x_wconf 90' lang='lat' dir='ltr'><strong>enim</strong></span> <span class='ocrx_word' id='word_1_270' title='bbox 1225 3060 1367 3123; x_wconf 85' lang='lat' dir='ltr'><strong>Inae</strong></span> <span class='ocrx_word' id='word_1_271' title='bbox 1413 3058 1596 3137; x_wconf 88' lang='lat' dir='ltr'><strong>illud,</strong></span> <span class='ocrx_word' id='word_1_272' title='bbox 1629 3062 2010 3143; x_wconf 69' lang='lat' dir='ltr'><strong>eleemosyna</strong></span> <span class='ocrx_word' id='word_1_273' title='bbox 2054 3082 2250 3125; x_wconf 89' lang='lat' dir='ltr'><strong>mera.</strong></span> <span class='ocrx_word' id='word_1_274' title='bbox 2341 3062 2568 3126; x_wconf 87' lang='lat' dir='ltr'><strong>Voluit</strong></span> <span class='ocrx_word' id='word_1_275' title='bbox 2613 3062 2835 3128; x_wconf 87' lang='lat' dir='ltr'><strong>domos</strong></span> 
     </span>
     <span class='ocr_line' id='line_1_29' title="bbox 310 3134 2836 3261; baseline 0.001 -34"><span class='ocrx_word' id='word_1_276' title='bbox 310 3134 564 3261; x_wconf 54' lang='grc' dir='ltr'><strong>ἓὲἷῖιῖἓζῗι</strong></span> <span class='ocrx_word' id='word_1_277' title='bbox 634 3161 705 3223; x_wconf 89' lang='lat' dir='ltr'><strong>in</strong></span> <span class='ocrx_word' id='word_1_278' title='bbox 781 3162 1007 3244; x_wconf 86' lang='lat' dir='ltr'><strong>Regno</strong></span> <span class='ocrx_word' id='word_1_279' title='bbox 1081 3182 1194 3225; x_wconf 91' lang='lat' dir='ltr'><strong>suo</strong></span> <span class='ocrx_word' id='word_1_280' title='bbox 1268 3162 1553 3245; x_wconf 86' lang='lat' dir='ltr'><strong>singulas</strong></span> <span class='ocrx_word' id='word_1_281' title='bbox 1621 3164 1898 3244; x_wconf 74' lang='lat' dir='ltr'><strong>sinyuloe</strong></span> <span class='ocrx_word' id='word_1_282' title='bbox 1958 3164 2248 3227; x_wconf 79' lang='lat' dir='ltr'><strong>denarios</strong></span> <span class='ocrx_word' id='word_1_283' title='bbox 2319 3165 2596 3247; x_wconf 85' lang='lat' dir='ltr'><strong>pendere</strong></span> <span class='ocrx_word' id='word_1_284' title='bbox 2657 3166 2836 3249; x_wconf 87' lang='lat' dir='ltr'><strong>stipis</strong></span> 
     </span>
    </p>
   </div>
   <div class='ocr_carea' id='block_1_7' title="bbox 422 3262 2846 4072">
    <p class='ocr_par' dir='ltr' id='par_1_7' title="bbox 622 3262 2840 3659">
     <span class='ocr_line' id='line_1_30' title="bbox 634 3262 2838 3349; baseline 0.002 -23"><span class='ocrx_word' id='word_1_285' title='bbox 634 3264 935 3328; x_wconf 90' lang='lat' dir='ltr'><strong>nomine:</strong></span> <span class='ocrx_word' id='word_1_286' title='bbox 994 3262 1314 3345; x_wconf 85' lang='lat' dir='ltr'><strong>(denarius</strong></span> <span class='ocrx_word' id='word_1_287' title='bbox 1362 3264 1556 3342; x_wconf 89' lang='lat' dir='ltr'><strong>enim,</strong></span> <span class='ocrx_word' id='word_1_288' title='bbox 1589 3265 1796 3345; x_wconf 88' lang='lat' dir='ltr'><strong>nobis,</strong></span> <span class='ocrx_word' id='word_1_289' title='bbox 1830 3265 2048 3349; x_wconf 86' lang='lat' dir='ltr'><strong>stipes)</strong></span> <span class='ocrx_word' id='word_1_290' title='bbox 2089 3266 2240 3330; x_wconf 90' lang='lat' dir='ltr'><strong>inde</strong></span> <span class='ocrx_word' id='word_1_291' title='bbox 2286 3274 2360 3330; x_wconf 87' lang='lat' dir='ltr'><strong>ut</strong></span> <span class='ocrx_word' id='word_1_292' title='bbox 2402 3267 2632 3331; x_wconf 89' lang='lat' dir='ltr'><strong>melius</strong></span> <span class='ocrx_word' id='word_1_293' title='bbox 2672 3268 2838 3330; x_wconf 75' lang='lat' dir='ltr'><strong>Hos-</strong></span> 
     </span>
     <span class='ocr_line' id='line_1_31' title="bbox 622 3360 2838 3452; baseline 0.003 -23"><span class='ocrx_word' id='word_1_294' title='bbox 622 3367 818 3448; x_wconf 79' lang='lat' dir='ltr'><strong>pitalz‘</strong></span> <span class='ocrx_word' id='word_1_295' title='bbox 847 3368 1056 3430; x_wconf 86' lang='lat' dir='ltr'><strong>Romae</strong></span> <span class='ocrx_word' id='word_1_296' title='bbox 1100 3367 1348 3430; x_wconf 89' lang='lat' dir='ltr'><strong>consuli</strong></span> <span class='ocrx_word' id='word_1_297' title='bbox 1392 3360 1626 3450; x_wconf 83' lang='lat' dir='ltr'><strong>posset,</strong></span> <span class='ocrx_word' id='word_1_298' title='bbox 1661 3389 1788 3451; x_wconf 90' lang='lat' dir='ltr'><strong>quo</strong></span> <span class='ocrx_word' id='word_1_299' title='bbox 1833 3369 2038 3452; x_wconf 84' lang='lat' dir='ltr'><strong>excipi</strong></span> <span class='ocrx_word' id='word_1_300' title='bbox 2085 3369 2375 3434; x_wconf 86' lang='lat' dir='ltr'><strong>solebant</strong></span> <span class='ocrx_word' id='word_1_301' title='bbox 2411 3370 2731 3452; x_wconf 86' lang='lat' dir='ltr'><strong>Pauperes</strong></span> <span class='ocrx_word' id='word_1_302' title='bbox 2762 3393 2838 3435; x_wconf 79' lang='lat' dir='ltr'><strong>ex</strong></span> 
     </span>
     <span class='ocr_line' id='line_1_32' title="bbox 634 3469 2839 3555; baseline 0.002 -22"><span class='ocrx_word' id='word_1_303' title='bbox 634 3469 874 3553; x_wconf 82' lang='lat' dir='ltr'><strong>Anglia</strong></span> <span class='ocrx_word' id='word_1_304' title='bbox 918 3470 1257 3554; x_wconf 86' lang='lat' dir='ltr'><strong>peregrini.</strong></span> <span class='ocrx_word' id='word_1_305' title='bbox 1348 3471 1493 3535; x_wconf 89' lang='lat' dir='ltr'><strong>Nec</strong></span> <span class='ocrx_word' id='word_1_306' title='bbox 1538 3470 1660 3534; x_wconf 83' lang='lat' dir='ltr'><strong>alia</strong></span> <span class='ocrx_word' id='word_1_307' title='bbox 1706 3472 2031 3555; x_wconf 83' lang='lat' dir='ltr'><strong>pensionis</strong></span> <span class='ocrx_word' id='word_1_308' title='bbox 2074 3472 2260 3536; x_wconf 84' lang='lat' dir='ltr'><strong>ratio.</strong></span> <span class='ocrx_word' id='word_1_309' title='bbox 2353 3472 2461 3536; x_wconf 88' lang='lat' dir='ltr'><strong>Ad</strong></span> <span class='ocrx_word' id='word_1_310' title='bbox 2501 3473 2674 3537; x_wconf 89' lang='lat' dir='ltr'><strong>idem</strong></span> <span class='ocrx_word' id='word_1_311' title='bbox 2731 3495 2839 3538; x_wconf 81' lang='lat' dir='ltr'><strong>ex-</strong></span> 
     </span>
     <span class='ocr_line' id='line_1_33' title="bbox 634 3568 2840 3659; baseline 0.001 -22"><span class='ocrx_word' id='word_1_312' title='bbox 634 3568 941 3656; x_wconf 83' lang='lat' dir='ltr'><strong>emplum,</strong></span> <span class='ocrx_word' id='word_1_313' title='bbox 973 3574 1267 3636; x_wconf 59' lang='lat' dir='ltr'><strong>denarius</strong></span> <span class='ocrx_word' id='word_1_314' title='bbox 1310 3581 1459 3658; x_wconf 85' lang='lat' dir='ltr'><strong>post</strong></span> <span class='ocrx_word' id='word_1_315' title='bbox 1508 3573 1821 3652; x_wconf 87' lang='lat' dir='ltr'><strong>decretus,</strong></span> <span class='ocrx_word' id='word_1_316' title='bbox 1867 3573 1936 3638; x_wconf 89' lang='lat' dir='ltr'><strong>in</strong></span> <span class='ocrx_word' id='word_1_317' title='bbox 1984 3575 2267 3638; x_wconf 83' lang='lat' dir='ltr'><strong>caminos</strong></span> <span class='ocrx_word' id='word_1_318' title='bbox 2314 3575 2616 3658; x_wconf 68' lang='lat' dir='ltr'><strong>singulm,</strong></span> <span class='ocrx_word' id='word_1_319' title='bbox 2650 3597 2840 3659; x_wconf 89' lang='lat' dir='ltr'><strong>quem</strong></span> 
     </span>
    </p>

    <p class='ocr_par' dir='ltr' id='par_1_8' title="bbox 574 3660 2844 3866">
     <span class='ocr_line' id='line_1_34' title="bbox 574 3660 2842 3762; baseline 0.001 -21"><span class='ocrx_word' id='word_1_320' title='bbox 574 3706 579 3715; x_wconf 91' lang='lat'><strong>·</strong></span> <span class='ocrx_word' id='word_1_321' title='bbox 628 3699 750 3760; x_wconf 81' lang='lat' dir='ltr'><strong>pro</strong></span> <span class='ocrx_word' id='word_1_322' title='bbox 779 3679 939 3760; x_wconf 72' lang='lat' dir='ltr'><strong>stipe</strong></span> <span class='ocrx_word' id='word_1_323' title='bbox 967 3677 1282 3742; x_wconf 88' lang='lat' dir='ltr'><strong>haberent</strong></span> <span class='ocrx_word' id='word_1_324' title='bbox 1327 3687 1600 3761; x_wconf 89' lang='lat' dir='ltr'><strong>quatuor</strong></span> <span class='ocrx_word' id='word_1_325' title='bbox 1638 3678 1904 3741; x_wconf 77' lang='lat' dir='ltr'><strong>Ordines</strong></span> <span class='ocrx_word' id='word_1_326' title='bbox 1933 3679 2432 3742; x_wconf 79' lang='lat' dir='ltr'><strong>Mendicantium</strong></span> <span class='ocrx_word' id='word_1_327' title='bbox 2453 3706 2475 3753; x_wconf 93' lang='lat'><em>;</em></span> <span class='ocrx_word' id='word_1_328' title='bbox 2522 3660 2842 3762; x_wconf 80' lang='lat' dir='ltr'><strong>quadran-</strong></span> 
     </span>
     <span class='ocr_line' id='line_1_35' title="bbox 641 3780 2844 3866; baseline 0.001 -21"><span class='ocrx_word' id='word_1_329' title='bbox 641 3790 777 3846; x_wconf 90' lang='lat' dir='ltr'><strong>tem</strong></span> <span class='ocrx_word' id='word_1_330' title='bbox 834 3782 1108 3865; x_wconf 86' lang='lat' dir='ltr'><strong>singuli:</strong></span> <span class='ocrx_word' id='word_1_331' title='bbox 1193 3782 1494 3846; x_wconf 84' lang='lat' dir='ltr'><strong>Etiamne</strong></span> <span class='ocrx_word' id='word_1_332' title='bbox 1555 3783 1850 3845; x_wconf 70' lang='lat' dir='ltr'><strong>denarius</strong></span> <span class='ocrx_word' id='word_1_333' title='bbox 1909 3780 2018 3845; x_wconf 91' lang='lat' dir='ltr'><strong>ille</strong></span> <span class='ocrx_word' id='word_1_334' title='bbox 2079 3782 2378 3845; x_wconf 81' lang='lat' dir='ltr'><strong>tributum</strong></span> <span class='ocrx_word' id='word_1_335' title='bbox 2437 3804 2706 3866; x_wconf 90' lang='lat' dir='ltr'><strong>quoque,</strong></span> <span class='ocrx_word' id='word_1_336' title='bbox 2767 3792 2844 3848; x_wconf 88' lang='lat' dir='ltr'><strong>ut</strong></span> 
     </span>
    </p>

    <p class='ocr_par' dir='ltr' id='par_1_9' title="bbox 422 3885 2846 4072">
     <span class='ocr_line' id='line_1_36' title="bbox 422 3885 2846 3969; baseline -0.001 -15"><span class='ocrx_word' id='word_1_337' title='bbox 422 3894 509 3954; x_wconf 80' lang='lat'><strong>84</strong></span> <span class='ocrx_word' id='word_1_338' title='bbox 641 3886 896 3969; x_wconf 87' lang='lat' dir='ltr'><strong>Angliae</strong></span> <span class='ocrx_word' id='word_1_339' title='bbox 947 3886 1247 3968; x_wconf 87' lang='lat' dir='ltr'><strong>Regnum</strong></span> <span class='ocrx_word' id='word_1_340' title='bbox 1310 3885 1697 3949; x_wconf 86' lang='lat' dir='ltr'><strong>Fraterculis</strong></span> <span class='ocrx_word' id='word_1_341' title='bbox 1757 3885 1905 3948; x_wconf 85' lang='lat' dir='ltr'><strong>exin</strong></span> <span class='ocrx_word' id='word_1_342' title='bbox 1963 3887 2366 3950; x_wconf 78' lang='lat' dir='ltr'><strong>tributarium</strong></span> <span class='ocrx_word' id='word_1_343' title='bbox 2385 3890 2418 3950; x_wconf 81' lang='lat'><em>?</em></span> <span class='ocrx_word' id='word_1_344' title='bbox 2504 3888 2661 3951; x_wconf 91' lang='lat' dir='ltr'><strong>Non</strong></span> <span class='ocrx_word' id='word_1_345' title='bbox 2721 3889 2846 3952; x_wconf 87' lang='lat' dir='ltr'><strong>alia</strong></span> 
     </span>
     <span class='ocr_line' id='line_1_37' title="bbox 640 3988 2842 4072; baseline 0.001 -19"><span class='ocrx_word' id='word_1_346' title='bbox 640 4011 789 4053; x_wconf 86' lang='lat' dir='ltr'><strong>vero</strong></span> <span class='ocrx_word' id='word_1_347' title='bbox 847 3989 1095 4051; x_wconf 79' lang='lat' dir='ltr'><strong>denarii</strong></span> <span class='ocrx_word' id='word_1_348' title='bbox 1164 3988 1277 4072; x_wconf 87' lang='lat' dir='ltr'><strong>huj</strong></span> <span class='ocrx_word' id='word_1_349' title='bbox 1287 4011 1381 4067; x_wconf 74' lang='lat' dir='ltr'><strong>ue,</strong></span> <span class='ocrx_word' id='word_1_350' title='bbox 1444 4011 1638 4072; x_wconf 87' lang='lat' dir='ltr'><strong>quam</strong></span> <span class='ocrx_word' id='word_1_351' title='bbox 1705 3989 1897 4067; x_wconf 82' lang='lat' dir='ltr'><strong>iuius,</strong></span> <span class='ocrx_word' id='word_1_352' title='bbox 1959 3990 2142 4054; x_wconf 86' lang='lat' dir='ltr'><strong>rati0.</strong></span> <span class='ocrx_word' id='word_1_353' title='bbox 2239 3990 2610 4072; x_wconf 54' lang='lat' dir='ltr'><strong>Pontificius</strong></span> <span class='ocrx_word' id='word_1_354' title='bbox 2668 3992 2842 4055; x_wconf 86' lang='lat' dir='ltr'><strong>enim</strong></span> 
     </span>
    </p>
   </div>
   <div class='ocr_carea' id='block_1_8' title="bbox 706 4118 2177 4185">
    <p class='ocr_par' dir='ltr' id='par_1_10' title="bbox 706 4118 2177 4185">
     <span class='ocr_line' id='line_1_38' title="bbox 706 4118 2177 4185; baseline 0.001 -18"><span class='ocrx_word' id='word_1_355' title='bbox 706 4122 725 4151; x_wconf 75' lang='lat'>⁸</span> <span class='ocrx_word' id='word_1_356' title='bbox 760 4118 923 4183; x_wconf 82' lang='lat' dir='ltr'><strong>[Vide</strong></span> <span class='ocrx_word' id='word_1_357' title='bbox 947 4119 1143 4169; x_wconf 77' lang='lat' dir='ltr'><strong>Tortur.</strong></span> <span class='ocrx_word' id='word_1_358' title='bbox 1170 4118 1328 4181; x_wconf 77' lang='lat' dir='ltr'><strong>Torti,</strong></span> <span class='ocrx_word' id='word_1_359' title='bbox 1351 4134 1401 4182; x_wconf 89' lang='lat' dir='ltr'><strong>p.</strong></span> <span class='ocrx_word' id='word_1_360' title='bbox 1421 4121 1530 4169; x_wconf 80' lang='lat'><strong>258.</strong></span> <span class='ocrx_word' id='word_1_361' title='bbox 1556 4118 1693 4168; x_wconf 83' lang='lat' dir='ltr'><strong>Edit.</strong></span> <span class='ocrx_word' id='word_1_362' title='bbox 1785 4120 1872 4169; x_wconf 88' lang='lat' dir='ltr'><strong>lib.</strong></span> <span class='ocrx_word' id='word_1_363' title='bbox 1899 4120 1962 4170; x_wconf 84' lang='lat' dir='ltr'><strong>iv.</strong></span> <span class='ocrx_word' id='word_1_364' title='bbox 1999 4136 2048 4184; x_wconf 90' lang='lat' dir='ltr'><strong>p.</strong></span> <span class='ocrx_word' id='word_1_365' title='bbox 2074 4121 2177 4185; x_wconf 63' lang='lat'><strong>86]</strong></span> 
     </span>
    </p>
   </div>
   <div class='ocr_carea' id='block_1_9' title="bbox 641 4184 2843 4317">
    <p class='ocr_par' dir='ltr' id='par_1_11' title="bbox 641 4184 2843 4317">
     <span class='ocr_line' id='line_1_39' title="bbox 641 4184 2843 4248; baseline 0.001 -14"><span class='ocrx_word' id='word_1_366' title='bbox 641 4184 827 4248; x_wconf 61' lang='lat' dir='ltr'><strong>nostin]</strong></span> <span class='ocrx_word' id='word_1_367' title='bbox 1849 4192 1867 4215; x_wconf 82' lang='lat'>⁸</span> <span class='ocrx_word' id='word_1_368' title='bbox 1905 4184 2009 4247; x_wconf 86' lang='lat' dir='ltr'><strong>[De</strong></span> <span class='ocrx_word' id='word_1_369' title='bbox 2051 4185 2236 4236; x_wconf 79' lang='lat' dir='ltr'><strong>Donat.</strong></span> <span class='ocrx_word' id='word_1_370' title='bbox 2283 4187 2410 4237; x_wconf 78' lang='lat' dir='ltr'><strong>Offae</strong></span> <span class='ocrx_word' id='word_1_371' title='bbox 2455 4186 2572 4236; x_wconf 79' lang='lat' dir='ltr'><strong>vide</strong></span> <span class='ocrx_word' id='word_1_372' title='bbox 2605 4186 2843 4248; x_wconf 75' lang='lat' dir='ltr'><strong>wilkins,</strong></span> 
     </span>
     <span class='ocr_line' id='line_1_40' title="bbox 707 4247 2573 4317; baseline 0.002 -21"><span class='ocrx_word' id='word_1_373' title='bbox 707 4257 732 4279; x_wconf 80' lang='lat'><strong>¹²</strong></span> <span class='ocrx_word' id='word_1_374' title='bbox 767 4248 1002 4313; x_wconf 82' lang='lat' dir='ltr'><strong>[August.</strong></span> <span class='ocrx_word' id='word_1_375' title='bbox 1038 4247 1238 4299; x_wconf 78' lang='lat' dir='ltr'><strong>Steuch.</strong></span> <span class='ocrx_word' id='word_1_376' title='bbox 1278 4248 1476 4311; x_wconf 80' lang='lat' dir='ltr'><strong>Eugub.</strong></span> <span class='ocrx_word' id='word_1_377' title='bbox 1521 4253 1698 4299; x_wconf 78' lang='lat' dir='ltr'><strong>contra</strong></span> <span class='ocrx_word' id='word_1_378' title='bbox 1786 4248 1933 4298; x_wconf 85' lang='lat' dir='ltr'><strong>Cone.</strong></span> <span class='ocrx_word' id='word_1_379' title='bbox 1970 4253 2091 4299; x_wconf 89' lang='lat' dir='ltr'><strong>tom.</strong></span> <span class='ocrx_word' id='word_1_380' title='bbox 2117 4250 2150 4299; x_wconf 90' lang='lat' dir='ltr'><strong>i.</strong></span> <span class='ocrx_word' id='word_1_381' title='bbox 2186 4266 2270 4315; x_wconf 88' lang='lat' dir='ltr'><strong>pp.</strong></span> <span class='ocrx_word' id='word_1_382' title='bbox 2297 4254 2407 4303; x_wconf 81' lang='lat'><strong>155.</strong></span> <span class='ocrx_word' id='word_1_383' title='bbox 2434 4252 2573 4317; x_wconf 52' lang='lat'><strong>152]</strong></span> 
     </span>
    </p>
   </div>
   <div class='ocr_carea' id='block_1_10' title="bbox 645 4311 2843 4380">
    <p class='ocr_par' dir='ltr' id='par_1_12' title="bbox 645 4311 2843 4380">
     <span class='ocr_line' id='line_1_41' title="bbox 645 4311 2843 4380; baseline 0.004 -19"><span class='ocrx_word' id='word_1_384' title='bbox 645 4311 847 4361; x_wconf 72' lang='lat' dir='ltr'><strong>Vallum</strong></span> <span class='ocrx_word' id='word_1_385' title='bbox 902 4311 966 4362; x_wconf 86' lang='lat' dir='ltr'><strong>de</strong></span> <span class='ocrx_word' id='word_1_386' title='bbox 1022 4312 1203 4362; x_wconf 80' lang='lat' dir='ltr'><strong>Donat.</strong></span> <span class='ocrx_word' id='word_1_387' title='bbox 1263 4313 1525 4363; x_wconf 75' lang='lat' dir='ltr'><strong>Constant.</strong></span> <span class='ocrx_word' id='word_1_388' title='bbox 1582 4312 1625 4362; x_wconf 94' lang='grc' dir='ltr'><strong>Ο</strong></span> <span class='ocrx_word' id='word_1_389' title='bbox 1665 4351 1696 4374; x_wconf 86' lang='grc'><strong>.,</strong></span> <span class='ocrx_word' id='word_1_390' title='bbox 1847 4321 1869 4344; x_wconf 80' lang='grc'><em>“</em></span> <span class='ocrx_word' id='word_1_391' title='bbox 1904 4312 2023 4377; x_wconf 82' lang='lat' dir='ltr'><strong>[Seu</strong></span> <span class='ocrx_word' id='word_1_392' title='bbox 2039 4314 2427 4380; x_wconf 77' lang='lat' dir='ltr'><strong>AEthelwulpho.</strong></span> <span class='ocrx_word' id='word_1_393' title='bbox 2453 4316 2843 4377; x_wconf 73' lang='lat' dir='ltr'><strong>Videwilkins,</strong></span> 
     </span>
    </p>
   </div>
   <div class='ocr_carea' id='block_1_11' title="bbox 645 4376 2840 4573">
    <p class='ocr_par' dir='ltr' id='par_1_13' title="bbox 645 4376 2840 4573">
     <span class='ocr_line' id='line_1_42' title="bbox 645 4376 2396 4456; baseline 0.003 -31"><span class='ocrx_word' id='word_1_394' title='bbox 645 4380 766 4425; x_wconf 85' lang='lat' dir='ltr'><strong>tom.</strong></span> <span class='ocrx_word' id='word_1_395' title='bbox 793 4378 867 4425; x_wconf 90' lang='lat' dir='ltr'><strong>iii.</strong></span> <span class='ocrx_word' id='word_1_396' title='bbox 890 4391 973 4440; x_wconf 88' lang='lat' dir='ltr'><strong>pp.</strong></span> <span class='ocrx_word' id='word_1_397' title='bbox 999 4379 1236 4455; x_wconf 70' lang='lat'><strong>236-2339.</strong></span> <span class='ocrx_word' id='word_1_398' title='bbox 1265 4377 1444 4454; x_wconf 68' lang='lat' dir='ltr'><strong>venet.</strong></span> <span class='ocrx_word' id='word_1_399' title='bbox 1471 4379 1614 4427; x_wconf 84' lang='lat'><strong>1591.</strong></span> <span class='ocrx_word' id='word_1_400' title='bbox 1786 4376 1934 4427; x_wconf 86' lang='lat' dir='ltr'><strong>Cone.</strong></span> <span class='ocrx_word' id='word_1_401' title='bbox 1969 4384 2092 4456; x_wconf 75' lang='lat' dir='ltr'><strong>tom.</strong></span> <span class='ocrx_word' id='word_1_402' title='bbox 2117 4380 2150 4428; x_wconf 89' lang='lat' dir='ltr'><strong>i.</strong></span> <span class='ocrx_word' id='word_1_403' title='bbox 2188 4395 2236 4456; x_wconf 90' lang='lat' dir='ltr'><strong>p.</strong></span> <span class='ocrx_word' id='word_1_404' title='bbox 2264 4380 2396 4446; x_wconf 67' lang='lat'>185]</span> 
     </span>
     <span class='ocr_line' id='line_1_43' title="bbox 709 4439 2840 4507; baseline 0.003 -18"><span class='ocrx_word' id='word_1_405' title='bbox 709 4448 732 4470; x_wconf 80' lang='lat'><em>¹</em></span> <span class='ocrx_word' id='word_1_406' title='bbox 766 4439 953 4504; x_wconf 80' lang='lat' dir='ltr'><strong>[Marta</strong></span> <span class='ocrx_word' id='word_1_407' title='bbox 976 4441 1039 4490; x_wconf 89' lang='lat' dir='ltr'><strong>de</strong></span> <span class='ocrx_word' id='word_1_408' title='bbox 1060 4441 1249 4492; x_wconf 80' lang='lat' dir='ltr'><strong>Junsd.</strong></span> <span class='ocrx_word' id='word_1_409' title='bbox 1284 4457 1387 4505; x_wconf 84' lang='lat' dir='ltr'><strong>par.</strong></span> <span class='ocrx_word' id='word_1_410' title='bbox 1413 4458 1446 4491; x_wconf 83' lang='lat'><strong>1.</strong></span> <span class='ocrx_word' id='word_1_411' title='bbox 1484 4456 1591 4506; x_wconf 79' lang='lat' dir='ltr'><strong>cap.</strong></span> <span class='ocrx_word' id='word_1_412' title='bbox 1617 4445 1693 4492; x_wconf 85' lang='lat'><strong>26.</strong></span> <span class='ocrx_word' id='word_1_413' title='bbox 1849 4440 1873 4473; x_wconf 64' lang='lat' dir='ltr'>b</span> <span class='ocrx_word' id='word_1_414' title='bbox 1909 4441 2072 4507; x_wconf 78' lang='lat' dir='ltr'><strong>[Vide</strong></span> <span class='ocrx_word' id='word_1_415' title='bbox 2107 4443 2150 4493; x_wconf 83' lang='grc' dir='ltr'><strong>Ε</strong></span> <span class='ocrx_word' id='word_1_416' title='bbox 2188 4450 2269 4495; x_wconf 76' lang='lat' dir='ltr'><strong>ist.</strong></span> <span class='ocrx_word' id='word_1_417' title='bbox 2313 4446 2496 4497; x_wconf 78' lang='lat' dir='ltr'><strong>Canuti</strong></span> <span class='ocrx_word' id='word_1_418' title='bbox 2535 4445 2599 4495; x_wconf 81' lang='lat' dir='ltr'><strong>ad</strong></span> <span class='ocrx_word' id='word_1_419' title='bbox 2635 4446 2840 4495; x_wconf 87' lang='lat' dir='ltr'><strong>Archie·</strong></span> 
     </span>
     <span class='ocr_line' id='line_1_44' title="bbox 645 4505 2837 4573; baseline 0.004 -23"><span class='ocrx_word' id='word_1_420' title='bbox 645 4518 729 4566; x_wconf 86' lang='lat' dir='ltr'><strong>pp.</strong></span> <span class='ocrx_word' id='word_1_421' title='bbox 752 4507 833 4553; x_wconf 84' lang='lat'><strong>60.</strong></span> <span class='ocrx_word' id='word_1_422' title='bbox 858 4505 988 4568; x_wconf 81' lang='lat' dir='ltr'><strong>seq.]</strong></span> <span class='ocrx_word' id='word_1_423' title='bbox 1784 4507 2012 4570; x_wconf 56' lang='lat' dir='ltr'><strong>piscem.</strong></span> <span class='ocrx_word' id='word_1_424' title='bbox 2038 4509 2162 4571; x_wconf 82' lang='lat' dir='ltr'><strong>Ang</strong></span> <span class='ocrx_word' id='word_1_425' title='bbox 2183 4511 2262 4571; x_wconf 77' lang='lat' dir='ltr'><strong>iae,</strong></span> <span class='ocrx_word' id='word_1_426' title='bbox 2276 4510 2412 4573; x_wconf 83' lang='lat' dir='ltr'><strong>apud</strong></span> <span class='ocrx_word' id='word_1_427' title='bbox 2430 4509 2668 4572; x_wconf 71' lang='lat' dir='ltr'><strong>wilkins,</strong></span> <span class='ocrx_word' id='word_1_428' title='bbox 2688 4510 2837 4559; x_wconf 86' lang='lat' dir='ltr'><strong>Cone.</strong></span> 
     </span>
    </p>
   </div>
   <div class='ocr_carea' id='block_1_12' title="bbox 708 4546 2215 4638">
    <p class='ocr_par' dir='ltr' id='par_1_14' title="bbox 708 4546 2215 4638">
     <span class='ocr_line' id='line_1_45' title="bbox 708 4546 2215 4638; baseline 0.005 -23"><span class='ocrx_word' id='word_1_429' title='bbox 708 4575 730 4606; x_wconf 62' lang='grc' dir='ltr'><em>ἲ</em></span> <span class='ocrx_word' id='word_1_430' title='bbox 768 4567 929 4630; x_wconf 82' lang='lat' dir='ltr'><strong>[vide</strong></span> <span class='ocrx_word' id='word_1_431' title='bbox 972 4569 1144 4632; x_wconf 70' lang='lat' dir='ltr'><strong>Polyd.</strong></span> <span class='ocrx_word' id='word_1_432' title='bbox 1180 4570 1330 4634; x_wconf 83' lang='lat' dir='ltr'><strong>Verg.</strong></span> <span class='ocrx_word' id='word_1_433' title='bbox 1378 4546 1509 4634; x_wconf 52' lang='lat' dir='ltr'><strong>Aug.</strong></span> <span class='ocrx_word' id='word_1_434' title='bbox 1558 4571 1696 4622; x_wconf 82' lang='lat' dir='ltr'><strong>Hist.</strong></span> <span class='ocrx_word' id='word_1_435' title='bbox 1786 4578 1906 4621; x_wconf 87' lang='lat' dir='ltr'><strong>tom.</strong></span> <span class='ocrx_word' id='word_1_436' title='bbox 1933 4572 1964 4621; x_wconf 89' lang='lat' dir='ltr'><strong>i.</strong></span> <span class='ocrx_word' id='word_1_437' title='bbox 2001 4586 2048 4636; x_wconf 91' lang='lat' dir='ltr'><strong>p.</strong></span> <span class='ocrx_word' id='word_1_438' title='bbox 2075 4574 2215 4638; x_wconf 84' lang='lat'><strong>298.]</strong></span> 
     </span>
    </p>
   </div>
  </div>
 </body>
</html>
