3165 4959
944 317 1311 365 Arorocnffl
1355 318 1715 366 RESPONSIO.
2318 305 2443 367 129

235 478 345 554 At,
379 472 655 556 confioeio
688 479 829 536 tum
876 480 943 536 et
972 475 1287 536 tumultus.
1378 475 1488 536 An
1532 494 1612 537 ex
1642 496 1769 558 quo
1792 476 1989 555 pauci
2019 475 2088 537 in
2120 475 2443 553 Conclavi,

239 582 535 643 tumultus
564 577 748 655 nulli,
767 576 948 638 nulla
977 575 1250 657 confusio
1271 578 1304 638 ,2
1346 579 1589 640 Annon
1609 580 1830 659 plures
1851 578 2216 661 Antipapae,
2242 599 2444 641 seces-

222 682 446 745 ·siones
464 683 705 763 plures,
724 681 922 760 plura
952 679 1313 756 schismata,
1337 688 1678 763 postquam
1699 701 1803 742 res
1830 681 2022 743 rediit
2053 681 2142 742 ad
2153 701 2394 762 paucos
2413 682 2446 743 ?

239 787 324 849 Et
365 785 436 848 hi
467 783 576 868 qui
605 784 816 846 Romoe
847 782 1006 845 dant
1050 783 1463 866 Episcopum,
1496 804 1610 846 cur
1654 784 1858 866 magis
1888 784 2185 847 dicantur
2220 785 2444 846 Cardi-

238 891 430 966 nale3,
464 909 657 971 quam
690 886 799 970 qui
843 885 1104 969 reliquis
1144 886 1496 949 Ecclesiis?
1557 888 1694 949 Aut
1724 909 1839 951 cur
1880 887 1949 950 id
1989 887 2061 950 iu
2091 887 2273 951 Urbe
2311 908 2446 951 non

237 990 485 1054 faciunt
548 990 847 1052 Canonici
896 989 1370 1066 LateranenseS,
1426 989 1616 1071 quod,
1676 998 2103 1073 praeterquam
2152 991 2222 1053 in
2263 991 2444 1070 urbe,

246 1094 589 1155 Conventus
640 1092 1088 1155 Canonicorum
1117 1091 1292 1169 facit,
1325 1113 1438 1155 seu
1484 1092 1846 1175 Religiosus
1890 1093 1992 1172 sit,
2027 1114 2138 1157 seu
2184 1094 2449 1176 Capitu-

239 1195 437 1259 laris?
488 1196 753 1273 Saltem,
777 1216 893 1259 cur
923 1217 1058 1258 non
1097 1196 1395 1257 Canonici
1425 1195 1725 1258 dicantur
1755 1195 1865 1279 qui
1882 1198 2134 1277 eliyunt,
2157 1197 2271 1260 sed
2295 1198 2452 1260 Car-

244 1300 534 1362 dinales?
599 1299 774 1365 Quid
822 1306 921 1362 est
966 1298 1039 1361 in
1088 1319 1242 1362 voce
1297 1299 1679 1376 cardinalis,
1724 1297 1897 1381 quod
1944 1299 2028 1362 ad
2065 1300 2452 1362 Electionem

241 1402 455 1481 faciat,
487 1402 588 1466 vel
624 1402 962 1465 Consilium
983 1403 1014 1464 ?
1069 1401 1305 1479 Quare,
1340 1400 1667 1465 Cardinali
1698 1401 1805 1464 hic
1841 1402 2135 1465 nondum
2176 1403 2452 1465 conside-

243 1512 390 1568 rata
421 1505 574 1569 satis
602 1527 705 1569 res
735 1513 849 1569 est.

336 1609 462 1671 Per
501 1629 705 1671 annos
753 1608 1014 1691 quidem
1058 1609 1203 1691 plus
1247 1607 1425 1672 mille
1472 1609 1526 1671 si
1573 1609 2085 1686 considerentur,
2116 1608 2227 1671 isti
2270 1609 2455 1691 (quos

247 1712 500 1795 quaerit)
558 1712 926 1775 Cardinales
969 1711 1260 1775 nondum
1297 1713 1396 1776 vel
1442 1713 1598 1775 dicti
1642 1714 1744 1777 vel
1787 1712 1941 1776 facti
1987 1719 2142 1776 sunt
2159 1739 2178 1791 3
2227 1733 2456 1795 neque,

245 1814 347 1878 vel
393 1836 539 1877 cum
583 1816 857 1878 Sanctus
891 1814 1377 1879 Hildebrandus
1423 1815 1788 1898 eligeretur,
1827 1815 2043 1898 (quem
2088 1815 2457 1899 nuperrime

236 1919 379 2001 jam
412 1917 769 1982 Cardinalis
803 1919 1174 1981 Sanctorum
1209 1918 1280 1981 in
1310 1919 1532 1981 Fastos
1568 1919 1792 1982 retulit
1804 1920 1876 2000 8.)
1974 1919 2191 1984 Quare
2222 1918 2460 1981 frustra

229 2022 547 2101 judicium
577 2021 655 2084 de
685 2021 785 2100 iis,
817 2029 883 2084 et
913 2023 1267 2084 testimonia
1300 2023 1567 2085 Patrum
1596 2028 1868 2085 veterum
1897 2022 2222 2104 pollicitus
2252 2028 2369 2084 est.

312 2131 494 2194 Neque
526 2131 638 2180 haec
658 2132 911 2182 revocatio
946 2132 1010 2182 ad
1035 2147 1232 2196 paucos,
1258 2137 1310 2182 et
1330 2133 1609 2182 eminentia
1632 2148 1745 2195 quse
1779 2132 1898 2182 inde
1920 2137 2092 2182 secuta
2125 2140 2201 2182 est
2226 2132 2461 2182 Cardine-

380 2213 525 2271 lium,
549 2217 653 2263 tam
677 2228 848 2263 recens
876 2217 970 2274 est,
992 2217 1051 2262 ut
1072 2229 1202 2263 nova
1224 2213 1324 2263 11181
1357 2215 1530 2277 possit,
1554 2229 1669 2262 cum
1693 2215 1815 2263 anni
1838 2215 2105 2276 quingenti
2129 2214 2207 2263 vel
2232 2215 2461 2264 sexcenti

378 2294 443 2342 ab
467 2309 525 2343 eo
548 2298 773 2357 tempore
806 2294 1363 2359 numerentur.—[Bell.
1390 2296 1537 2359 Apol.
1567 2310 1659 2359 pro
1701 2294 1869 2359 Resp.]
1892 2311 1940 2360 p.
1967 2296 2044 2345 34.
2071 2294 2203 2360 [Op.,
2228 2298 2351 2345 tom.
2375 2295 2461 2344 vii.

380 2376 473 2424 col.
494 2375 604 2443 724.
631 2374 712 2439 Β.]

338 2468 440 2531 Ι)8
473 2466 726 2550 quibuS,
757 2466 851 2530 ita
870 2467 1009 2551 jam
1037 2490 1172 2531 non
1203 2467 1470 2547 laborat,
1503 2476 1578 2532 ut
1611 2466 1765 2531 satis
1797 2467 1855 2531 ei
1888 2468 1992 2547 sit,
2025 2466 2352 2551 (quicquid
2384 2465 2463 2531 de
2493 2477 2680 2555 [quue
2739 2544 2751 2556 ·

231 2572 485 2653 jndicio
516 2572 626 2633 fiat
658 2572 925 2634 Patrum
955 2578 1021 2635 et
1065 2574 1289 2635 veteris
1318 2574 1639 2654 Ecclesiae)
1682 2573 1733 2634 si
1773 2573 1984 2635 selecti
2025 2573 2161 2655 ejus
2194 2571 2463 2655 Presby-
2490 2550 2791 2670 {2⁰53ssssss

248 2675 396 2752 teri,
430 2672 541 2756 qui
569 2682 710 2736 tum
742 2673 1022 2750 demum,
1055 2695 1176 2738 1188
1207 2684 1357 2738 ante
1390 2675 1521 2739 veri
1551 2674 1831 2738 nominis
1862 2674 2229 2736 Cardinales
2260 2680 2463 2750 erant,
2492 2672 2678 2734 ribus]

247 2784 528 2841 recentes
570 2798 690 2839 non
734 2777 862 2840 sint
886 2808 904 2843 .·
951 2778 1180 2842 saltem
1223 2800 1345 2841 non
1391 2779 1544 2840 adeo
1589 2783 1883 2854 recentes,
1924 2782 1994 2838 ut
2036 2776 2175 2837 novi
2221 2774 2468 2837 dicendi

247 2882 420 2953 sint,·
490 2882 597 2961 qui
648 2900 842 2941 annos
898 2882 1280 2963 quinyentos,
1329 2880 1496 2944 forte
1551 2880 1749 2942 etiam
1808 2878 2107 2960 (necdum
2161 2877 2336 2941 enim
2389 2877 2468 2941 de

252 3005 525 3047 numero
552 2984 779 3066 liquet)
808 2990 1128 3047 sexcentos
1160 2990 1498 3047 numerent.
1590 2981 1827 3045 Videat
1856 2983 1962 3046 hic
1991 2988 2211 3045 tamen
2245 2981 2466 3044 Cardi-

253 3086 440 3164 nalis‚
473 3087 621 3147 anni
653 3087 704 3147 si
735 3087 1053 3167 quinyenti
1097 3086 1249 3149 satis
1289 3088 1438 3164 sint,
1471 3093 1544 3149 ut
1574 3107 1707 3149 non
1747 3088 1930 3148 novi:
1977 3106 2060 3148 118
2092 3093 2158 3148 et
2186 3085 2341 3148 anni
2374 3085 2468 3147 bis

253 3190 594 3272 quingenti,
628 3196 777 3252 ante
808 3191 1169 3272 quinyentos
1203 3191 1321 3253 hos
1359 3190 1640 3268 ultimos,
1674 3190 1827 3253 satis
1859 3210 2172 3274 superque
2203 3189 2353 3266 sint,
2384 3210 2467 3252 ne

254 3294 500 3374 antiqui
551 3292 932 3356 habeantur.
1023 3294 1131 3357 Ad
1185 3302 1405 3357 nostra
1454 3294 1621 3357 forte
1665 3301 1974 3377 tempora,
2022 3294 2132 3378 qui
2179 3292 2467 3357 hesterni

257 3418 501 3474 sumuS,
532 3396 673 3458 novi
702 3417 834 3459 non
865 3405 1093 3461 erunt:
1142 3396 1252 3460 sed
1284 3397 1408 3459 alia
1431 3404 1526 3461 est
1555 3397 1624 3460 in
1656 3397 1957 3460 Ecclesiis
1979 3397 2276 3459 novitatis
2304 3394 2469 3458 ratio

258 3512 325 3564 et
370 3501 695 3563 vetustatis
713 3526 734 3572 ,·
799 3500 1121 3564 Saeculum
1166 3500 1408 3564 scilicet
1454 3501 1695 3564 Christi
1740 3507 1805 3563 et
1845 3500 2338 3582 Apostolorum:
2386 3496 2470 3560 ad

260 3627 420 3688 quos
452 3605 504 3668 si
534 3611 984 3687 comparentur
1020 3605 1387 3667 Cardinales
1415 3604 1502 3683 hi,
1537 3605 1755 3684 nuperi
1785 3610 1936 3665 sunt
1965 3609 2159 3683 atque
2190 3601 2350 3663 novi.

325 3742 493 3793 Multa
514 3743 651 3792 enim
673 3742 850 3791 scribit
879 3740 941 3791 de
967 3741 1312 3792 cardinalium
1336 3741 1654 3805 amplissima
1675 3739 1984 3803 dignitate..
2006 3739 2215 3788 ‚Petrus
2234 3737 2472 3787 Damiani

391 3825 448 3872 in
482 3823 640 3886 Epist.
668 3822 732 3872 ad
757 3823 1029 3873 Cadaloum
1054 3824 1366 3888 Antipapam
1381 3822 1471 3872 ¹¹.-
1488 3821 1636 3887 [Bell.
1661 3821 1809 3885 Apol.
1838 3835 1929 3885 pro
1961 3817 2130 3884 Resp]
2160 3835 2208 3883 p.
2230 3821 2307 3870 35.
2340 3817 2474 3882 [Op.,

390 3913 515 3955 tom.
534 3905 621 3953 vii.
645 3904 739 3953 col.
760 3905 869 3956 724.
892 3903 974 3968 Β.]

349 3995 773 4059 Considerata
800 3994 1063 4058 tandem
1092 4016 1183 4071 re,
1214 3994 1429 4077 prodit
1468 4015 1584 4077 pro
1628 3992 2004 4075 antiquitate
2034 3989 2473 4054 Cardinalium
2500 4005 2804 4070 [Decardin.

263 4100 496 4163 Petrus
555 4098 879 4176 Damiani,
937 4097 1456 4161 Hildebrandino
1516 4097 1778 4161 demum
1834 4094 2067 4158 saeculo
2120 4092 2477 4158 Cardinalis
2502 4071 2641 4133 dign.
2658 4071 2777 4133 (ΨΜ

2503 4136 2796 4199 scripserint
2905 4134 2911 4141 ’

2507 4200 2637 4249 Petr.
2664 4200 2756 4249 Da·

326 4284 353 4319 τ
392 4274 552 4340 [vide
576 4275 701 4326 Bell.
727 4274 790 4325 de
818 4274 995 4325 Exeus.
1022 4275 1183 4326 Barcl.
1220 4292 1326 4341 cap.
1415 4277 1609 4340 scopis'l
1664 4276 1751 4338 qui
1797 4274 2035 4324 videlicet
2089 4277 2140 4323 et
2196 4272 2478 4322 Romanum
2506 4265 2711 4328 minut]

259 4344 325 4392 iv,
364 4342 726 4405 Op.,tom.vii.
749 4340 840 4389 col.
863 4343 972 4389 864.
995 4340 1078 4404 C.]
1417 4340 1718 4391 Pontificem
1773 4338 2130 4403 principaliter
2173 4339 2385 4399 eligunt,
2430 4343 2482 4387 et

326 4405 350 4438 δ
386 4405 725 4470 [“'1'aceamus
768 4405 975 4454 interim
1019 4404 1082 4455 de
1123 4407 1327 4466 Senatu,
1416 4405 1720 4468 quibusdam
1780 4404 1896 4453 aliis
1961 4403 2324 4467 praerogativis,
2379 4417 2483 4451 non

259 4472 325 4520 de
347 4471 602 4519 inferioris
635 4469 827 4519 ordinis
858 4471 1007 4529 clero,
1032 4471 1094 4520 de
1127 4472 1326 4535 populo.
1416 4468 1567 4519 modo
1612 4469 1954 4531 quorumlibet
1988 4468 2166 4531 Episco
2204 4483 2362 4527 orum,
2396 4467 2484 4517 sed

260 4536 398 4595 Quid
423 4535 520 4583 tibi
537 4533 599 4584 de
621 4534 964 4584 cardinalibus
987 4534 1192 4586 videtur
1215 4536 1329 4599 Epi·
1416 4540 1469 4584 et
1503 4535 1926 4594 Patriarcharum‚
1971 4538 2121 4598 atque
2209 4534 2484 4583 rimatuum

350 4630 842 4666 Asnnxwm—ansr.
1923 4634 1966 4679 K
