3165 4959
449 889 535 950 56

668 306 753 368 74
1299 318 1385 364 AD
1431 317 1814 365 cARmNALIs
1854 316 2253 364 BELLAman

667 476 966 558 aynoscit,
1003 475 1244 556 recipit,
1277 481 1609 538 veneratur
1632 476 1664 536 ?
1754 474 1827 536 Si
1868 472 2286 549 adversarius,
2319 491 2434 534 cur
2472 470 2874 554 prophetiam

668 601 707 641 α
760 579 995 641 Christi
1048 579 1429 656 adversario,
1486 577 1761 661 pessimo
1811 576 2149 654 Pontifiee,
2197 575 2458 652 editam,
2512 574 2606 637 ita
2651 574 2877 637 referri

666 682 869 746 voluit
916 682 986 744 in
1039 681 1451 765 Scripturas?
1546 680 1855 753 Quomodo
1886 700 2028 743 vero
2080 679 2205 741 ista
2251 680 2572 757 cohoerent,
2618 685 2688 740 ut
2741 680 2879 760 quis

672 785 985 868 Caipham
1038 785 1422 848 Pontificem
1469 783 1824 867 pessimum
1872 783 2108 858 credat,
2163 788 2229 845 et
2281 781 2606 865 prolatum
2668 781 2748 844 ab
2801 803 2879 843 eo

670 887 1044 950 vaticinium
1089 909 1209 951 non
1240 889 1569 950 eoelzorreat
1589 888 1622 948 ‚9
1714 887 1888 968 Eryo
1920 885 2234 962 Christus»,
2275 885 2332 946 si
2361 885 2548 965 sapit,
2581 885 2881 966 ori-qinom

672 993 841 1053 tituli
871 991 1060 1068 illius,
1080 992 1425 1072 prophetice
1455 991 1656 1071 hujus,
1677 989 1849 1070 apud
1872 1010 1938 1051 se
1957 988 2285 1070 diliyenter
2303 989 2527 1070 cogitet
2551 1014 2570 1048 .·
2604 994 2662 1050 et
2680 985 2884 1067 facile

672 1095 992 1176 intelliyet,
1014 1095 1185 1176 apud
1209 1096 1479 1157 homines
1496 1095 1803 1175 sapientes
1819 1094 1970 1174 plus
1991 1113 2162 1154 vanoe
2181 1092 2610 1156 ostentationis
2638 1091 2881 1168 habere,

676 1218 860 1279 quam
902 1199 1116 1260 solidce
1147 1198 1495 1279 diynitatis.
1589 1196 1849 1274 Viden',
1883 1204 1958 1259 ut
1990 1216 2132 1278 quae
2162 1195 2232 1258 in
2264 1196 2512 1277 Regem
2543 1194 2881 1269 strinxisti,

675 1322 752 1363 ea
780 1299 851 1362 in
882 1301 1218 1365 Christum
1252 1301 1467 1384 ipsum
1502 1300 1822 1383 quadrent
1853 1299 2114 1362 omnia?

763 1404 1052 1467 Titulum
1092 1405 1183 1467 sie
1215 1404 1447 1486 accipit
1481 1404 1641 1481 Rex,
1676 1403 1764 1466 sie
1795 1403 1980 1487 gerit,
2015 1402 2196 1485 quasi
2224 1400 2707 1465 haereditarium
2738 1400 2880 1479 sibi,

676 1527 824 1570 cum
874 1509 1128 1572 Corona
1181 1530 1315 1584 sua,
1366 1507 1546 1590 qnasi
1580 1507 1789 1570 Officii
1836 1506 1936 1569 sui
1979 1503 2428 1587 μυημόσυνονε
2478 1527 2607 1589 qua
2649 1526 2799 1568 vero
2847 1527 2885 1567 a

678 1610 1011 1688 Pontificc,
1053 1612 1228 1674 haud
1271 1611 1475 1688 aliter,
1509 1632 1702 1693 quam
1735 1610 1917 1693 quasi
1947 1609 2320 1673 vaticinium
2353 1631 2431 1672 ex
2460 1630 2569 1673 ore
2600 1608 2880 1690 Caiphae.

679 1714 833 1777 Una
880 1722 1097 1777 autem
1149 1714 1256 1776 hic
1302 1735 1516 1796 opera,
1555 1715 1870 1776 Christum
1916 1719 2194 1791 accusat,
2244 1721 2310 1776 et
2356 1714 2604 1795 Regem,
2661 1713 2883 1777 Cardi-

676 1817 880 1879 nalis:
929 1816 1280 1899 eademque
1326 1838 1519 1900 opera
1563 1838 1692 1900 qua
1737 1818 2071 1894 Christum,
2130 1818 2358 1899 Regem
2404 1837 2656 1900 quoque
2700 1817 2888 1899 culpa

678 1919 933 1983 eximet.

766 2021 1131 2085 Dicendum
1176 2023 1282 2087 hic
1323 2024 1459 2109 jam
1506 2023 1749 2108 aliquid
1794 2032 1931 2089 erat
1973 2024 2257 2104 tandem,
2291 2024 2370 2088 de
2407 2025 2589 2088 Civili
2621 2024 2774 2106 fide,
2808 2025 2888 2089 de

678 2125 915 2189 civium
967 2126 1036 2189 in
1084 2128 1329 2210 Regem
1382 2127 1528 2206 fide,
1577 2129 1657 2192 de
1704 2151 1831 2211 qua
1876 2129 1984 2192 hic
2030 2129 2164 2193 sola
2212 2128 2510 2194 incubuit
2562 2130 2887 2193 Cardinali

679 2229 924 2293 dicere:
973 2231 1108 2294 sola
1154 2231 1329 2293 enim
1380 2232 1452 2295 in
1498 2233 1924 2314 quaestionem
1975 2241 2259 2296 venerat.
2351 2233 2479 2296 Illa
2513 2255 2663 2297 vero
2693 2233 2888 2296 etiam

678 2333 877 2396 civilis
899 2332 1055 2397 fides
1093 2334 1451 2397 Christiana
1478 2343 1596 2414 est,
1628 2336 1970 2415 Catholica,
1995 2336 2378 2417 Apostolica,
2402 2338 2698 2400 Ecclesioe
2727 2343 2887 2400 vete-

677 2437 770 2499 ris
804 2442 865 2500 et
897 2436 1266 2502 Pmnitivae.
1360 2438 1551 2502 Illam
1599 2447 1750 2504 ante
1783 2447 2066 2518 caeteraS,
2116 2440 2346 2504 saltem
2391 2441 2565 2506 inter
2603 2449 2888 2520 caeteras,

677 2541 1037 2623 expectavit
1097 2542 1351 2605 Lector.
1455 2544 1547 2606 At
1609 2543 1969 2607 Cardinalis
2027 2566 2148 2608 nee
2208 2545 2444 2627 attigit.
2558 2547 2734 2609 Scire
2794 2546 2889 2608 vis

679 2646 985 2706 causam?
1101 2645 1251 2705 Cum
1310 2666 1419 2727 eyo
1467 2659 1777 2729 punyar‘1‚
1839 2655 2238 2730 pungeretur
2295 2669 2392 2711 ea.
2485 2649 2656 2712 Vere
2715 2649 2890 2713 enim

686 2749 1057 2811 Christianae
1108 2749 1324 2833 hujuS,
1378 2752 1730 2828 Catholicoe,
1778 2751 2169 2831 Apostolicae‚
2217 2754 2571 2817 Primitivoe
2607 2753 2766 2835 fidei
2808 2754 2890 2817 de

681 2851 850 2914 civili
893 2852 1039 2931 fide,
1087 2852 1166 2916 de
1183 2852 1319 2934 fide
1362 2853 1431 2916 in
1478 2854 1827 2936 Principe8‚
1869 2856 2123 2933 TortuS,
2160 2856 2534 2934 CardinaIiS,
2568 2857 2888 2936 Pontifex,

682 2974 802 3017 nec
834 2955 1245 3038 Propagator,
1288 2978 1408 3020 nec
1445 2957 1568 3039 (vel
1597 2958 1957 3021 minusculis
1988 2956 2219 3044 literis)
2250 2958 2538 3040 desen-sor
2568 2967 2686 3027 est.

1395 3124 1419 3156 *ἱ
1460 3118 1614 3180 [Vide
1635 3134 1800 3183 supra,
1823 3135 1870 3184 p.
1898 3121 1942 3169 1.
1967 3125 2084 3171 note
2109 3119 2168 3185 ¹¹.]
