3165 4959
940 330 1302 378 APOLOGIAM
1350 331 1730 378 RESPONsm-
2292 315 2415 375 301

219 491 347 547 tum
388 486 707 550 Ecclesia».
809 488 969 551 Esse
1007 488 1490 567 fundamentum
1538 487 1799 569 quidem
1853 507 2078 562 unum,
2127 485 2238 548 sed
2288 506 2419 547 non

216 592 465 652 unicum
486 618 505 652 .-
571 612 710 653 esse
761 591 931 653 enim
981 592 1229 655 illiusce
1277 591 1530 655 aedificii
1582 590 1904 652 duodecim
1939 587 2416 668 fundamentaq.

224 694 407 764 Quod
432 700 638 756 autem
670 693 1151 774 fundamentum
1190 696 1256 756 in
1300 693 1580 774 (edificio,
1615 694 1776 755 idem
1811 698 1903 754 est
1947 697 2134 772 caput
2175 692 2242 752 in
2281 711 2417 753 cor-

206 818 384 876 pore.
479 798 605 860 Vix
653 799 815 862 illud
866 817 1412 881 usquequaquam.
1516 796 1808 860 Ostendo
1869 794 2043 858 enim
2093 793 2418 859 cardinali

217 899 566 981 (edificium,
617 903 801 985 cujus
842 901 1163 963 duodecim
1202 898 1684 980 fundamenta¹5
1742 916 1807 960 at.
1853 919 2019 980 aegre
2060 897 2418 960 Cardinalis

219 1001 382 1063 mihi
415 1022 637 1083 corpus
665 1003 950 1079 unicum,
983 1004 1170 1086 cujus
1204 1003 1523 1065 duodecim
1555 1010 1710 1063 sunt
1747 1001 1991 1080 Capita.

290 1155 385 1219 [8.]
412 1157 627 1205 Basilius
660 1194 670 1206 .
707 1193 719 1204 .
757 1193 769 1205 .
806 1194 818 1206 .
858 1157 980 1207 ‘Ille
1015 1194 1027 1206 .
1064 1194 1077 1205 .
1113 1194 1125 1205 .
1161 1157 1337 1206 beatus
1359 1158 1445 1218 qui
1466 1156 1665 1232 caeteris
1686 1154 1925 1218 praelatus
1949 1154 2212 1218 discipulis
2234 1192 2246 1204 .
2272 1191 2317 1214 .‚
2341 1156 2423 1204 eui

354 1237 517 1285 claves
547 1237 710 1299 Regni
748 1238 967 1287 coelestis
1000 1237 1530 1301 commissae.'—[Bell.
1564 1237 1713 1300 Apol.
1736 1251 1828 1300 pro
1854 1236 2026 1299 Resp]
2066 1253 2113 1300 p.
2142 1240 2250 1287 125.
2292 1237 2424 1301 [Op.,

353 1321 474 1365 tom.
500 1318 585 1366 vii.
620 1318 710 1366 eol.
733 1317 844 1368 775.
869 1317 954 1381 Α.]

312 1418 410 1479 Ex
460 1417 698 1480 Basilio
748 1418 1002 1479 Coeteris
1039 1418 1385 1497 Discipuli-3
1428 1418 1758 1496 praelatum
1797 1416 2073 1479 Petrum.
2168 1417 2296 1479 Sed
2342 1439 2424 1479 an
2455 1422 2646 1499 [ἓξ-Βα-

220 1529 301 1582 ut
362 1527 528 1582 esset
585 1519 998 1582 Monarcha?
1087 1518 1374 1582 Nullane
1433 1517 1556 1579 nisi
1616 1518 2007 1580 Monarchioe
2064 1519 2424 1601 praelatura,
2453 1486 2596 1550 ⁸¹¹u']

221 1622 545 1709 μαρτυρίᾳ
587 1624 865 1706 quidem,
897 1630 971 1685 ut
1016 1622 1213 1685 habet
1257 1621 1349 1684 ibi
1383 1620 1734 1703 Gregorius
1775 1621 1917 1704 [leq.
1954 1623 2228 1686 Basilius
2247 1623 2330 1706 Ι“],
2363 1631 2428 1686 et

221 1730 641 1812 μακαρισμῷ,
691 1728 854 1790 adde
890 1728 968 1806 (si
1008 1725 1202 1806 voles)
1251 1725 1469 1788 ordine
1515 1725 1853 1807 praelatum
1890 1734 1956 1789 et
1998 1728 2150 1789 loco.
2183 1708 2190 1717 ⁰
2242 1728 2429 1791 Idem

224 1832 352 1894 hoo
393 1830 619 1894 tribuit
661 1832 719 1893 ei
762 1831 919 1908 Rex,
952 1829 1146 1893 etiam
1192 1836 1266 1891 ut
1297 1829 1603 1908 Princeps
1631 1830 2069 1909 Apostolorum
2101 1830 2222 1894 sit:
2270 1830 2431 1894 citra

225 1934 677 1998 Monarchiam
707 1942 947 1998 tamen.
1018 1934 1212 2010 Nam,
1246 1934 1449 1994 claves
1478 1933 1534 1993 ei
1565 1932 1921 1994 commissas
1952 1934 2093 2015 quis
2125 1934 2380 1998 dubitat
2397 1938 2427 1998 P

227 2036 344 2099 sed
392 2059 474 2099 an
522 2038 592 2099 in
644 2058 917 2119 persona
965 2058 1098 2110 sua,
1150 2057 1233 2097 an
1278 2056 1426 2097 vero
1466 2034 1790 2112 Ecclesiae,
1841 2035 2115 2099 Basilius
2159 2037 2252 2100 ibi
2298 2059 2430 2102 non

226 2139 506 2221 expedit,
541 2139 651 2202 sed
680 2137 1115 2220 Augustinust
1144 2136 1367 2199 multis
1396 2136 1463 2199 in
1496 2137 1671 2200 locis,

298 2291 391 2355 [S.]
416 2291 658 2341 HilariuS.
694 2327 706 2339 .
743 2327 755 2338 .
791 2327 803 2339 .
840 2299 852 2316 ·
873 2290 969 2347 Qui
995 2289 1369 2352 nuncupatione
1393 2291 1509 2338 novi
1534 2290 1757 2340 nominis
1791 2290 1955 2355 [felix]
1990 2292 2228 2342 Eccleeiae
2261 2293 2431 2343 funda-

361 2378 606 2429 mentum,
648 2371 901 2434 dignaque
936 2370 1269 2419 oedifieatione
1305 2371 1445 2418 illius
1483 2370 1909 2435 Petra⁸.'—[Bell.
1948 2373 2094 2435 Apol.
2137 2389 2227 2436 pro
2263 2373 2432 2438 Resp]

361 2469 409 2518 p.
434 2455 544 2503 125.
577 2453 709 2517 [Op.,
745 2457 865 2501 tom.
892 2453 979 2501 vii.
1014 2452 1105 2502 col.
1128 2453 1237 2504 775.
1260 2452 1323 2501 A.
1346 2450 1425 2516 Β.]

318 2554 417 2615 Ex
450 2552 702 2615 Hilario
730 2551 914 2612 Felioe
943 2551 1244 2613 Ecclesiae
1272 2548 1754 2631 fundamentum
1786 2553 2062 2629 Petrum,
2097 2553 2229 2631 sed,
2263 2554 2434 2616 inter
2459 2569 2530 2633 [S.
2551 2567 2691 2618 Hila-

230 2658 365 2718 alia
395 2656 632 2738 pariter
645 2654 1067 2735 fundamenta
1080 2678 1109 2732 ,·
1148 2654 1424 2733 Diqnom
1454 2651 1862 2733 aedificatione
1888 2654 2122 2717 Christi
2154 2656 2431 2731 Petram,
2458 2633 2568 2696 rii‚]

232 2759 347 2822 sed
367 2758 527 2839 fidei
556 2759 819 2834 ratione,
853 2755 941 2818 ait
971 2756 1106 2839 ipse
1142 2755 1488 2832 Hilarius¹,
1521 2777 1652 2817 non
1673 2777 1988 2836 pensorum
2031 2764 2107 2820 ut
2138 2757 2368 2819 Petrus
2397 2781 2436 2821 a

212 2863 355 2945 fide
384 2861 680 2943 pendeat,
710 2881 840 2923 non
871 2860 1042 2941 fides
1071 2881 1110 2922 a
1141 2859 1353 2922 Petro,

298 3013 370 3078 [S.
396 3010 567 3075 Greg.]
593 3011 714 3060 Νη.
750 3047 763 3059 .
800 3047 812 3058 .
849 3048 861 3058 .
899 3010 1089 3059 ‘Vides
1121 3046 1133 3059 .
1169 3047 1180 3058 .
1217 3046 1228 3058 .
1267 3015 1323 3058 ut
1357 3009 1440 3058 hie
1476 3010 1626 3061 Petra
1647 3015 1865 3071 vocetur,
1888 3016 2038 3075 atque
2061 3012 2298 3063 Ecclesiae
2333 3015 2437 3074 fun-
2495 3011 2504 3018 '

365 3094 603 3143 (lamenta
636 3129 647 3141 .
684 3129 697 3141 .
733 3129 745 3141 .
781 3091 973 3140 credita
1014 3091 1213 3150 habeat,
1250 3107 1308 3140 ae
1347 3092 1531 3154 reliqui
1565 3129 1577 3141 .
1614 3129 1627 3140 .
1663 3129 1674 3140 .
1711 3129 1723 3141 .
1749 3093 2036 3155 posthaberi
2075 3110 2128 3144 se
2162 3097 2437 3160 tranquillo

363 3175 535 3224 animo
556 3173 718 3222 ferant
729 3171 1004 3235 5.'—-[Bell.
1030 3172 1177 3233 Apol.
1197 3186 1287 3234 pro
1314 3171 1483 3236 Resp]
1505 3187 1553 3235 p.
1572 3174 1681 3223 125.
1710 3172 1842 3236 [Op.,
1868 3177 1988 3224 tom.
2002 3175 2088 3224 vii.
2115 3176 2207 3225 eol.
2227 3176 2336 3227 775.
2358 3176 2437 3240 Β.]

323 3283 417 3346 Ex
476 3281 907 3356 Nazianzeno,
965 3280 1221 3341 Petrum
1280 3286 1342 3341 et
1392 3280 1697 3343 Joannem
1756 3283 1965 3362 aliquo
2013 3304 2152 3363 prce
2198 3286 2438 3347 coeteris
2464 3296 2544 3409 ἓξ.
2570 3295 2717 3357 Greg.

219 3386 558 3468 privileyio
589 3384 887 3453 donato-n
935 3382 1220 3458 Petrum,
1253 3388 1322 3443 ut
1352 3403 1569 3445 novum
1601 3405 1639 3444 α
1671 3384 1867 3446 Petra
1911 3406 2128 3447 nomen
2169 3388 2389 3449 sortiri
2406 3412 2438 3466 ,·
2517 3361 2618 3422 az.]

238 3492 280 3553 J
285 3510 581 3564 oannem,
614 3493 683 3549 ut
713 3487 864 3566 plue
894 3486 1133 3547 coeteris
1162 3485 1361 3566 diliyi,
1395 3491 1455 3546 et
1484 3487 1792 3548 reclinare
1817 3495 2032 3569 posset
2069 3491 2134 3551 in
2165 3497 2389 3570 pectus
2406 3515 2438 3571 ,·
2552 3498 2681 3560 219

302 3702 326 3732 «ι
361 3691 511 3757 [pr.
538 3691 591 3738 ii.
619 3687 719 3749 20]
1386 3685 1437 3734 S.
1474 3685 1584 3734 ΗΠ.
1626 3684 1815 3736 Pictav,
1864 3686 2144 3736 comment.
2187 3689 2243 3737 in
2289 3689 2438 3739 Matt.

304 3768 322 3790 ¹
358 3759 517 3818 Apoc.
542 3754 646 3802 xxi.
673 3756 749 3800 14.
1388 3750 1490 3798 xvi.
1515 3757 1635 3798 sect.
1660 3750 1705 3800 7.
1732 3750 1773 3797 Ο
1813 3787 1843 3810 .,
1864 3756 1986 3799 tom.
2012 3753 2044 3800 i.
2069 3752 2157 3800 col.
2187 3753 2296 3802 749.
2323 3753 2407 3817 Β.]

308 3830 327 3852 ·
365 3822 451 3884 [Ὁ
470 3816 697 3881 μακάριος
720 3815 914 3879 Πέτρος,
946 3816 972 3862 ὀ
1000 3816 1192 3864 πάντων
1212 3814 1303 3873 μὲν
1450 3821 1473 3844 ¹
1508 3815 1559 3878 [“
1578 3813 1703 3862 Haeo
1737 3814 1769 3862 fi
1809 3829 1860 3862 es
1886 3815 2123 3864 Ecclesiae
2153 3817 2442 3866 fundamen-

237 3889 336 3935 τᾶν
355 3886 577 3945 μαθητὸν
598 3882 870 3945 προκριθεὶς,
893 3878 1038 3940 μόνος
1061 3878 1111 3928 δὲ
1135 3877 1303 3927 πλεῖον
1390 3883 1495 3926 tum
1520 3878 1752 3927 est.”-S.
1771 3878 1876 3927 Hil.
1899 3879 2024 3928 Pict.
2060 3879 2122 3928 de
2146 3880 2327 3929 'rx-init.
2353 3882 2441 3930 lib.

238 3951 339 3999 τᾶν
371 3950 539 3997 ἄλλων
571 3946 874 4006 μαρτνρηθεὶς
896 3945 973 3992 καὶ
989 3944 1302 4006 μακαρισθεὶς,
1391 3944 1457 3990 vi.
1483 3947 1601 3991 sect..
1627 3943 1703 3992 37.
1740 3943 1850 4005 Op„
1873 3947 1993 3991 tom.
2021 3945 2072 3991 ii.
2096 3945 2188 3993 col.
2216 3947 2323 3993 160.
2349 3944 2439 4008 D.]

236 4016 267 4063 ό
299 4014 387 4063 τὰς
420 4013 552 4061 κλεῖς
584 4013 672 4066 τῆς
704 4008 954 4064 βασιλείας
985 4012 1082 4056 τῶν
1101 4010 1305 4067 οὐρανῶν
1456 4015 1479 4046 5
1505 4007 1667 4070 [Ὁρᾷς
1681 4009 1776 4055 τῶν
1795 4009 2002 4069 Χριστοῦ
2021 4012 2240 4068 μαθητῶν
2254 4007 2443 4058 πάντων

237 4074 638 4127 πιστευθείς.-8.
666 4073 775 4121 Bas.
811 4072 886 4120 De
907 4072 940 4120 J
945 4072 1024 4120 ud.
1050 4071 1159 4120 Dei.
1205 4076 1229 4132 §
1255 4071 1303 4121 7.
1391 4070 1541 4119 ὄντων
1563 4075 1759 4131 ὑψηλῶν
1780 4074 1857 4120 mn
1878 4074 1963 4129 τῆς
1984 4073 2191 4133 ἐκλογῆς
2222 4073 2382 4134 ἀξίωνς
2418 4074 2444 4120 ὁ

239 4144 354 4203 Op..
384 4147 508 4188 tom.
533 4139 586 4187 ii.
621 4152 669 4200 p.
694 4140 804 4185 221.
833 4135 912 4199 Β.]
1388 4135 1478 4193 μὲν
1510 4135 1661 4197 πέτρα
1691 4139 1922 4193 καλεῖται,
1949 4137 2024 4185 καὶ
2057 4138 2170 4186 τοὺς
2203 4138 2445 4196 θεμελίους

306 4209 323 4237 ²
383 4203 515 4251 Vide
538 4216 703 4264 supra,
736 4216 783 4263 p.
811 4203 917 4249 295.
957 4204 1061 4248 not.
1084 4199 1143 4263 1.]
1388 4202 1476 4256 τῆς
1496 4200 1786 4256 Ἐκκλησίας
1817 4200 2110 4255 πιστεύεται,
2146 4202 2170 4248 ὁ
2193 4202 2244 4249 δὲ
2267 4202 2445 4261 ἀγαπᾶ-

307 4279 330 4299 ·
389 4271 419 4294 “
439 4268 481 4313 O
507 4267 560 4314 in
585 4265 960 4327 nuncupatione
994 4265 1114 4312 novi
1141 4265 1301 4312 nomi·
1387 4282 1466 4310 ται
1488 4262 1654 4320 πλέον,
1680 4264 1758 4312 καὶ
1793 4264 1869 4311 ἐπὶ
1904 4271 1961 4312 τὸ
1984 4267 2160 4322 στῆθος
2185 4266 2268 4312 τοῦ
2288 4263 2448 4325 Ἰησοῦ

237 4334 323 4383 nis
343 4333 471 4380 felix
495 4329 731 4378 Ecclesiae
755 4328 1157 4388 fundamentum,
1192 4328 1299 4389 dig·
1389 4327 1694 4387 ἀναπαύεται,
1720 4329 1799 4376 καὶ
1834 4327 2057 4389 φέρουσιν
2089 4330 2133 4376 οἱ
2166 4330 2322 4378 λοιποὶ
2357 4332 2448 4388 τὴν

238 4412 408 4459 nuque
453 4393 786 4443 eedifieetione
822 4393 962 4441 illius
996 4397 1152 4455 petra,
1189 4407 1302 4454 quae
1389 4392 1788 4452 warinnam—S
1829 4390 1977 4453 Greg.
2004 4391 2125 4440 ΝΜ..
2152 4392 2287 4441 Orat.
2308 4395 2446 4442 xxvi.

239 4462 466 4511 infernas
508 4458 661 4519 legeS,
706 4462 759 4506 et
802 4457 981 4505 tartari
1025 4460 1210 4519 portae,
1250 4462 1303 4505 et
1393 4456 1467 4504 De
1492 4455 1734 4505 Moderat.
1758 4457 1814 4504 in
1837 4455 2036 4518 Disput.
2075 4457 2298 4506 servaud.
2337 4459 2447 4522 Op„

240 4525 414 4575 omnia
444 4522 626 4572 mortis
657 4521 873 4570 claustra
905 4520 1305 4570 dissolveret.’'—
1392 4525 1514 4570 tom.
1540 4521 1571 4568 i.
1597 4534 1682 4582 pp.
1702 4523 1812 4571 453.
1835 4520 1900 4571 D.
1925 4522 2032 4572 454.
2050 4519 2135 4583 A]
