3165 4959
1017 346 1383 394 stomoma
1425 347 1786 396 RESPoNsm.
2377 334 2501 398 291

296 497 554 580 quidem
599 499 726 576 hic,
759 521 918 583 quos
962 503 1307 565 Pur-itanos
1354 502 1634 585 appellat
1674 502 1821 583 (nisi
1869 502 2012 585 plus
2060 502 2258 565 etiam
2303 524 2498 585 quam

294 600 594 664 Puritani
636 603 815 682 sint),
847 626 886 667 a
915 604 1122 683 nobis,
1152 625 1274 669 nec
1318 626 1438 668 nos
1477 603 1558 668 ab
1599 605 1727 667 illis
1761 604 2220 682 dissentimus;
2269 613 2336 669 et
2367 606 2495 669 dis-

292 703 536 783 ciplinoe
563 726 686 784 res,
719 728 912 789 quam
953 708 1143 771 aliam
1184 707 1264 772 ab
1293 708 1601 772 Ecclesiae
1643 707 1851 790 prisce.
1891 706 2101 770 forma
2145 709 2497 772 commenti

290 812 445 868 sunt
471 831 485 868 :
533 813 600 870 et
629 816 844 891 potest
880 809 950 872 in
980 811 1144 892 fidei
1182 809 1628 891 consessionem
1654 809 2070 888 subscribere,
2104 811 2215 894 qui
2244 812 2316 874 in
2344 812 2498 874 Dis-

289 909 535 989 ciplinoe
563 908 781 990 forma
811 934 993 976 secus
1024 915 1279 978 sentiat.
1351 915 1461 977 Ita
1489 913 1770 978 cessabit
1800 914 2020 977 statim
2052 913 2263 976 omnis
2295 914 2496 976 admi-

286 1011 478 1089 ratiO,
510 1013 778 1075 tertium
796 1015 934 1097 jam
964 1015 1322 1077 mirabundi
1352 1014 1736 1078 cardinalis.

356 1141 547 1192 Mirum
571 1180 582 1191 .
606 1181 617 1192 .
644 1181 655 1192 .
679 1143 812 1207 quod
843 1145 953 1196 Rex
985 1150 1093 1196 tam
1118 1147 1296 1211 iniquo
1317 1147 1489 1197 animo
1512 1147 1655 1205 ferat,
1678 1146 1812 1209 quod
1835 1146 2041 1210 scripsit
2067 1145 2184 1210 [leg.
2211 1146 2491 1210 scripserit]

423 1223 759 1275 Bellnrminus
781 1262 793 1275 .
817 1262 829 1275 .
848 1226 881 1275 J
883 1227 1096 1276 ecobum
1119 1228 1175 1277 in
1190 1227 1360 1278 Sectis
1380 1229 1531 1277 fuisse
1542 1228 1862 1286 Puritanum,
1885 1264 1897 1276 .
1922 1264 1934 1276 .
1957 1263 1969 1275 .
1995 1242 2110 1276 eum
2133 1231 2306 1276 tamen
2328 1232 2494 1278 exstet

419 1306 661 1355 confessio
674 1306 872 1357 Scotics
891 1322 923 1357 a
940 1308 1196 1358 Puritunis
1218 1344 1230 1357 .
1256 1346 1267 1357 .
1293 1346 1305 1358 .
1321 1309 1619 1372 conscripta,
1640 1313 1693 1358 et
1713 1324 1745 1358 s.
1762 1308 1899 1370 Rege
1917 1308 2199 1371 subscripta
2220 1344 2232 1356 .
2253 1343 2267 1356 .
2291 1344 2303 1356 .
2328 1307 2489 1365 Quam

418 1386 778 1437 confessionem
794 1388 984 1452 scripto
1001 1390 1132 1438 libro
1154 1390 1395 1439 refutavit
1413 1389 1693 1453 Episcopus
1706 1388 2046 1448 vasionensis,
2071 1389 2277 1438 natione
2294 1388 2488 1447 Scotus,

416 1472 469 1515 et
485 1467 671 1517 librum
695 1484 841 1518 suum
864 1469 1030 1519 edidit
1044 1470 1306 1520 Avenione
1320 1472 1588 1521 ann.1601.
1610 1506 1621 1519 .
1643 1507 1656 1519 .
1681 1508 1693 1519 .
1711 1469 1847 1519 Nam
1865 1468 1928 1519 de
1944 1471 2043 1518 ists
2056 1484 2109 1519 re
2126 1469 2377 1518 sollicitus
2388 1484 2493 1519 non

415 1561 541 1605 sum,
566 1563 729 1611 neque
750 1550 815 1599 ad
837 1564 919 1600 me
940 1551 1179 1614 pertinet,
1200 1551 1380 1615 scripsi
1412 1556 1600 1609 tamen,
1625 1588 1637 1601 .
1663 1588 1674 1599 .
1700 1587 1711 1600 .
1734 1548 1866 1613 quod
1890 1565 1922 1599 a
1942 1550 2158 1599 testibus
2186 1549 2287 1599 fide
2319 1549 2493 1612 dignis

419 1631 507 1691 (et)
529 1629 718 1691 audivi,
751 1635 804 1680 et
836 1668 848 1680 .
873 1668 886 1681 .
923 1634 977 1680 in
1008 1632 1155 1681 libris
1185 1632 1401 1682 aliorum
1435 1632 1774 1698 legi—[Bell.
1801 1632 1951 1696 Apol.
1986 1645 2078 1694 pro
2105 1630 2277 1694 Resp.]
2308 1645 2356 1694 p.
2381 1633 2491 1681 121.

419 1710 556 1775 [Op.,
578 1715 701 1761 tom.
724 1712 810 1761 vii.
836 1712 928 1762 col.
947 1714 976 1764 7
982 1713 1061 1765 72.
1085 1713 1143 1763 B.
1165 1713 1249 1775 0.]

370 1802 462 1864 At
489 1801 560 1865 in
589 1824 665 1866 ea
699 1802 1095 1883 confessione
1122 1805 1323 1883 Fidei,
1357 1804 1462 1868 cui
1491 1811 1635 1868 tum
1663 1805 2058 1885 subscripsit,
2088 1803 2256 1866 nihil
2292 1803 2487 1866 etiam
2514 1812 2799 1930 ffigffffii‘)

280 1912 383 1967 est
429 1906 600 1988 quod
645 1907 747 1970 vel
790 1927 967 1970 nunc
1020 1908 1279 1991 quidem
1325 1930 1460 1973 non
1511 1914 1819 1991 agnoscat
1873 1908 2014 1970 Rex
2057 1927 2174 1989 pro
2217 1928 2388 1985 vem,
2420 1914 2487 1970 et
2515 1942 2622 1992 R„
2645 1945 2757 1994 sub-

278 2008 635 2072 Catholico.
724 2009 903 2087 Non,
955 2009 1035 2074 de
1084 2010 1381 2073 doctr-ime
1429 2010 1688 2094 quidem
1736 2008 2096 2093 Capitibus.
2188 2010 2364 2073 Nam
2405 2008 2487 2072 de
2512 2008 2729 2120 seripsit,

278 2110 642 2191 disciplinae,
675 2112 1117 2195 exceptionem
1145 2113 1342 2176 habet
1374 2113 1602 2176 aetatis.
1699 2112 1829 2178 Qui
1859 2112 2074 2195 potuit
2104 2110 2185 2173 de
2212 2109 2291 2173 iis
2311 2110 2482 2194 judi·
2512 2071 2788 2201 giumda]

277 2211 452 2275 cium
491 2214 659 2277 ferre
702 2214 1123 2278 herbescente
1168 2215 1380 2278 adhuc
1412 2215 1650 2279 aetate?
1743 2213 2108 2279 Cardinalis
2151 2212 2290 2297 ipse
2336 2234 2485 2277 cum

277 2314 579 2377 decimum
610 2323 900 2397 quartum
940 2317 1152 2380 aetatis
1191 2338 1435 2379 annum
1471 2324 1711 2400 ageret,
1755 2318 1831 2398 (is
1872 2316 2047 2379 enim
2081 2314 2246 2398 Regi
2279 2336 2486 2378 annus

276 2416 592 2499 agebatur
641 2419 835 2483 Anno
886 2420 1080 2503 1581)
1139 2420 1295 2504 quid
1348 2441 1424 2485 ea
1474 2426 1666 2484 aetate
1711 2418 2059 2503 scripserit,
2120 2438 2241 2482 nec
2299 2417 2487 2482 anxie

272 2519 518 2602 inquiri
545 2522 752 2585 libens
782 2523 1056 2602 sineret,
1102 2545 1223 2587 nec
1253 2525 1491 2588 referre
1521 2525 1803 2587 multum
1832 2530 2110 2607 putaret.

364 2624 540 2687 Nam
581 2624 661 2689 de
696 2626 1060 2691 Vasionensi
1094 2628 1407 2708 Episcopo
1415 2625 1464 2705 b,
1509 2627 1619 2710 qui
1659 2625 2116 2707 consessionem
2163 2625 2342 2688 illam
2391 2625 2483 2688 sic
2509 2635 2800 2712 [Vasionen-

282 2728 383 2807 (ut
408 2727 586 2810 dicis)
617 2728 917 2810 refutcwit
939 2757 957 2791 :
1004 2732 1319 2808 novimus,
1353 2730 1461 2813 qui
1492 2730 1590 2793 vir
1620 2729 1763 2807 siet,
1786 2736 1852 2792 et
1883 2749 2076 2811 quam
2109 2727 2190 2790 ab
2220 2728 2483 2810 ingenio
2508 2701 2809 2828 ἲζέξὲῗω

275 2851 352 2893 ac
383 2831 675 2895 doctrina
703 2832 784 2896 ad
811 2833 1011 2898 libros
1047 2834 1419 2898 scribendos
1464 2840 1891 2916 comparatus.
1987 2832 2111 2894 Ille
2140 2852 2290 2895 vero
2329 2832 2483 2895 fecit
2507 2844 2619 2878 eam
2635 2831 2811 2880 resuta-

273 2934 447 3015 quod
475 2933 743 3016 ingenui
771 2942 927 2999 erat.
1018 2936 1368 2999 Excusavit
1398 2957 1465 2999 se
1499 2935 1663 3018 Regi
1694 2934 1773 2998 de
1803 2934 1994 3011 facto,
2025 2953 2146 2996 nec
2176 2933 2413 2997 librum
2445 2955 2485 2997 a
2507 2894 2807 3023 ssfssgffissi]

273 3056 345 3098 se
382 3036 708 3118 scriptum,
756 3038 1037 3102 nominis
1087 3046 1348 3102 tantum
1395 3039 1496 3101 sui
1540 3036 1999 3121 praescribendi
2048 3037 2298 3118 copiam
2345 3058 2384 3099 a
2412 3058 2482 3101 se

270 3136 532 3215 factam,
553 3159 673 3202 nec
700 3147 1013 3223 praeterea
1033 3160 1326 3223 peccasse
1356 3140 1720 3225 quicquam.
1780 3140 1869 3203 Et
1897 3145 1993 3202 est
2012 3138 2109 3201 vir
2132 3140 2230 3220 (ut
2247 3138 2475 3222 fertur)

272 3239 541 3302 minime
569 3240 796 3318 mulne,
828 3242 940 3305 sed
970 3237 1308 3325 φιλόξενος
1337 3242 1543 3324 magis
1574 3262 1767 3325 quam
1798 3237 2217 3318 &connixos-⁶,
2244 3241 2479 3324 quique

273 3341 487 3423 aptior
534 3343 637 3421 sit,
683 3351 761 3407 ut
819 3344 1057 3407 mensis
1116 3345 1459 3423 ministret,
1513 3366 1707 3428 quam
1759 3351 1834 3406 ut
1882 3343 2076 3407 verbo
2127 3354 2329 3421 vacet,
2378 3343 2476 3407 vel

272 3444 629 3527 scriptioni.
725 3448 959 3525 Quare,
992 3468 1112 3511 nec
1156 3448 1435 3511 Gentem
1484 3447 1761 3510 ascribat
1798 3446 2076 3509 hominis
2120 3453 2256 3508 tam
2303 3446 2476 3508 solli-

268 3548 421 3625 cite,
452 3571 663 3634 neque
698 3551 799 3614 vel
835 3552 1034 3613 locum
1076 3551 1190 3614 ubi
1236 3551 1401 3614 liber
1448 3570 1738 3625 excusus,
1780 3549 1882 3612 vel
1927 3569 2156 3611 annum
2199 3548 2475 3611 Domini.

271 3652 521 3717 Quanti
580 3653 663 3714 sit
707 3654 1009 3733 scriptum
1059 3652 1241 3730 illud,
1298 3650 1526 3734 quanti
1588 3651 1896 3730 Scriptor,
1958 3670 2151 3736 quam
2208 3649 2478 3711 illustris

267 3754 535 3831 Auctor,
567 3754 786 3818 omnia
819 3755 957 3819 haec
1003 3755 1168 3837 Regi
1208 3752 1559 3817 notissima.
1652 3751 1969 3816 Densavit
1998 3771 2168 3828 vero,
2199 3757 2476 3833 utroque

266 3855 439 3919 libro
448 3854 497 3933 ἃ,
522 3865 907 3939 argumenta
926 3859 1084 3940 Res,
1110 3856 1344 3940 quibus
1365 3854 1617 3920 occludi
1637 3853 1842 3936 possit
1862 3874 1951 3930 os,
1976 3859 2042 3915 et
2065 3853 2138 3915 in
2161 3860 2476 3916 aeternum
2588 3851 2717 3915 212

269 3955 472 4020 deleri
511 3959 852 4037 calumnia,
901 3960 980 4023 de
1009 3961 1342 4023 Puritano.
1440 3957 1568 4020 Sed
1623 3977 1706 4020 en
1755 3954 2116 4020 cardinalis
2166 3953 2472 4017 indolem.

272 4059 530 4136 Scribit,
578 4061 751 4142 quod
801 4063 952 4144 leyit
1002 4061 1273 4144 uspiam,
1332 4061 1403 4123 in
1454 4059 1675 4122 libello
1723 4057 2133 4140 quantumvis
2186 4056 2472 4131 famoso;

334 4190 360 4225 ὓ
396 4192 701 4257 [Gulielmus
737 4194 1018 4254 Chisholm,
1054 4195 1330 4258 Episcopus
1415 4197 1560 4243 nunt.
1602 4192 1761 4242 Aven.
1806 4192 1976 4252 1601.,'
2009 4195 2062 4240 et
2095 4191 2287 4241 Gallice
2319 4190 2473 4239 Poris.

270 4257 615 4318 vasionensis,
635 4259 713 4320 (cf.
732 4259 861 4308 Gall.
881 4260 1065 4308 Christ.
1085 4265 1205 4308 tom.
1220 4260 1251 4307 i.
1278 4274 1326 4321 p.
1418 4256 1581 4319 1603]

266 4323 408 4379 936.)
428 4327 605 4371 auctor
622 4322 742 4372 libri
766 4324 847 4373 cui
871 4324 1053 4373 titulus
1075 4328 1088 4350 ‘
1104 4323 1330 4372 Examen
1482 4329 1503 4352 ⁰
1538 4320 1709 4384 [Cous.
1732 4322 1755 4369 1
1784 4319 1914 4368 Tim.
1939 4318 2012 4368 iii.
2038 4318 2113 4381 2.]

265 4386 609 4435 Confessionis
644 4386 789 4438 Fidei
828 4387 1153 4444 calviniana,
1178 4401 1329 4449 quam
1481 4384 1502 4415 ‘¹
1558 4385 1803 4449 [Basilice
1857 4399 1922 4433 sc.
1955 4383 2120 4450 ⁸Doro,
2173 4385 2241 4432 et‘
2273 4381 2474 4431 Praefat.

263 4450 437 4499 Scotis
479 4451 717 4500 omnibus
773 4452 1000 4501 ministri
1045 4451 1331 4501 Calvinisui
1418 4448 1686 4511 Monitor.]

262 4513 682 4564 subscribendum
736 4521 790 4566 et
834 4515 1108 4579 jurondsm
1158 4528 1331 4578 propo-

1824 4598 1953 4656 1:12
