3165 4959
952 355 1318 403 APOLOGIAM
1361 355 1724 403 RESPONS10.

2321 342 2445 403 331

245 516 462 575 autem
493 511 658 591 eam)
695 518 953 573 secutus
983 518 1099 573 est.
1192 510 1370 573 Male
1402 531 1556 592 ergo
1587 531 1710 573 non
1738 508 1990 590 refellit,
2023 516 2084 573 et
2114 531 2235 571 non
2265 509 2450 590 resel-

246 614 423 676 lendo
468 613 816 694 approbare
857 615 1026 675 visus
1077 619 1186 676 est.

1280 613 1425 676 Imo
1465 635 1601 676 non
1645 614 1997 696 acceptavit
2032 613 2102 677 in
2148 634 2352 690 suam,
2386 621 2451 675 ct

247 739 380 780 non
410 716 805 800 acceptando
833 717 1006 779 visus
1030 723 1127 780 est
1154 715 1460 797 refellere,
1494 717 1724 781 saltem
1753 737 2070 799 respuere.

312 871 502 930 Patres,
516 870 604 933 qui
622 906 635 919 .
656 907 667 918 .
687 869 781 919 hoc
804 869 1000 929 docent,
1014 869 1069 918 hi
1093 873 1227 919 sunt.
1294 868 1571 930 Hilariusk,
1599 868 1941 932 Hieronymus
1952 868 1982 929 ¹,
2008 869 2453 933 Chrysostomusw,

377 953 687 1014 Origenes=.
712 989 724 1000 .
749 987 762 1000 .
797 950 1127 1001 Lactantius⁰
1150 987 1162 999 .
1189 988 1200 999 .
1228 988 1238 999 .
1265 951 1617 1014 Augustinus?
1641 988 1652 1000 .
1679 988 1690 1000 .
1715 987 1728 1000 .
1759 951 2132 1001 Theodoretus‘l
2158 989 2169 1000 .
2196 989 2206 1000 .
2233 951 2453 1000 ,Prima-

377 1035 508 1083 sius¹
529 1071 542 1084 .
569 1072 581 1085 .
605 1072 619 1085 .
642 1033 979 1097 Hippolytus·
1002 1070 1015 1083 .
1039 1069 1050 1082 .
1076 1032 1308 1098 .—[Bell.
1326 1033 1475 1098 Apol.
1492 1048 1586 1098 pro
1608 1032 1778 1097 Resp]
1801 1048 1885 1096 pp.
1902 1035 2014 1093 139,
2035 1034 2144 1082 140.
2177 1032 2310 1096 [Op.‚
2327 1038 2450 1081 tom.

378 1117 465 1167 vii.
488 1116 578 1166 col.
600 1117 712 1169 783.
735 1118 797 1164 A.
825 1115 907 1179 B.]

341 1227 467 1290 Sed
495 1248 616 1290 nec
645 1225 816 1309 apud
847 1228 1078 1288 Patres
1108 1247 1265 1308 quos
1304 1224 1619 1302 nominat,
1651 1231 1789 1287 tam
1816 1224 1941 1287 hoc
1978 1223 2298 1306 liquidum
2329 1230 2448 1301 est,
2476 1233 2710 1348 z[gztziti-um

251 1331 330 1395 de
361 1332 628 1396 Enocho
666 1340 733 1394 et
770 1331 918 1395 Elia
963 1331 1262 1407 Testibw,
1293 1329 1696 1393 Antichristo
1735 1312 2066 1411 regnante.
2161 1326 2451 1390 Hilarius

249 1435 425 1499 enim
475 1435 610 1518 (qui
654 1435 832 1498 ducit
879 1437 1133 1517 agmen)
1186 1434 1529 1497 Enochum
1572 1433 1801 1516 rejicit,
1834 1440 1900 1496 et
1944 1453 2060 1515 pro
2105 1452 2181 1495 eo
2219 1433 2454 1494 Mosen

252 1544 584 1621 surrogat3
631 1537 825 1620 idque
879 1539 1023 1599 licet
1077 1536 1335 1619 (inquit)
1387 1537 1579 1599 varice
1629 1538 1729 1599 vel
1778 1537 1853 1598 de
1903 1536 2181 1612 Enocho,
2230 1536 2330 1597 vel
2379 1536 2456 1597 de

206 1686 215 1696 ·
249 1644 525 1706 Jeremia
541 1644 957 1723 plurimorum
978 1642 1334 1704 exstiterint
1364 1642 1698 1721 opiniones.
1746 1641 1927 1704 Alios
1956 1639 2129 1702 enim
2153 1646 2456 1702 venturos

154 1744 165 1751 ’
253 1745 636 1823 existimare,
663 1766 845 1826 quam
865 1746 971 1826 qui
1003 1745 1092 1806 ad
1115 1744 1500 1825 sponsionem
1516 1741 1678 1823 fidei
1699 1745 1936 1806 venisse
1965 1744 2272 1823 conspecti
2289 1749 2453 1819 sunt,

252 1870 464 1931 nempe
517 1849 751 1911 Mosen
794 1855 859 1911 et
904 1847 1138 1924 Eliam,
1185 1846 1310 1910 hoc
1362 1853 1461 1910 est
1507 1847 1622 1925 illi,
1675 1848 1962 1910 veritatis
1995 1847 2193 1928 fidem
2242 1866 2456 1909 sensus

320 2033 342 2064 ¹¹
400 2032 531 2083 Vide
555 2033 699 2092 infra,
723 2036 826 2080 not.
852 2032 906 2093 ἢ]

318 2097 332 2128 ¹
390 2103 421 2125 “
434 2097 661 2147 Traditio
677 2097 1041 2146 Pharisaeorum
1057 2100 1148 2155 est,
1159 2097 1310 2160 juxta

254 2164 558 2215 Malachiam
583 2161 884 2225 Prophetam
908 2198 919 2210 .
947 2198 957 2209 .
983 2197 995 2210 .
1020 2162 1154 2223 quod
1166 2161 1311 2214 Elias

254 2230 424 2278 veniat
461 2232 580 2278 ante
617 2226 892 2276 adventum
933 2225 1220 2286 salvatoris,
1259 2231 1312 2275 et

253 2292 459 2342 reducat
491 2307 576 2342 cor
608 2297 807 2355 patrum
842 2290 905 2339 sd
935 2291 1082 2349 filios,
1104 2295 1156 2339 et
1188 2291 1311 2340 filio·

254 2373 367 2407 rum
394 2357 459 2407 ad
492 2362 674 2420 patres,
699 2362 751 2405 et
784 2357 1019 2405 restituat
1051 2356 1224 2405 omnia.
1257 2357 1313 2404 in

251 2424 521 2486 antiquum
577 2420 925 2471 statum.”—S.
972 2419 1115 2469 Hier.
1172 2420 1314 2469 Com-

254 2494 412 2537 ment.
434 2489 493 2536 in
527 2486 711 2536 Matth.
734 2487 879 2546 xvii.;
947 2486 1001 2533 ui
1035 2486 1090 2535 in
1113 2501 1313 2534 versum

254 2559 548 2616 sequentem
576 2553 683 2600 haec
706 2550 866 2608 addit,
891 2553 923 2578 “
961 2566 1064 2613 pse,
1089 2551 1177 2614 qui
1199 2565 1314 2600 ven·

254 2624 399 2667 turus
444 2623 520 2666 est
566 2617 624 2665 in
658 2614 874 2664 secundo
921 2615 1194 2664 Salvatoris
1233 2615 1315 2664 sd-

254 2686 427 2741 ventn,
443 2682 595 2745 juxta
622 2680 843 2743 corporis
864 2679 1034 2739 fidem,
1057 2695 1192 2729 nuno
1225 2695 1316 2743 per

252 2747 505 2796 Joannem
527 2747 668 2795 venit
700 2748 754 2794 in
784 2746 971 2793 virtute
1005 2749 1057 2793 et
1088 2746 1315 2808 spiritu.”

253 2811 434 2874 -Op.‚
458 2817 580 2860 tom.
605 2811 691 2859 vii.
715 2810 808 2859 col.
837 2811 940 2858 132.
969 2809 1026 2859 B.
1052 2808 1104 2858 C.
1132 2809 1217 2873 D.]

321 2885 354 2907 ¹²
390 2877 502 2940 [Τῆς
535 2873 700 2934 μέντοι
724 2877 828 2935 μιᾶς
849 2876 937 2932 τῆς
969 2871 1189 2938 δευτέρας
1212 2874 1315 2939 πρό-

255 2945 428 3004 δρομον
459 2938 658 3001 λέγουσι
686 2940 773 2988 τὸν
803 2939 972 2988 Ἠλίαν
1003 2938 1209 2989 ἔσεσθαι·
1230 2943 1316 2998 τῆς

254 3006 351 3067 ’γὰρ
373 3004 598 3065 προτέρας
633 3004 827 3065 ἐγένετο
850 3005 876 3052 ὀ
902 3003 1133 3064 Ἰωάννης,
1155 3004 1213 3053 ὃν
1237 3006 1314 3055 καὶ

254 3069 428 3119 Ἠλίαν
463 3071 489 3118 ὁ
524 3070 731 3130 Χριστὸς
774 3069 953 3118 ἐκάλει·
1000 3088 1044 3118 κ.
1074 3089 1118 3118 τ.
1148 3069 1311 3119 λ.-8.

254 3134 513 3196 Chrysost.
552 3133 702 3182 Hom.
741 3132 906 3181 LVII.
947 3133 1001 3180 in
1038 3133 1088 3184 S.
1128 3134 1313 3183 Matth.

257 3201 371 3262 Op„
399 3205 518 3248 tom.
542 3199 597 3246 ii.
621 3212 669 3261 p.
694 3201 804 3248 363.
829 3198 917 3246 lin.
938 3197 1037 3262 41.]

325 3272 348 3293 ¹⁸
384 3264 496 3328 [Καὶ
520 3262 649 3312 ἔοικέ
667 3281 728 3323 ’γε
753 3264 827 3311 διὰ
857 3261 1037 3311 τούτων
1059 3265 1315 3321 δηλοῦσθαι

257 3327 334 3377 ὅτι
374 3327 733 3390 προευτρεπίσει
776 3328 806 3375 o'
837 3326 1003 3376 Ἠλίας
1044 3331 1109 3391 τῇ
1148 3329 1316 3390 ἐνδόξῳ

256 3395 470 3456 Χριστοῦ
492 3393 724 3456 ἐπιδημίᾳ,
745 3391 820 3440 διά
840 3410 981 3440 τινων
1005 3391 1138 3456 ἱερῶν
1154 3392 1319 3454 λόγων

258 3459 339 3507 καὶ
375 3455 722 3507 καταστάσεων
758 3458 809 3504 ἐν
845 3457 950 3506 ταῖς
984 3459 1174 3518 ψυχαῖς,
1206 3458 1317 3508 τοὺς

259 3523 329 3572 εἷς
369 3522 517 3571 τοῦτο
561 3520 847 3578 ἐπιτηδείους
888 3520 1319 3583 γεγενημένους.-

257 3587 399 3649 Orig.
434 3586 626 3636 Comm.
653 3586 708 3635 in
730 3585 912 3635 Matth.
938 3590 1058 3635 tom.
1083 3586 1193 3635 xiii.
1218 3591 1241 3648 ς
1272 3589 1316 3636 2.
1360 3588 1372 3598 ”

257 3653 371 3749 012„
384 3651 814 3829 ξεαῐιίηιιιπιιίξοιιδιζῖ
836 3650 1009 3778 5⁸13]
1031 3718 1316 3778 temporum

256 3796 381 3831 conc
404 3782 577 3831 unione
598 3778 843 3843 propheta
860 3793 1074 3841 magnus
1086 3780 1321 3828 mittetur

257 3861 290 3895 a
313 3845 436 3904 Deo,
459 3846 548 3909 qui
586 3849 846 3894 convertat
878 3844 1109 3894 homines
1134 3843 1198 3893 ad
1223 3844 1318 3894 Dei

256 3911 589 3972 agnitionem,
642 3913 695 3959 et
747 3909 963 3972 accipiat
1017 3913 1319 3971 potestatem

257 3974 517 4024 mirabilis
551 3974 768 4024 faciendi
816 4013 828 4025 .
880 4011 893 4025 .
946 4011 958 4023 .
996 3973 1098 4024 Hic
1149 3973 1320 4038 (falsus

257 4040 524 4104 propheta)
559 4039 816 4102 pugnabit·
840 4038 1078 4089 adversus
1113 4038 1319 4102 prophe-

259 4114 368 4154 tam
408 4105 533 4158 Dei:
569 4105 753 4163 vincet,
791 4108 844 4153 et
878 4104 1150 4153 interficiet
1186 4119 1318 4165 eum,

258 4175 313 4218 et
333 4169 643 4231 insepultum
658 4168 825 4232 jacere
847 4169 1316 4231 patietur.”—Lact.

261 4235 378 4283 Div,
418 4233 542 4282 Inst.
585 4234 673 4282 lib.
704 4234 791 4282 vii.
838 4233 947 4282 ‘De
984 4233 1108 4282 vita
1144 4234 1320 4283 beata-¹

260 4299 381 4362 Cap.
416 4298 738 4349 xvii—Gall.
781 4298 893 4347 Bib.
929 4298 1061 4347 Patr.
1097 4301 1220 4347 tom.
1250 4300 1316 4348 iv.

256 4380 308 4427 p.
341 4366 450 4413 358.
479 4365 540 4412 A.
567 4363 653 4426 B.]

325 4436 348 4466 Ρ
395 4428 445 4492 [“
462 4427 598 4477 Nam
652 4428 697 4477 si
747 4427 920 4477 Enoch
972 4431 1026 4476 et
1080 4428 1217 4477 Elias
1265 4429 1320 4477 in

263 4491 432 4542 Adam
453 4494 659 4551 mortui,
687 4493 963 4554 mortisque
991 4493 1318 4556 propaginem

260 4558 316 4607 in
348 4572 494 4608 carne
526 4562 807 4621 gestantem
841 4558 974 4620 quod
1002 4557 1231 4606 debitum
1265 4563 1321 4606 ut

1394 2033 1607 2091 solvant,
1639 2032 1912 2082 creduntur
1944 2032 2099 2081 etiam
2139 2030 2353 2080 redituri
2390 2030 2452 2079 ad

1395 2098 1524 2147 hano
1554 2098 1733 2152 vitam,
1755 2100 1820 2156 et,
1846 2096 1986 2162 quod·
2012 2096 2207 2145 tamdiu
2234 2096 2454 2144 dilatum

1395 2167 1487 2219 est,
1520 2161 1913 2211 morituri.”—S.
1938 2164 2068 2223 Aug.
2093 2160 2156 2210 de
2180 2160 2360 2209 Genesi
2391 2160 2456 2208 ad

1399 2227 1498 2276 Lit.
1529 2226 1616 2276 lib.
1643 2227 1711 2275 ix.
1746 2241 1851 2290 cap.
1877 2227 1942 2274 vi.
1980 2232 2024 2286 (ς
2051 2228 2147 2287 11.)
2192 2225 2302 2288 Op„
2332 2230 2458 2273 tom.

1397 2292 1470 2339 iii.
1495 2292 1607 2340 coll.
1632 2294 1741 2341 398.
1773 2290 1834 2339 D.
1861 2293 1972 2350 399,
1999 2293 2060 2339 A.
2119 2290 2261 2338 Alibi
2284 2296 2454 2338 autem

1400 2355 1452 2405 S.
1473 2356 1793 2418 Augustinus
1820 2356 1893 2404 ita
1916 2355 2158 2416 loquitur,
2185 2359 2214 2380 “
2231 2355 2458 2403 Comme-

1399 2424 1563 2469 morat
1599 2457 1609 2468 .
1646 2457 1656 2468 .
1695 2419 2024 2483 Apocalypsis
2057 2419 2298 2482 quosdam
2333 2419 2460 2467 duos

1399 2486 1658 2536 mirabiles
1694 2484 1968 2548 Prophetas
1991 2484 2288 2546 eosdemque
2310 2485 2458 2532 mori-

1402 2555 1554 2610 turoS‚
1570 2555 1622 2600 et
1647 2551 1703 2598 in
1725 2553 1992 2612 conspectu
2017 2548 2281 2597 hominum
2305 2563 2461 2596 resur-

1400 2621 1638 2674 recturos,
1663 2618 1714 2663 et
1748 2628 2037 2663 ascensuros
2059 2612 2123 2662 ad
2148 2613 2426 2661 Dominum
2448 2629 2459 2661 :

1401 2685 1453 2730 et
1492 2680 1852 2740 intelliguntur
1882 2678 1980 2740 ipsi
2015 2677 2187 2726 Enoch
2220 2681 2273 2726 et
2295 2676 2460 2732 Elim

1402 2745 1634 2858 ἓιιειξρνίἕ
1669 2744 1776 2792 illic
1820 2743 2030 2868 nomin?
2043 2756 2232 2856 ὕοι-ὅπη
2271 2746 2465 2855 ἰσω-

1426 2825 1498 2859 ur.
1528 2837 1587 2845 —
1631 2824 1753 2858 erm.
1779 2821 1968 2856 ccxcix.
2106 2843 2116 2855 .
2225 2842 2254 2866 .,
2331 2820 2398 2854 m.
2415 2820 2467 2853 v,

1402 2875 1494 2924 col.
1522 2875 1665 2924 1791.
1692 2873 1777 2936 B.]
2188 2821 2221 2869 p

1469 2947 1492 2978 ‘¹
1532 2938 1700 3002 [Ἰδοὺ
1746 2937 1859 2997 ἐγὼ
1916 2933 2275 2985 ἀποστέλλω
2334 2936 2468 2995 ὑμῖν

1404 3003 1605 3053 Ἠλίαν
1646 3004 1751 3051 τὸν
1793 3000 2109 3059 Θεσβίτην.
2179 3000 2269 3050 Καὶ
2302 2999 2469 3061 σημαί-

1402 3089 1494 3119 νων
1511 3071 1603 3119 τὸν
1623 3068 1796 3130 καιρὸν,
1824 3067 2058 3128 ἐπήγαγε·
2083 3067 2228 3126 Πρὶν
2266 3066 2468 3115 ἐλθεῖν

1400 3136 1513 3193 τὴν
1549 3131 1771 3193 ἡμέραν
1807 3132 2023 3195 Κυρίου
2055 3132 2163 3189 τὴν
2194 3127 2474 3191 μεγάλην

1402 3199 1497 3248 καὶ
1532 3200 1805 3259 ἐπιφανῆ.
1839 3197 1940 3253 Τὴν
1955 3199 2042 3254 τῆς
2060 3194 2283 3258 δευτέρας
2306 3196 2469 3258 ἐπιφα-

1402 3264 1527 3313 νείας
1548 3261 2033 3323 ὦνόμασε.-Τίιεοᾱ.
2053 3261 2246 3309 Comm.
2265 3260 2320 3309 in
2344 3259 2465 3309 Mal.

1401 3329 1467 3377 iv.
1497 3332 1541 3378 5.
1567 3327 1677 3390 Op„
1700 3331 1821 3376 tom.
1847 3328 1900 3375 ii.
1926 3341 1974 3389 p.
2001 3324 2165 3389 1623]

1467 3402 1486 3426 ¹
1520 3392 1675 3457 [Vide
1701 3393 1908 3441 Primus.
1935 3391 2213 3440 Comment.
2236 3390 2292 3438 in
2310 3390 2466 3452 Apoc.

1402 3457 1489 3506 lib.
1512 3458 1582 3505 iii.
1612 3458 1686 3520 (in
1708 3472 1813 3519 cap.
1828 3455 2142 3519 xii.)—Bibl.
2169 3454 2306 3502 Max.
2331 3453 2470 3502 Patr.

1404 3526 1527 3571 tom.
1550 3537 1599 3569 x.
1671 3557 1684 3568 .
1711 3524 1820 3571 315.
1842 3520 1900 3570 Β.
1921 3519 2045 3581 seq]

1470 3595 1487 3616 ¹
1511 3585 1586 3649 [Ἢ
1601 3536 1669 3646 μζ
1707 3584 1868 3646 πρᾶτη
1889 3586 2036 3633 αὐτοῦ
2056 3582 2289 3644 παρουσία
2308 3579 2466 3630 Ἰωάν-

1406 3669 1494 3709 νην
1510 3651 1602 3698 τὸν
1627 3649 1904 3708 Borrae-thr
1926 3647 2033 3709 εἶχε
2060 3646 2339 3710 πρόδρομον·
2361 3646 2391 3703 ἡ
2415 3647 2467 3695 δὲ

1406 3713 1603 3777 δευτέρα
1635 3715 1795 3771 αὐτοῦ,
1818 3716 1870 3762 ἐν
1900 3708 1930 3777 ᾗ
1962 3710 2135 3771 μέλλει
2163 3711 2385 3774 ἔρχεσθαι
2421 3712 2475 3759 ἐν

1406 3777 1533 3843 δόξῃ,
1570 3779 1739 3840 Ἐνὼχ,
1781 3778 1860 3827 καὶ
1903 3778 2088 3834 Ἠλίαν,
2128 3779 2208 3825 καὶ
2251 3773 2474 3834 Ἰωάννην

1406 3845 1495 3893 τὸν
1537 3844 1767 3903 θεόλσγον
1802 3840 2028 3902 ἀναδείξει
2053 3878 2064 3889 .
2091 3876 2103 3888 .
2130 3876 2142 3889 .
2168 3841 2245 3889 καὶ
2287 3842 2470 3902 πληρό-

1406 3928 1542 3960 σουσι
1570 3908 1666 3966 τὴν
1695 3905 1952 3971 μαρτυρίαν
1980 3906 2147 3962 αὐτῶν,
2171 3903 2322 3954 καθείς
2348 3915 2470 3966 φησι

1405 3975 1483 4023 καὶ
1520 3977 1664 4023 τοῦτο
1709 3973 1909 4032 Δανιὴλ,
1949 3971 2252 4034 προεωρακώς
2290 3966 2368 4017 ὅτι
2410 3970 2467 4018 τὸ

1406 4039 1565 4100 θηρίον
1606 4039 1664 4087 τὸ
1707 4038 1962 4093 ἀναβαῖνον
2019 4037 2073 4083 ἐκ
2118 4036 2206 4092 τῆς
2250 4032 2474 4089 ἀβύσσου

1405 4104 1595 4160 ποιήσει
1615 4104 1720 4163 μετ’
1743 4104 1896 4150 αὐτῶν
1914 4096 2145 4159 πόλεμον,
2163 4100 2327 4160 ἤγουν,
2341 4097 2465 4158 μετὰ

1404 4169 1571 4230 Ἑνὼχ,
1606 4166 1762 4225 Ἠλία,
1797 4167 1876 4215 καὶ
1906 4162 2140 4223 Ἰωάννου,
2176 4164 2257 4213 καὶ
2284 4164 2466 4219 νικήσει

1405 4233 1589 4290 αὐτοὺς,
1608 4233 1686 4282 καὶ
1708 4230 1967 4280 ἀποκτενεῖ
1984 4227 2282 4278 carobs—S.
2308 4228 2462 4290 Hipp.

1405 4298 1524 4346 trib.
1570 4298 1660 4347 lib.
1696 4296 1759 4345 de
1804 4295 2093 4344 Consumm.
2141 4292 2319 4341 Mund.
2357 4307 2469 4354 cap.

1406 4363 1512 4411 xxi.
1539 4361 1652 4426 Op„
1674 4366 1796 4410 tom.
1821 4360 1853 4409 i.
1879 4360 2015 4422 App.
2038 4373 2072 4421 p
2111 4395 2120 4405 .
2148 4358 2226 4416 14,
2249 4360 2321 4406 15.
2390 4356 2465 4406 De

1407 4428 1764 4492 praedicatione
1782 4424 1974 4474 Enochi
1999 4428 2050 4471 et
2115 4422 2199 4471 liae
2221 4422 2339 4471 vide
2388 4438 2468 4471 uo·

1409 4508 1505 4556 que
1527 4493 1574 4542 S.
1598 4493 1754 4555 Hipp.
1780 4491 1842 4540 de
1867 4487 2183 4538 Antichristo
2203 4502 2310 4552 cap.
2333 4503 2367 4536 x
2391 4487 2464 4536 iii.

1411 4563 1520 4623 Op„
1542 4563 1662 4608 tom.
1689 4559 1720 4606 i.
1746 4572 1828 4620 pp.
1851 4558 1927 4603 20.
1953 4556 2031 4602 21.

2479 1362 2727 1426 quornm‚]
