3165 4959
380 1481 557 1546 [etism
582 1481 667 1532 ho·

388 1561 509 1595 nore
530 1553 652 1595 tem·

380 1611 581 1675 porsli]

468 3014 593 3076 106

714 321 841 384 138
1341 334 1427 381 AD
1471 333 1853 381 CARDINALIS
1896 331 2294 380 BELLARMINI

708 489 1017 567 attrahat,
1061 496 1254 572 atque
1296 510 1519 554 omnes
1566 489 1650 553 ad
1690 489 2015 552 Diaconos
2059 508 2264 571 usque
2300 487 2669 550 triobolares
2689 485 2739 564 ¹¹,
2770 508 2924 551 cum

707 591 1102 675 paramentis
1150 592 1281 654 suis
1325 591 1615 670 sordidis„
1664 613 1858 675 supra
1898 593 2237 669 Caesurem,
2283 598 2350 654 ct
2383 593 2592 674 Reges
2627 591 2921 667 collocet,

711 697 922 777 Reges
966 701 1205 772 autem,
1251 701 1318 759 et
1364 695 1684 759 Caesarem
1732 694 2080 759 consistere
2124 693 2353 778 jubeat
2403 693 2581 774 iufra
2626 694 2923 756 subsellia

708 797 1161 879 Episcoporum
1181 825 1199 861 .·
1222 805 1407 862 extra
1427 800 1653 862 sedilia
1659 800 2170 880 presbyterorum
2189 822 2210 861 .·
2230 798 2550 880 potandos
2559 805 2710 879 post
2732 799 2921 861 Mar-

710 902 829 964 tim·
844 902 1299 982 presbyterum,
1333 923 1373 964 a
1409 902 1830 983 Chrysostomi
1850 904 2134 966 Diacono
2166 903 2530 966 coercendos
2546 899 2577 964 ἱ.

774 1037 920 1097 Quod
941 1053 1057 1089 vero
1089 1038 1244 1104 [apud
1277 1038 1310 1088 J
1314 1039 1694 1102 urisconsultos]
1729 1039 1833 1090 dici
1863 1040 2007 1100 solet,
2032 1038 2324 1090 Cardinsles
2356 1039 2659 1103 aequiparari
2683 1037 2924 1100 Regibus,

838 1121 902 1170 dc
930 1125 1138 1172 externo
1161 1121 1318 1181 cultu,
1340 1126 1394 1171 et
1415 1121 1604 1173 honore
1635 1122 2031 1185 intelligendum
2054 1122 2269 1172 videtur.
2339 1121 2472 1170 Usus
2503 1122 2642 1170 enim
2676 1120 2923 1178 obtinuit,

838 1209 898 1254 ut
943 1205 1372 1269 quemadmodum
1406 1206 1669 1270 Principes
1713 1220 1889 1255 omnes
1934 1205 2158 1267 Regibus
2201 1203 2402 1263 cedunt,
2437 1204 2510 1252 sic
2547 1203 2704 1252 etiam
2737 1202 2922 1251 cedant

838 1286 1206 1347 cardinalibus,
1239 1293 1292 1336 et
1325 1288 1380 1336 in
1412 1287 1507 1336 hoc
1542 1287 1734 1350 paritas
1765 1286 1999 1350 quaedsm
2032 1301 2139 1336 esse
2172 1283 2606 1347 videtur.—[Bell.
2643 1283 2791 1347 Apol.
2829 1297 2921 1346 pro

840 1367 1010 1432 Resp.]
1034 1384 1081 1432 p.
1099 1371 1177 1418 39.
1202 1367 1338 1432 [Op.,
1358 1371 1481 1417 tom.
1498 1369 1590 1417 vii.
1612 1368 1705 1417 col.
1732 1368 1760 1418 7
1765 1369 1842 1416 26.
1870 1366 1947 1430 C.]

795 1469 907 1546 At,
955 1467 1064 1550 qui
1113 1466 1191 1529 de
1225 1473 1540 1548 potestate
1592 1467 1918 1548 temporali
1964 1471 2262 1541 cesserat,
2309 1464 2390 1527 de
2431 1465 2658 1526 honore
2698 1469 2919 1527 tamen

709 1573 1036 1653 temporali
1083 1592 1216 1634 non
1255 1570 1426 1634 cedit
1469 1571 1646 1653 jam:
1710 1569 1790 1633 de
1840 1590 1965 1651 quo
2017 1569 2488 1650 intelliyendum
2533 1568 2782 1630 videtur
2834 1567 2916 1642 ei,

710 1675 880 1757 quod
912 1674 992 1737 de
1022 1674 1451 1736 Cardinalium
1473 1673 1928 1754 aequipollentia
1952 1670 2219 1734 dixerat.
2297 1670 2538 1734 Mirum
2569 1691 2715 1732 vero
2733 1671 2923 1750 pari-

708 1784 899 1840 tatem
929 1777 1034 1839 hic
1064 1775 1186 1839 sibi
1230 1775 1419 1858 fingit
1435 1800 1454 1851 ;
1502 1796 1756 1857 nempe,
1787 1780 1858 1836 ut
1902 1775 2048 1856 quia
2080 1775 2412 1855 Principes
2439 1774 2667 1855 reliqui
2708 1773 2917 1854 (puta,

707 1879 869 1943 sacri
918 1878 1195 1943 Romani
1244 1878 1511 1961 Imperii
1563 1879 1913 1956 ElectoreS,
1963 1876 2339 1961 reliquique,
2391 1877 2502 1961 qui
2555 1898 2595 1939 a
2646 1876 2921 1958 Reyibus

710 1983 978 2047 secundi
1022 1990 1193 2060 sunt,
1228 1981 1584 2064 Principes)
1620 1983 1715 2044 uti
1748 1983 2020 2064 Reyibus
2064 1982 2308 2060 cedunt,
2342 1982 2565 2045 cedunt
2595 1988 2658 2044 et
2693 1981 2918 2043 Cardi-

706 2086 953 2148 nulibus
970 2113 990 2158 ;
1047 2086 1414 2148 Cardinales
1444 2107 1523 2148 ex
1545 2107 1614 2149 eo
1644 2088 1885 2163 saltem,
1917 2093 1977 2149 et
2006 2087 2227 2169 Reyes,
2269 2088 2535 2169 oequales
2569 2089 2717 2149 sint.
2811 2087 2921 2150 Sic

707 2198 926 2253 autem
956 2190 1087 2268 fiet,
1118 2196 1194 2253 ut
1226 2190 1768 2273 quemadmodum
1806 2192 2072 2254 Comites
2092 2213 2334 2269 omneS,
2353 2191 2452 2254 uti
2478 2189 2919 2253 Cardinalibus

706 2290 965 2370 cedunt,
999 2292 1090 2355 sic
1121 2291 1316 2355 etiam
1356 2292 1596 2358 cedunt
1635 2293 2056 2374 Principibus,
2088 2315 2273 2376 pares
2318 2293 2449 2356 sint
2495 2314 2574 2356 ex
2616 2314 2693 2357 eo
2724 2293 2921 2356 Prin-

706 2396 873 2477 cipes
914 2403 980 2459 et
1017 2396 1405 2474 Cardinates,
1453 2396 1582 2479 qui,
1624 2395 1762 2479 jam
1794 2396 2004 2476 modo,
2045 2398 2337 2478 impares.
2431 2396 2558 2475 Sic,
2592 2395 2742 2481 quia
2783 2398 2916 2459 Ba-

705 2521 889 2564 rones
938 2521 1164 2564 omnes
1210 2501 1450 2564 cedunt
1505 2501 1861 2579 Comitibus,
1907 2502 2166 2585 utrique
2211 2502 2450 2567 cedunt
2495 2502 2916 2584 Principibus,

705 2603 1053 2684 Principes,
1100 2610 1166 2666 et
1214 2604 1479 2666 Comites
1517 2604 1951 2686 parificentur.
2042 2605 2186 2669 Nec
2230 2606 2300 2668 in
2345 2605 2684 2687 Republica
2724 2604 2918 2670 modo

702 2704 861 2769 hoc:
897 2706 1012 2769 sed
1040 2713 1107 2770 et
1135 2706 1202 2769 in
1227 2707 1536 2769 Ecclesia.
1601 2707 1797 2785 Nam,
1824 2706 2362 2790 quemadmodum
2392 2709 2663 2771 Diaconi
2693 2728 2919 2771 omnes

703 2808 1036 2891 Epi-scopis
1083 2810 1344 2887 cedunt,
1394 2811 1488 2873 ita
1530 2810 1725 2874 etiam
1778 2811 2013 2875 cedunt
2058 2810 2489 2894 presbyteris:
2526 2811 2784 2891 paritas
2830 2810 2918 2873 sit

703 2911 877 2975 inter
902 2914 1303 2994 presbyteros
1338 2920 1403 2976 et
1451 2914 1813 2996 Epi-scopos.
1903 2915 2294 2998 Prosequere
2336 2936 2487 2978 vero
2533 2914 2690 2993 haec,
2723 2921 2919 2996 atque

705 3013 1021 3078 descende
1073 3023 1389 3098 quantum
1436 3016 1633 3090 voleS,
1680 3016 1761 3078 ad
1817 3016 2082 3079 Ordines
2129 3017 2338 3080 adhuc
2383 3016 2755 3080 inferiores:
2804 3017 2920 3080 fiet

702 3116 966 3179 tandem
997 3117 1060 3179 vi
1088 3119 1328 3199 regulae
1365 3119 1540 3199 (Quae
1580 3119 1776 3180 eidem
1813 3121 1997 3181 tertio
2045 3122 2310 3201 ‹equales
2342 3125 2507 3196 sunt,
2553 3125 2614 3182 et
2659 3121 2824 3182 inter
2850 3140 2920 3182 se

700 3223 845 3280 sunt
890 3218 1175 3301 ceqnnlia)
1215 3225 1291 3281 ut
1320 3219 1438 3281 imi
1467 3219 1718 3298 mediiS,
1753 3220 1945 3283 medii
1976 3223 2267 3300 summis,
2298 3222 2564 3286 tandem
2597 3230 2815 3285 autem
2848 3230 2918 3285 et

701 3319 818 3382 imi
848 3321 1116 3383 summis
1148 3321 1643 3404 aequiparentur,
1673 3343 1842 3386 nova
1877 3323 1999 3386 hac
2041 3325 2179 3407 ejus
2217 3325 2527 3407 paritate:
2575 3332 2768 3408 atque
2799 3324 2915 3402 ita,

702 3422 1063 3487 cardinalis
1121 3424 1384 3488 tandem
1432 3425 1659 3488 evadat
1710 3426 1781 3488 in
1824 3426 2233 3490 Puritanum.
2324 3427 2559 3509 Neque
2597 3448 2748 3490 vero
2789 3426 2918 3489 hoc

701 3527 875 3607 apud
899 3526 1386 3591 Jurisconsultos
1414 3529 1541 3590 dici
1570 3530 1745 3607 solet,
1772 3529 1897 3592 nisi
1920 3530 2341 3593 Canonistam
2370 3550 2574 3593 unum
2604 3528 2771 3592 forte
2801 3536 2919 3592 aut

701 3629 978 3693 alterum
999 3627 1046 3709 ¹¹,
1082 3631 1518 3694 Cardinalium
1557 3632 1869 3715 parasitos
1893 3660 1912 3710 3
1958 3655 2167 3716 neque
2209 3634 2415 3697 donec
2445 3653 2592 3695 usus
2623 3633 2916 3711 obtinuit,

701 3731 939 3796 abusus
968 3733 1181 3817 potius
1210 3733 1494 3813 inolevit,
1519 3756 1558 3797 a
1576 3736 1864 3819 Regibus
1894 3736 2079 3800 facile
2120 3737 2254 3820 (ubi
2277 3737 2367 3800 sic
2397 3737 2686 3799 animum
2717 3735 2917 3799 habe-

700 3833 889 3917 bunt)
941 3835 1319 3899 abolendus.
1414 3837 1660 3901 Saltem
1706 3860 1984 3921 aequum,
2015 3847 2091 3902 ut
2129 3839 2451 3922 fugientes
2496 3839 2609 3922 qui
2655 3845 2918 3902 secutus

702 3945 799 4001 est
840 3939 1067 4016 honor,
1109 3939 1316 4023 fugiat
1356 3939 1771 4024 insequentes
1793 3968 1812 4020 3
1860 3948 1925 4005 et
1958 3941 2125 4005 sicut
2157 3941 2407 4005 delatus
2439 3948 2538 4005 est
2570 3962 2702 4005 non
2731 3940 2918 4003 avide

700 4041 1169 4124 appetentibuS,
1201 4042 1293 4105 ita
1324 4047 1458 4104 tam
1505 4043 1731 4106 acerbe
1762 4043 2168 4126 exigentibus
2199 4043 2597 4107 detrahatur.
2690 4042 2915 4105 Dixin'

705 4144 952 4225 (lector)
990 4143 1070 4207 ab
1118 4143 1305 4207 initio
1351 4145 1645 4226 lanyuere
1690 4145 2150 4209 Cardinalcm?
2246 4145 2408 4210 Haec
2452 4144 2648 4219 illius,
2688 4144 2917 4205 Censeo

699 4246 1198 4329 distinyuendum
1218 4273 1238 4307 .·
1306 4246 1553 4309 videtur
1602 4248 2068 4328 intelliyendum
2090 4274 2108 4309 .·
2147 4249 2402 4328 paritas
2454 4246 2734 4328 quiedam
2785 4265 2919 4307 esse

763 4415 787 4448 ¹·
820 4417 1465 4481 [Plaut.Poenu1.1.2.168,
1489 4422 1541 4468 et
1564 4417 1757 4468 Erasm.
1876 4417 1934 4496 ‘¹¹
1969 4418 2066 4483 [Dc
2112 4418 2462 4469 cardinalium
2504 4422 2557 4467 et
2612 4431 2799 4495 regum·
2836 4430 2920 4493 ps-

698 4480 975 4607 Aqnfi'idni
984 4481 1163 4607 ἶῗιέτα,
1198 4561 1245 4609 p.
1272 4548 1381 4597 122.
1405 4549 1534 4612 seq.]
1847 4480 2860 4611 ἓξὲξ,ἔῖιοζῗῗὲῗῂῦέιῖοὲῗῗέἓιῖιῗέἰιίιῗ]
2883 4497 2919 4529 ι’
