3165 4959
941 359 1307 406 APOLOGIAM
1352 358 1716 406 nesroxsm.
2367 347 2449 408 '77

205 516 289 578 de
321 516 547 597 Regno
594 516 912 596 deponere,
945 517 1007 577 2.
1056 515 1379 596 Principis
1410 515 1485 576 de
1526 515 1732 595 Reyno
1764 513 2086 594 disponere
2113 513 2408 582 moliatur
2427 542 2446 577 .·

207 622 271 683 3.
335 619 555 680 Cuivis
585 618 905 686 invadenti
937 618 1199 704 objicere
1230 638 1451 699 corpvs
1479 638 1656 680 suum
1678 644 1698 687 ,·
1745 620 1809 679 4.
1851 617 1913 682 Α
1933 617 2070 704 fide
2099 618 2166 686 in
2196 617 2447 688 Princi-

195 744 359 803 pem
406 722 722 784 exsolvere
766 722 927 783 nolle
955 742 1041 798 se,
1073 723 1172 784 vel
1199 742 1238 782 a
1269 741 1571 802 quoquam
1620 721 1893 788 exsolvi;
1944 723 2004 791 5,
2053 719 2201 782 Non
2231 726 2449 788 eontra

210 825 458 906 Regem
489 826 747 888 loricam
777 824 1030 887 induere
1049 851 1069 892 .·
1118 827 1178 887 6.
1240 824 1377 893 Vim
1409 823 1486 886 ab
1532 824 1703 892 illius
1731 843 2003 904 persona
2031 824 2406 904 propulsare
2429 851 2448 888 .-

214 931 277 991 7.
340 928 606 990 Tonitru
653 926 985 1008 Pontificio
1046 948 1356 1008 nunquam
1414 927 1508 988 ita
1568 927 1899 996 attonitum
1941 926 2113 1008 fleri,
2176 927 2325 1007 quin
2381 932 2451 991 ut

200 1036 460 1112 perstet
517 1032 586 1092 in
638 1030 835 1114 officio
858 1058 877 1091 ,ν
941 1032 1001 1100 8.
1057 1030 1379 1109 Coronam,
1417 1049 1752 1112 personam
1804 1029 2125 1118 Principis
2171 1035 2407 1096 tutet-ur
2427 1057 2446 1094 .-

215 1138 281 1197 9.
351 1133 759 1196 Perditorum
806 1134 1030 1196 civium
1089 1134 1576 1215 conspirationes
1635 1133 1894 1218 efferat:
1974 1135 2076 1202 10.
2138 1134 2450 1197 Christum

218 1237 486 1300 Domini
534 1259 573 1299 a
627 1257 931 1326 quoquam
983 1237 1183 1299 occidi
1228 1257 1435 1317 posse,
1485 1234 1661 1317 nefas
1696 1242 1877 1317 putet
1900 1265 1917 1299 :
1981 1239 2074 1301 ita
2133 1237 2327 1318 nefas,
2380 1244 2451 1301 ut

222 1342 442 1402 insons
469 1339 687 1402 haberi
733 1345 1011 1420 nequeat,
1044 1340 1149 1421 qui
1198 1344 1387 1402 tentet
1428 1340 1608 1402 modo
1659 1340 2019 1431 (quicunque
2055 1340 2303 1408 tandem
2338 1342 2452 1402 hoc

204 1443 484 1525 jusserit
506 1443 550 1523 .·)
608 1443 784 1525 quin,
817 1463 967 1514 eum
1003 1443 1113 1531 qui
1149 1443 1434 1526 jusserit,
1471 1443 1630 1523 (sive
1676 1442 2010 1516 Comensis
2055 1442 2453 1506 cardinalisc

224 1545 448 1622 fuerit,
474 1546 603 1608 sive
626 1544 925 1617 Pontifex
959 1543 1238 1628 Sixtusd)
1268 1546 1514 1608 intimis
1546 1545 1748 1607 animi
1778 1545 2069 1611 sensibus
2100 1554 2451 1616 execretur.

226 1649 315 1711 In
341 1648 660 1729 fidelitate
704 1648 842 1720 haec
888 1647 1104 1718 omnia
1147 1647 1406 1713 insunt:
1468 1648 1600 1710 imo
1630 1648 2006 1730 fidelitatem
2050 1648 2453 1718 constituunt

225 1753 405 1815 haec:
455 1753 837 1836 cujusquam
882 1750 982 1820 vel
1021 1752 1103 1829 vi,
1151 1750 1251 1814 vel
1293 1750 1541 1826 fraude,
1590 1750 1805 1813 divelli
1853 1751 1933 1814 ab
1983 1772 2059 1814 ea
2097 1760 2449 1835 nequeunt.

229 1856 384 1920 Quo
445 1839 753 1918 caventur
816 1854 973 1931 haec,
1034 1854 1465 1916 Juramentum
1507 1855 1848 1936 fidelitatis
1909 1854 2049 1932 erit,
2112 1863 2303 1937 atque
2362 1855 2448 1933 id,

228 1959 647 2042 quantumvis
709 1957 1098 2028 reclamante
1151 1979 1285 2029 non
1342 1979 1476 2028 uno
1536 1957 1727 2021 modo
1782 1957 2142 2037 Cardinale,
2199 1958 2312 2022 sed
2371 1960 2451 2041 (si

228 2062 391 2124 velis
422 2063 639 2136 etiam)
681 2069 822 2129 toto
855 2062 1078 2132 Romae
1111 2060 1525 2130 ConsistoriO.
1601 2060 1912 2129 Subditus
1944 2061 2149 2131 fidelis
2181 2083 2312 2125 non
2345 2063 2450 2140 sit,

230 2165 345 2248 qui
392 2165 556 2228 nolit
607 2165 767 2242 haec,
814 2166 985 2247 (cum
1034 2165 1127 2226 ita
1171 2166 1354 2249 opus)
1408 2171 1709 2247 praestare
1729 2189 1746 2240 3
1804 2164 1913 2247 qui
1970 2166 2250 2247 (interim
2298 2165 2454 2238 dum

229 2269 418 2350 opus)
457 2268 745 2351 profiteri
787 2268 965 2346 nolit,
998 2267 1161 2331 nolit
1192 2268 1554 2351 sponsione,
1588 2268 1782 2331 etiam
1817 2268 2181 2331 Jaramento
2213 2290 2452 2346 cavere,

231 2393 304 2434 se
359 2371 895 2455 praestituturum,
1007 2372 1163 2434 Non
1214 2371 1299 2433 sit
1351 2370 1660 2454 (inquam)
1717 2371 1943 2450 fidelis,
1992 2373 2123 2435 imo
2173 2373 2455 2455 perfidus

230 2475 337 2553 sit,
383 2475 515 2559 qui,
546 2473 667 2552 vel,
706 2496 853 2537 cum
893 2475 1093 2561 jurat,
1141 2482 1427 2541 mentem
1468 2474 1821 2558 injuratam
1867 2484 2127 2565 gerat03
2177 2476 2298 2552 vel,
2342 2475 2455 2539 ubi

223 2580 563 2664 juraverit,
598 2579 837 2662 ejerare
869 2600 938 2641 se
966 2599 1150 2661 posse
1180 2586 1385 2670 putet,
1417 2577 1518 2642 vel
1548 2600 1720 2648 nexu
1753 2580 2106 2663 Religionis
2135 2581 2389 2652 exsolvi.

321 2683 573 2746 Excrea
610 2703 760 2745 vero
807 2682 1023 2759 semel,
1062 2682 1270 2749 virum
1306 2688 1372 2744 te
1411 2690 1683 2764 praesta3
1729 2703 1913 2764 nega,
1930 2683 2269 2764 fidelitatis
2313 2683 2452 2746 haec
2481 2697 2765 2762 [Quantum

233 2807 392 2865 esse,
408 2786 785 2869 fidelitatem
813 2807 891 2848 ex
918 2785 1022 2848 his
1054 2793 1367 2863 constare,
1393 2792 1506 2847 aut
1538 2784 1675 2847 sine
1697 2784 1799 2847 his
1832 2785 2216 2850 consistere:
2263 2806 2450 2868 nega,

2478 2762 2576 2810 sibi
2600 2763 2766 2810 vindi-

2480 2833 2560 2875 cet
2591 2826 2754 2875 Ponti-

235 2889 339 2952 vel
378 2889 446 2952 id
459 2889 799 2971 fidelitatis
810 2889 1237 2976 juramentum
1265 2887 1485 2965 fuisse,
1520 2909 1646 2970 quo
1689 2887 1825 2950 haec
1866 2888 2092 2966 solum,
2124 2909 2243 2952 nec
2275 2889 2449 2971 quic·
2478 2891 2608 2955 ὦκ’]

240 3014 434 3076 quam
464 2998 698 3076 praeter
726 2992 884 3070 haec,
918 2991 1211 3074 exigitur,
1308 2991 1377 3053 Si
1419 2990 1556 3061 haec
1597 2991 1819 3073 jurare
1867 2998 2144 3064 renuant
2186 2991 2446 3068 subditi,

238 3095 386 3157 laxa
414 3117 522 3159 eos
562 3102 626 3158 et
662 3092 907 3157 lubrica
938 3094 1063 3157 fide
1101 3116 1233 3157 non
1262 3093 1433 3167 fore:
1483 3094 1537 3156 si
1567 3094 1713 3159 laxa
1752 3107 1817 3157 et
1855 3094 2102 3158 lubrica
2130 3096 2256 3167 fide
2298 3096 2447 3160 sub-

241 3198 360 3260 diti
407 3199 558 3276 sint,
596 3198 652 3260 si
698 3198 912 3261 stabili
959 3207 1025 3263 et
1073 3198 1449 3263 inconcussa
1487 3219 1620 3268 non
1664 3198 1814 3277 sint,
1847 3220 2216 3267 communem
2254 3200 2325 3264 in
2373 3221 2449 3269 eo

242 3302 634 3383 Principum,
667 3310 733 3364 et
764 3301 1145 3383 dignitatem
1187 3309 1251 3364 et
1283 3300 1575 3380 salntem,
1609 3323 1743 3372 non
1774 3303 2150 3386 periclitariz
2200 3304 2254 3367 si
2284 3304 2448 3388 peri-

240 3404 548 3466 clitentur
574 3404 731 3483 haec,
764 3425 1023 3466 causam
1055 3424 1425 3474 communem
1455 3425 1587 3467 non
1619 3405 1738 3491 agi.
1831 3406 1999 3476 Fieri
2031 3407 2288 3499 quidem
2317 3429 2450 3478 non

241 3506 474 3570 debere
530 3507 670 3569 haec
729 3514 1006 3582 temere3
1078 3505 1193 3569 scd
1244 3507 1380 3569 fieri
1438 3514 1680 3587 tamen,
1735 3509 1787 3570 si
1837 3509 1990 3572 velit
2042 3509 2270 3592 jubeat
2327 3509 2451 3579 hoc

242 3609 579 3675 Pontifex:
627 3631 769 3673 eam
797 3610 927 3673 vim
957 3631 1096 3673 esse
1132 3608 1419 3673 fulminis
1453 3610 1794 3688 Pontificii,
1825 3618 1900 3673 ut
1913 3612 2057 3693 filio
2085 3619 2230 3693 post
2267 3611 2449 3689 illud,

230 3720 481 3794 patrem
526 3734 648 3776 non
692 3711 1025 3776 honorares
1052 3713 1185 3791 fas;
1232 3712 1511 3791 subdito,
1548 3733 1681 3795 quoe
1717 3714 1981 3774 Ccesaris
2019 3719 2182 3791 sunt,
2221 3713 2454 3774 Caesari

242 3839 359 3881 non
418 3817 680 3880 reddere
698 3827 741 3880 2.
835 3816 1135 3880 Admone
1192 3837 1361 3895 vern,
1422 3798 1563 3894 hic,
1598 3838 1804 3879 unum
1864 3816 2139 3899 aliquem
2200 3815 2316 3879 sibi
2378 3825 2453 3879 ut

242 3928 483 3999 caveat,
533 3920 813 4004 reliquos
862 3941 1085 3984 omnes
1125 3920 1286 4004 jube
1343 3926 1419 3982 ut
1480 3920 1686 3982 securi
1748 3919 1898 3982 sint.
1991 3919 2174 3982 Nihil
2219 3920 2355 4002 agis
2401 3920 2451 3982 si

234 4025 534 4109 jusseris3
599 4044 733 4086 non
787 4023 1050 4086 audient
1102 4023 1466 4107 jubentem,
1514 4045 1649 4087 non
1709 4021 1941 4093 obtusa
1987 4023 2145 4086 adeo
2198 4031 2453 4106 gestant

242 4125 547 4211 pectorah
597 4128 812 4191 Caesar
851 4132 916 4189 et
965 4127 1315 4209 Principes»,
1358 4134 1436 4188 ut
1467 4126 1864 4209 fidelitatem,
1908 4131 1984 4189 ut
2023 4127 2453 4196 Juramentum

321 4280 343 4303 ‘
385 4272 551 4337 [vide
596 4270 844 4322 camdeni
890 4270 1001 4329 Rer,
1044 4271 1199 4334 Angl.
1247 4276 1300 4322 et
1453 4270 1475 4307 ‘⁸
1514 4272 1677 4335 [Vide
1718 4270 1955 4325 Oamden.
1993 4272 2180 4328 Annah
2225 4272 2287 4323 ad
2334 4289 2451 4327 anu⁴

246 4337 457 4387 Hibern.
511 4337 737 4386 Annales
787 4351 926 4398 regn.
989 4336 1174 4385 Elisab.
1232 4337 1297 4385 ad
1390 4340 1531 4387 1588.
1559 4352 1664 4401 par.
1689 4337 1761 4385 iii.
1787 4352 1837 4399 p.
1858 4336 1995 4400 5172]

243 4418 359 4452 ann.
384 4405 528 4453 1585.
554 4417 660 4465 par.
680 4401 754 4460 iii,
791 4416 838 4464 p.
870 4403 980 4450 393.
1008 4400 1166 4464 Lugd.
1195 4401 1305 4451 Bat.
1461 4411 1481 4434 θ
1550 4403 1649 4451 Cic.
1675 4401 1737 4450 de
1762 4401 1858 4451 Off.
1882 4403 1954 4460 iii,
1980 4400 2081 4465 29.]

245 4471 404 4528 1639„
437 4474 491 4518 et
525 4467 794 4523 Actionem
833 4465 888 4514 in
923 4464 1036 4518 Gul.
1076 4467 1306 4515 Parrium
1460 4466 1475 4497 ¹
1544 4466 1688 4515 Matt„
1713 4482 1793 4516 xv.
1819 4466 1891 4529 6.]

242 4534 372 4597 apud
394 4538 408 4559 ‘
423 4534 565 4591 State
582 4531 776 4588 'friam’
793 4534 912 4581 lom.
930 4529 961 4580 i.
977 4546 1029 4601 p.
1047 4533 1124 4581 25.
1148 4531 1304 4589 hond,
1459 4540 1483 4572 Ι
1552 4531 1696 4580 Matt.
1721 4533 1845 4584 xxii.
1871 4532 1978 4595 21.]

244 4598 407 4663 1730]
1459 4595 1481 4628 ¹¹
1552 4596 1682 4653 Vide
1701 4597 1844 4661 Virg.
1870 4598 1980 4656 AEn.
2003 4598 2036 4647 i.
2061 4599 2200 4664 562]
