3165 4959
747 1158 752 1163 ⁴
782 1161 888 1224 An
932 1163 1154 1225 CAPUT
1198 1163 1853 1240 Dncmmqufflmm.

205 1375 489 1426 Excutitur
519 1380 770 1441 peroratio
793 1379 958 1443 Regis.
968 1379 1174 1445 —[Bell.
1200 1380 1349 1445 Apol.
1373 1397 1463 1445 pro
1487 1381 1634 1445 Resp.
1674 1380 1787 1446 Op„
1823 1388 1945 1431 tom.
1965 1382 2050 1431 vii.
2087 1382 2179 1432 col.
2206 1384 2316 1431 806.
2345 1378 2423 1445 0.]

413 1486 418 1489 ’
841 1493 1218 1575 Defenditur
1233 1498 1557 1577 peroratio
1587 1497 1799 1579 Reyis.

283 1900 502 1950 Videtur
521 1937 534 1950 .
561 1937 573 1949 .
598 1901 905 1965 (admonitio
926 1903 1034 1967 ills)
1058 1904 1213 1953 saeris
1236 1904 1528 1966 Evangeliis
1551 1919 1754 1968 prorsus
1787 1918 1893 1953 esse
1923 1904 2191 1954 sonti-aria.
2259 1903 2423 1955 Chris-

343 1987 430 2031 tus
470 1984 610 2032 enim
648 1985 705 2033 in
744 1983 1021 2047 Evangelio
1056 2000 1306 2047 nusquam
1339 1985 1600 2050 Principes
1643 1986 1818 2035 saeculi
1858 1984 2090 2035 vicarios
2133 1999 2249 2035 suos
2287 1987 2423 2047 facit,

345 2078 592 2127 nusquam
612 2065 718 2115 illis
733 2066 942 2116 mandat
955 2067 1216 2130 Evangelii
1237 2068 1618 2131 plantationem,
1634 2068 1715 2117 vel
1732 2068 2162 2132 propagationem,
2177 2082 2424 2131 nusquam

346 2145 634 2197 libertatem
655 2148 970 2212 spiritualem
992 2164 1109 2198 eum
1130 2150 1399 2214 temporali
1423 2150 1706 2214 conjungit,
1729 2154 1789 2199 ut
1812 2185 1825 2198 .
1848 2186 1860 2199 .
1885 2185 1897 2198 .
1922 2149 2176 2213 principes
2197 2150 2346 2199 liberi
2368 2151 2425 2198 in

345 2230 724 2291 temporalibus,
759 2230 908 2280 liberi
938 2231 1043 2280 sint
1064 2232 1219 2280 etiam
1248 2232 1303 2281 in
1338 2232 1931 2297 spiritualibus—[Bell.
1959 2232 2107 2295 Apol.
2132 2247 2224 2296 pro
2244 2230 2421 2295 Resp.]

345 2322 393 2371 p.
423 2310 531 2359 182.
559 2309 699 2373 [Op.,
720 2314 843 2360 tom.
866 2312 956 2361 vii.
980 2310 1070 2360 col.
1096 2312 1207 2363 807.
1231 2311 1317 2375 A.]

305 2425 617 2490 Perorare
659 2427 824 2511 Regi
865 2427 1071 2491 visum
1112 2428 1194 2493 ad
1239 2428 1586 2512 Principes,
1618 2427 1696 2491 de
1727 2448 2024 2492 concessa
2066 2427 2158 2491 eis
2199 2449 2238 2491 a
2281 2429 2422 2492 Deo
2482 2441 2639 2504 Reges

204 2529 514 2593 libertate
543 2531 611 2593 in
643 2552 982 2596 commune
1010 2533 1411 2597 vindicanda.
1483 2532 1638 2610 Ubi,
1672 2532 1751 2595 de
1779 2532 2113 2614 Evanqelii
2142 2532 2422 2615 primum
2448 2508 2730 2635 wiffrffl]

190 2636 676 2716 propayatione,
719 2644 1024 2719 tanquam
1055 2637 1177 2698 Dei
1219 2637 1519 2715 Vicarios,
1565 2636 1864 2700 hortatur
1914 2637 2077 2699 serio
2118 2634 2420 2719 cogitare.

207 2737 303 2801 Et
334 2738 581 2802 nihilne
609 2747 906 2821 praestare
935 2747 1240 2803 tenentur
1289 2741 1498 2822 Reges
1539 2740 1621 2802 ad
1654 2741 2174 2821 propayationem
2203 2739 2421 2802 Evan-

197 2842 361 2925 9elii
381 2844 415 2904 ,ἲ
503 2843 835 2906 Reclamat
881 2844 1257 2922 CardinaliS,
1309 2845 1528 2907 Sacris
1585 2843 1951 2924 Evanqeliis
2010 2844 2413 2905 contrariam.

209 2944 544 3027 Nusquam
574 2946 736 3008 enim
765 2948 831 3008 in
860 2947 1202 3028 Evanyelio
1231 2947 1432 3028 Reyes
1471 2947 1778 3028 appellari
1820 2946 2104 3009 Vicarios
2140 2946 2376 3008 Christi
2400 2974 2419 3008 .-

208 3070 521 3130 nusquam
568 3049 858 3111 mandari
905 3050 1034 3113 illis
1072 3050 1404 3132 Evanyelii
1441 3049 1977 3132 propayationem,
2024 3070 2327 3131 nusquam
2356 3057 2427 3113 ut

210 3151 565 3214 libertatem
609 3153 997 3233 spiritualem
1042 3174 1177 3216 cum
1223 3154 1548 3234 temporali
1598 3153 1974 3234 conjunyant
1997 3180 2015 3214 :
2075 3159 2164 3230 ut,
2208 3154 2315 3235 qui
2358 3154 2427 3216 in

211 3256 656 3338 temporalibus
704 3264 868 3334 sunt,
921 3258 989 3320 in
1028 3256 1461 3338 spiritualibus
1512 3278 1749 3339 quoque
1800 3259 1927 3320 sint
1975 3257 2172 3321 liberi.
2266 3258 2423 3338 Ubi,

211 3361 434 3444 inepte
463 3360 673 3444 primo
703 3382 839 3424 rem
868 3369 1119 3425 revocat
1150 3360 1229 3424 ad
1259 3361 1630 3443 Evangelia,
1663 3360 2028 3444 Evangeliis
2057 3362 2208 3444 ipsis
2237 3361 2427 3446 longe
2541 3361 2663 3422 321

213 3463 680 3546 antiquiorem:
713 3463 830 3527 sub
862 3464 1035 3547 Lege
1064 3463 1369 3546 (scilicet,)
1399 3471 1463 3527 et
1485 3465 1842 3547 Prophetis,
1875 3465 1987 3527 diu
2017 3475 2167 3528 ante
2197 3466 2433 3548 scripta

213 3565 585 3648 Evangelia,
619 3566 946 3630 sancitam.
1040 3566 1324 3650 Regibus
1372 3567 1564 3646 enim,
1600 3575 1664 3630 et
1693 3567 1871 3630 tituli
1901 3567 2056 3644 dati,
2089 3574 2155 3631 et
2194 3589 2430 3632 munus

214 3669 578 3748 definitum,
639 3670 846 3732 multo
908 3676 1057 3733 ante
1118 3691 1310 3753 quam
1360 3670 1713 3752 Evangelia
1770 3669 2214 3734 scriberentur.
2314 3672 2429 3749 Ut,

214 3773 478 3836 tametsi
505 3781 808 3836 neutrum
839 3779 1043 3838 exstet
1073 3773 1145 3836 in
1173 3774 1544 3858 Evangelio,
1572 3782 1822 3837 constet
1851 3782 2104 3837 tamen:
2130 3776 2428 3839 'multum

216 3884 435 3938 autem
467 3875 650 3951 absit,
681 3883 755 3938 ut
789 3877 980 3959 (quod
1005 3877 1364 3940 cardinalis
1396 3877 1507 3957 ait)
1544 3877 1891 3960 Evanyelio
1920 3879 2005 3940 sit
2028 3881 2430 3942 contrarium.

214 3977 420 4042 Aliud
464 3979 657 4058 enim,
690 3980 758 4041 in
788 3979 1132 4062 Evanyelio
1178 4003 1301 4044 non
1347 4002 1516 4054 esse,·
1565 3982 1759 4060 aliud,
1792 3983 2136 4064 Evanyelio
2184 3989 2431 4045 contra·

213 4083 384 4144 rium
435 4103 584 4145 esse.
677 4084 1008 4147 Permulta
1064 4084 1135 4147 in
1187 4085 1414 4148 Veteri
1473 4086 1886 4148 Testamento
1945 4092 2117 4163 sunt,
2165 4106 2304 4168 quae
2362 4085 2433 4147 in

215 4185 586 4269 Evangeliis
631 4208 765 4250 non
809 4188 1107 4271 reperias,
1139 4209 1259 4251 nec
1295 4188 1406 4251 illa
1434 4195 1655 4253 tamen
1686 4188 2051 4270 Evangeliis
2092 4189 2431 4251 contraria.

217 4289 431 4372 Legas
489 4291 558 4353 in
611 4291 807 4374 Lege,
870 4293 1037 4355 Deos
1056 4301 1100 4368 ⁸,
1161 4313 1393 4375 nempe
1452 4292 1657 4355 vicem
1718 4292 1847 4356 Dei
1899 4298 2215 4374 gerentes,
2262 4291 2437 4374 legas

224 4394 510 4455 Christos
562 4395 820 4457 Domini
842 4393 868 4432 ¹²
917 4402 984 4458 et
1037 4396 1341 4458 Pastores
1391 4396 1630 4476 populi.
1724 4394 1868 4457 Nee
1930 4393 2257 4476 abrogavit
2312 4394 2439 4457 illis

283 4551 304 4572 ¹
339 4542 441 4607 [Ps.
468 4542 650 4593 lxxxii.
677 4543 746 4607 6.]
1447 4543 1470 4574 “’
1506 4545 1551 4608 [1
1581 4546 1716 4596 Sam.
1742 4546 1822 4596 (al.
1844 4544 1986 4609 Reg.)
2011 4546 2150 4595 xxiv.
2175 4544 2242 4608 6.]
