<?xml version="1.0" encoding="UTF-8"?>
<!DOCTYPE html PUBLIC "-//W3C//DTD XHTML 1.0 Transitional//EN"
    "http://www.w3.org/TR/xhtml1/DTD/xhtml1-transitional.dtd">
<html xmlns="http://www.w3.org/1999/xhtml" xml:lang="en" lang="en">
 <head>
  <title>
</title>
<meta http-equiv="Content-Type" content="text/html;charset=utf-8" />
  <meta name='ocr-system' content='tesseract 3.04.00' />
  <meta name='ocr-capabilities' content='ocr_page ocr_carea ocr_par ocr_line ocrx_word'/>
</head>
<body>
  <div class='ocr_page' id='page_1' title='image "./responsioadapol01andrgoog_0256.png"; bbox 0 0 3165 4959; ppageno 0'>
   <div class='ocr_carea' id='block_1_1' title="bbox 464 1840 592 1902">
    <p class='ocr_par' dir='ltr' id='par_1_1' title="bbox 464 1840 592 1902">
     <span class='ocr_line' id='line_1_1' title="bbox 464 1840 592 1902; baseline 0 -1"><span class='ocrx_word' id='word_1_1' title='bbox 464 1840 592 1902; x_wconf 84' lang='lat'><strong><em>164</em></strong></span> 
     </span>
    </p>
   </div>
   <div class='ocr_carea' id='block_1_2' title="bbox 368 2687 673 2813">
    <p class='ocr_par' dir='ltr' id='par_1_2' title="bbox 368 2687 673 2813">
     <span class='ocr_line' id='line_1_2' title="bbox 375 2687 647 2748; baseline 0.004 -13"><span class='ocrx_word' id='word_1_2' title='bbox 375 2687 462 2748; x_wconf 85' lang='lat' dir='ltr'><strong><em>[ln</em></strong></span> <span class='ocrx_word' id='word_1_3' title='bbox 489 2692 647 2736; x_wconf 78' lang='lat' dir='ltr'><strong><em>extre-</em></strong></span> 
     </span>
     <span class='ocr_line' id='line_1_3' title="bbox 368 2751 673 2813; baseline 0.01 -14"><span class='ocrx_word' id='word_1_4' title='bbox 368 2766 453 2799; x_wconf 86' lang='lat' dir='ltr'><strong><em>mo</em></strong></span> <span class='ocrx_word' id='word_1_5' title='bbox 476 2751 673 2813; x_wconf 87' lang='lat' dir='ltr'><strong><em>judicio</em></strong></span> 
     </span>
    </p>
   </div>
   <div class='ocr_carea' id='block_1_3' title="bbox 717 327 2302 394">
    <p class='ocr_par' dir='ltr' id='par_1_3' title="bbox 717 327 2302 394">
     <span class='ocr_line' id='line_1_4' title="bbox 717 327 2302 394; baseline 0.002 -4"><span class='ocrx_word' id='word_1_6' title='bbox 717 327 846 390; x_wconf 82' lang='lat'><strong><em>220</em></strong></span> <span class='ocrx_word' id='word_1_7' title='bbox 1346 345 1432 393; x_wconf 80' lang='lat' dir='ltr'><strong><em>AD</em></strong></span> <span class='ocrx_word' id='word_1_8' title='bbox 1476 345 1859 394; x_wconf 67' lang='lat' dir='ltr'><strong><em>cmmmus</em></strong></span> <span class='ocrx_word' id='word_1_9' title='bbox 1901 344 2302 393; x_wconf 64' lang='lat' dir='ltr'><strong><em>mmmm</em></strong></span> 
     </span>
    </p>
   </div>
   <div class='ocr_carea' id='block_1_4' title="bbox 697 498 2922 2311">
    <p class='ocr_par' dir='ltr' id='par_1_4' title="bbox 697 498 2922 2311">
     <span class='ocr_line' id='line_1_5' title="bbox 704 498 2919 582; baseline 0 -21"><span class='ocrx_word' id='word_1_10' title='bbox 704 498 961 562; x_wconf 79' lang='lat' dir='ltr'><strong><em>Niceno.</em></strong></span> <span class='ocrx_word' id='word_1_11' title='bbox 1052 498 1456 561; x_wconf 83' lang='lat' dir='ltr'><strong><em>Reddendam</em></strong></span> <span class='ocrx_word' id='word_1_12' title='bbox 1485 519 1739 582; x_wconf 91' lang='lat' dir='ltr'><strong><em>quoque</em></strong></span> <span class='ocrx_word' id='word_1_13' title='bbox 1771 498 1851 562; x_wconf 91' lang='lat' dir='ltr'><strong><em>de</em></strong></span> <span class='ocrx_word' id='word_1_14' title='bbox 1865 498 2074 580; x_wconf 88' lang='lat' dir='ltr'><strong><em>factis</em></strong></span> <span class='ocrx_word' id='word_1_15' title='bbox 2102 500 2411 562; x_wconf 81' lang='lat' dir='ltr'><strong><em>rationem</em></strong></span> <span class='ocrx_word' id='word_1_16' title='bbox 2440 523 2458 560; x_wconf 89' lang='lat'><em>:</em></span> <span class='ocrx_word' id='word_1_17' title='bbox 2511 519 2643 562; x_wconf 90' lang='lat' dir='ltr'><strong><em>non</em></strong></span> <span class='ocrx_word' id='word_1_18' title='bbox 2670 504 2919 575; x_wconf 85' lang='lat' dir='ltr'><strong><em>tamen,</em></strong></span> 
     </span>
     <span class='ocr_line' id='line_1_6' title="bbox 706 600 2920 684; baseline 0.001 -22"><span class='ocrx_word' id='word_1_19' title='bbox 706 601 958 683; x_wconf 90' lang='lat' dir='ltr'><strong><em>qualem</em></strong></span> <span class='ocrx_word' id='word_1_20' title='bbox 1006 600 1364 664; x_wconf 84' lang='lat' dir='ltr'><strong><em>Cardinalis</em></strong></span> <span class='ocrx_word' id='word_1_21' title='bbox 1407 602 1514 665; x_wconf 89' lang='lat' dir='ltr'><strong><em>hic</em></strong></span> <span class='ocrx_word' id='word_1_22' title='bbox 1555 601 1813 665; x_wconf 88' lang='lat' dir='ltr'><strong><em>videtur</em></strong></span> <span class='ocrx_word' id='word_1_23' title='bbox 1856 601 2261 676; x_wconf 82' lang='lat' dir='ltr'><strong><em>redditurus;</em></strong></span> <span class='ocrx_word' id='word_1_24' title='bbox 2328 602 2438 684; x_wconf 83' lang='lat' dir='ltr'><strong><em>qui</em></strong></span> <span class='ocrx_word' id='word_1_25' title='bbox 2482 622 2616 665; x_wconf 88' lang='lat' dir='ltr'><strong><em>non</em></strong></span> <span class='ocrx_word' id='word_1_26' title='bbox 2660 623 2920 684; x_wconf 85' lang='lat' dir='ltr'><strong><em>compa-</em></strong></span> 
     </span>
     <span class='ocr_line' id='line_1_7' title="bbox 702 702 2922 786; baseline 0.001 -21"><span class='ocrx_word' id='word_1_27' title='bbox 702 702 873 766; x_wconf 89' lang='lat' dir='ltr'><strong><em>rebit</em></strong></span> <span class='ocrx_word' id='word_1_28' title='bbox 912 703 1182 786; x_wconf 87' lang='lat' dir='ltr'>(opinor)</span> <span class='ocrx_word' id='word_1_29' title='bbox 1212 724 1359 767; x_wconf 89' lang='lat' dir='ltr'><strong><em>cum</em></strong></span> <span class='ocrx_word' id='word_1_30' title='bbox 1393 725 1511 767; x_wconf 89' lang='lat' dir='ltr'><strong><em>sua</em></strong></span> <span class='ocrx_word' id='word_1_31' title='bbox 1537 704 1660 767; x_wconf 84' lang='lat' dir='ltr'><strong><em>hac</em></strong></span> <span class='ocrx_word' id='word_1_32' title='bbox 1689 703 2059 786; x_wconf 84' lang='lat' dir='ltr'><strong><em>Theologia,</em></strong></span> <span class='ocrx_word' id='word_1_33' title='bbox 2090 704 2160 766; x_wconf 89' lang='lat' dir='ltr'><strong><em>in</em></strong></span> <span class='ocrx_word' id='word_1_34' title='bbox 2193 705 2235 766; x_wconf 89' lang='lat' dir='ltr'><strong>J</strong></span> <span class='ocrx_word' id='word_1_35' title='bbox 2237 704 2451 768; x_wconf 91' lang='lat' dir='ltr'><strong><em>udicio</em></strong></span> <span class='ocrx_word' id='word_1_36' title='bbox 2479 705 2748 769; x_wconf 88' lang='lat' dir='ltr'><strong><em>ultimo:</em></strong></span> <span class='ocrx_word' id='word_1_37' title='bbox 2797 725 2922 768; x_wconf 89' lang='lat' dir='ltr'><strong><em>nec</em></strong></span> 
     </span>
     <span class='ocr_line' id='line_1_8' title="bbox 705 804 2919 889; baseline 0 -22"><span class='ocrx_word' id='word_1_38' title='bbox 705 804 994 869; x_wconf 89' lang='lat' dir='ltr'><strong><em>dicturus</em></strong></span> <span class='ocrx_word' id='word_1_39' title='bbox 1023 806 1150 883; x_wconf 83' lang='lat' dir='ltr'><strong><em>ibi3</em></strong></span> <span class='ocrx_word' id='word_1_40' title='bbox 1199 811 1219 840; x_wconf 86' lang='lat'><em>‘</em></span> <span class='ocrx_word' id='word_1_41' title='bbox 1237 808 1341 870; x_wconf 89' lang='lat' dir='ltr'><strong><em>En</em></strong></span> <span class='ocrx_word' id='word_1_42' title='bbox 1372 827 1623 888; x_wconf 81' lang='lat' dir='ltr'><strong><em>operum</em></strong></span> <span class='ocrx_word' id='word_1_43' title='bbox 1651 827 1923 869; x_wconf 78' lang='lat' dir='ltr'><strong><em>meorum</em></strong></span> <span class='ocrx_word' id='word_1_44' title='bbox 1952 807 2198 883; x_wconf 85' lang='lat' dir='ltr'><strong><em>merita,</em></strong></span> <span class='ocrx_word' id='word_1_45' title='bbox 2231 807 2337 869; x_wconf 88' lang='lat' dir='ltr'><strong><em>En</em></strong></span> <span class='ocrx_word' id='word_1_46' title='bbox 2354 805 2684 887; x_wconf 82' lang='lat' dir='ltr'><strong><em>factorum</em></strong></span> <span class='ocrx_word' id='word_1_47' title='bbox 2714 808 2919 889; x_wconf 79' lang='lat' dir='ltr'><strong><em>quali-</em></strong></span> 
     </span>
     <span class='ocr_line' id='line_1_9' title="bbox 705 909 2920 992; baseline 0.002 -22"><span class='ocrx_word' id='word_1_48' title='bbox 705 915 916 986; x_wconf 85' lang='lat' dir='ltr'><em>tatem,</em></span> <span class='ocrx_word' id='word_1_49' title='bbox 952 930 1070 992; x_wconf 89' lang='lat' dir='ltr'><strong><em>pro</em></strong></span> <span class='ocrx_word' id='word_1_50' title='bbox 1112 909 1343 992; x_wconf 87' lang='lat' dir='ltr'><strong><em>quibus</em></strong></span> <span class='ocrx_word' id='word_1_51' title='bbox 1391 909 1575 973; x_wconf 85' lang='lat' dir='ltr'><strong>reddi</strong></span> <span class='ocrx_word' id='word_1_52' title='bbox 1620 909 1784 972; x_wconf 87' lang='lat' dir='ltr'><strong><em>mihi</em></strong></span> <span class='ocrx_word' id='word_1_53' title='bbox 1815 910 2074 992; x_wconf 83' lang='lat' dir='ltr'><strong><em>postulo</em></strong></span> <span class='ocrx_word' id='word_1_54' title='bbox 2101 910 2303 973; x_wconf 84' lang='lat' dir='ltr'><strong><em>vitam</em></strong></span> <span class='ocrx_word' id='word_1_55' title='bbox 2350 916 2681 973; x_wconf 84' lang='lat' dir='ltr'><strong><em>aeternam.</em></strong></span> <span class='ocrx_word' id='word_1_56' title='bbox 2772 911 2920 976; x_wconf 82' lang='lat' dir='ltr'><strong><em>Nee</em></strong></span> 
     </span>
     <span class='ocr_line' id='line_1_10' title="bbox 704 1013 2918 1097; baseline 0.001 -24"><span class='ocrx_word' id='word_1_57' title='bbox 704 1014 964 1076; x_wconf 87' lang='lat' dir='ltr'><strong><em>Patrem</em></strong></span> <span class='ocrx_word' id='word_1_58' title='bbox 992 1013 1100 1076; x_wconf 92' lang='lat' dir='ltr'><strong><em>hic</em></strong></span> <span class='ocrx_word' id='word_1_59' title='bbox 1128 1020 1282 1097; x_wconf 90' lang='lat' dir='ltr'><strong><em>opto</em></strong></span> <span class='ocrx_word' id='word_1_60' title='bbox 1312 1014 1793 1090; x_wconf 51' lang='lat' dir='ltr'><strong><em>misericordem</em></strong></span> <span class='ocrx_word' id='word_1_61' title='bbox 1824 1013 2112 1076; x_wconf 82' lang='lat' dir='ltr'><strong><em>Judicem</em></strong></span> <span class='ocrx_word' id='word_1_62' title='bbox 2137 1014 2386 1094; x_wconf 76' lang='lat' dir='ltr'><strong><em>justum</em></strong></span> <span class='ocrx_word' id='word_1_63' title='bbox 2429 1013 2725 1076; x_wconf 80' lang='lat' dir='ltr'><strong><em>advenire</em></strong></span> <span class='ocrx_word' id='word_1_64' title='bbox 2755 1013 2918 1076; x_wconf 87' lang='lat' dir='ltr'><strong><em>mihi</em></strong></span> 
     </span>
     <span class='ocr_line' id='line_1_11' title="bbox 701 1115 2922 1199; baseline 0 -22"><span class='ocrx_word' id='word_1_65' title='bbox 701 1115 867 1179; x_wconf 81' lang='lat' dir='ltr'><strong><em>volo,</em></strong></span> <span class='ocrx_word' id='word_1_66' title='bbox 955 1116 1182 1199; x_wconf 83' lang='lat' dir='ltr'><strong><em>Apage</em></strong></span> <span class='ocrx_word' id='word_1_67' title='bbox 1226 1137 1376 1180; x_wconf 87' lang='lat' dir='ltr'><strong><em>vero</em></strong></span> <span class='ocrx_word' id='word_1_68' title='bbox 1419 1116 1702 1198; x_wconf 65' lang='lat' dir='ltr'><strong><em>qratiam</em></strong></span> <span class='ocrx_word' id='word_1_69' title='bbox 1739 1115 1901 1195; x_wconf 88' lang='lat' dir='ltr'><strong><em>fidei</em></strong></span> <span class='ocrx_word' id='word_1_70' title='bbox 1953 1137 1992 1179; x_wconf 89' lang='lat' dir='ltr'><strong><em>a</em></strong></span> <span class='ocrx_word' id='word_1_71' title='bbox 2040 1137 2165 1193; x_wconf 91' lang='lat' dir='ltr'><strong><em>me,</em></strong></span> <span class='ocrx_word' id='word_1_72' title='bbox 2214 1116 2317 1178; x_wconf 81' lang='lat' dir='ltr'><strong><em>vel</em></strong></span> <span class='ocrx_word' id='word_1_73' title='bbox 2350 1116 2626 1196; x_wconf 66' lang='lat' dir='ltr'><strong><em>justitia»</em></strong></span> <span class='ocrx_word' id='word_1_74' title='bbox 2679 1117 2922 1180; x_wconf 71' lang='lat' dir='ltr'><strong><em>Christi</em></strong></span> 
     </span>
     <span class='ocr_line' id='line_1_12' title="bbox 702 1209 2918 1300; baseline 0.001 -21"><span class='ocrx_word' id='word_1_75' title='bbox 702 1209 1193 1282; x_wconf 78' lang='lat' dir='ltr'><strong><em>misericorditer</em></strong></span> <span class='ocrx_word' id='word_1_76' title='bbox 1238 1221 1577 1300; x_wconf 82' lang='lat' dir='ltr'><strong><em>imputatae.</em></strong></span> <span class='ocrx_word' id='word_1_77' title='bbox 1667 1219 1868 1281; x_wconf 86' lang='lat' dir='ltr'><strong><em>Facta</em></strong></span> <span class='ocrx_word' id='word_1_78' title='bbox 1907 1239 2044 1280; x_wconf 88' lang='lat' dir='ltr'><strong><em>mea</em></strong></span> <span class='ocrx_word' id='word_1_79' title='bbox 2089 1218 2321 1280; x_wconf 80' lang='lat' dir='ltr'><strong><em>discuti</em></strong></span> <span class='ocrx_word' id='word_1_80' title='bbox 2366 1218 2546 1296; x_wconf 86' lang='lat' dir='ltr'><strong><em>volo;</em></strong></span> <span class='ocrx_word' id='word_1_81' title='bbox 2596 1216 2918 1281; x_wconf 68' lang='lat' dir='ltr'><strong><em>Exierunt</em></strong></span> 
     </span>
     <span class='ocr_line' id='line_1_13' title="bbox 702 1320 2918 1404; baseline 0 -20"><span class='ocrx_word' id='word_1_82' title='bbox 702 1322 877 1384; x_wconf 87' lang='lat' dir='ltr'><strong><em>euim</em></strong></span> <span class='ocrx_word' id='word_1_83' title='bbox 909 1343 946 1384; x_wconf 84' lang='lat' dir='ltr'><strong><em>a</em></strong></span> <span class='ocrx_word' id='word_1_84' title='bbox 973 1343 1078 1384; x_wconf 90' lang='lat' dir='ltr'><strong><em>me</em></strong></span> <span class='ocrx_word' id='word_1_85' title='bbox 1109 1343 1318 1403; x_wconf 85' lang='lat' dir='ltr'><strong><em>opera,</em></strong></span> <span class='ocrx_word' id='word_1_86' title='bbox 1352 1342 1485 1404; x_wconf 82' lang='lat' dir='ltr'><strong><em>quoe</em></strong></span> <span class='ocrx_word' id='word_1_87' title='bbox 1530 1321 1926 1402; x_wconf 79' lang='lat' dir='ltr'><strong><em>opprobrium</em></strong></span> <span class='ocrx_word' id='word_1_88' title='bbox 1955 1342 2078 1383; x_wconf 78' lang='lat' dir='ltr'><strong><em>non</em></strong></span> <span class='ocrx_word' id='word_1_89' title='bbox 2106 1326 2440 1398; x_wconf 79' lang='lat' dir='ltr'><strong><em>merentur,</em></strong></span> <span class='ocrx_word' id='word_1_90' title='bbox 2471 1326 2547 1383; x_wconf 89' lang='lat' dir='ltr'><strong><em>ut</em></strong></span> <span class='ocrx_word' id='word_1_91' title='bbox 2579 1341 2722 1403; x_wconf 82' lang='lat' dir='ltr'><strong><em>quae</em></strong></span> <span class='ocrx_word' id='word_1_92' title='bbox 2750 1320 2918 1384; x_wconf 86' lang='lat' dir='ltr'><strong><em>nihil</em></strong></span> 
     </span>
     <span class='ocr_line' id='line_1_14' title="bbox 700 1423 2916 1507; baseline 0 -20"><span class='ocrx_word' id='word_1_93' title='bbox 700 1426 912 1488; x_wconf 84' lang='lat' dir='ltr'><strong><em>vitiosi</em></strong></span> <span class='ocrx_word' id='word_1_94' title='bbox 961 1425 1264 1504; x_wconf 82' lang='lat' dir='ltr'>habeant,</span> <span class='ocrx_word' id='word_1_95' title='bbox 1318 1425 1483 1488; x_wconf 90' lang='lat' dir='ltr'>nihil</span> <span class='ocrx_word' id='word_1_96' title='bbox 1530 1425 1961 1487; x_wconf 71' lang='lat' dir='ltr'><strong><em>misericordia</em></strong></span> <span class='ocrx_word' id='word_1_97' title='bbox 2016 1425 2358 1507; x_wconf 69' lang='lat' dir='ltr'><strong><em>teqendum.</em></strong></span> <span class='ocrx_word' id='word_1_98' title='bbox 2454 1423 2651 1502; x_wconf 83' lang='lat' dir='ltr'><strong><em>Nam,</em></strong></span> <span class='ocrx_word' id='word_1_99' title='bbox 2703 1425 2764 1486; x_wconf 82' lang='lat' dir='ltr'><strong><em>si</em></strong></span> <span class='ocrx_word' id='word_1_100' title='bbox 2819 1426 2916 1487; x_wconf 86' lang='lat' dir='ltr'><strong><em>ita</em></strong></span> 
     </span>
     <span class='ocr_line' id='line_1_15' title="bbox 700 1527 2917 1611; baseline 0 -20"><span class='ocrx_word' id='word_1_101' title='bbox 700 1536 879 1607; x_wconf 85' lang='lat' dir='ltr'><strong><em>esset,</em></strong></span> <span class='ocrx_word' id='word_1_102' title='bbox 910 1551 1033 1592; x_wconf 77' lang='lat' dir='ltr'><strong><em>non</em></strong></span> <span class='ocrx_word' id='word_1_103' title='bbox 1053 1532 1318 1611; x_wconf 82' lang='lat' dir='ltr'><strong><em>justitia</em></strong></span> <span class='ocrx_word' id='word_1_104' title='bbox 1330 1530 1597 1611; x_wconf 83' lang='lat' dir='ltr'><strong><em>judicis,</em></strong></span> <span class='ocrx_word' id='word_1_105' title='bbox 1628 1530 1743 1591; x_wconf 88' lang='lat' dir='ltr'><strong><em>sed</em></strong></span> <span class='ocrx_word' id='word_1_106' title='bbox 1770 1529 2203 1592; x_wconf 76' lang='lat' dir='ltr'><strong><em>misericordia</em></strong></span> <span class='ocrx_word' id='word_1_107' title='bbox 2233 1527 2476 1604; x_wconf 85' lang='lat' dir='ltr'><strong><em>Patris,</em></strong></span> <span class='ocrx_word' id='word_1_108' title='bbox 2507 1529 2609 1590; x_wconf 87' lang='lat' dir='ltr'><strong><em>vel</em></strong></span> <span class='ocrx_word' id='word_1_109' title='bbox 2636 1527 2917 1591; x_wconf 83' lang='lat' dir='ltr'><strong><em>liberali-</em></strong></span> 
     </span>
     <span class='ocr_line' id='line_1_16' title="bbox 700 1629 2916 1715; baseline 0 -22"><span class='ocrx_word' id='word_1_110' title='bbox 700 1639 832 1695; x_wconf 82' lang='lat' dir='ltr'><em>tate</em></span> <span class='ocrx_word' id='word_1_111' title='bbox 862 1633 1184 1713; x_wconf 81' lang='lat' dir='ltr'><strong><em>Principis</em></strong></span> <span class='ocrx_word' id='word_1_112' title='bbox 1214 1654 1365 1714; x_wconf 82' lang='lat' dir='ltr'><strong><em>opus</em></strong></span> <span class='ocrx_word' id='word_1_113' title='bbox 1393 1638 1570 1709; x_wconf 88' lang='lat' dir='ltr'><strong><em>esset,</em></strong></span> <span class='ocrx_word' id='word_1_114' title='bbox 1606 1631 1837 1715; x_wconf 87' lang='lat' dir='ltr'><strong><em>quibus</em></strong></span> <span class='ocrx_word' id='word_1_115' title='bbox 1866 1631 2030 1694; x_wconf 88' lang='lat' dir='ltr'><strong><em>mihi</em></strong></span> <span class='ocrx_word' id='word_1_116' title='bbox 2057 1631 2225 1694; x_wconf 87' lang='lat' dir='ltr'><strong><em>nihil</em></strong></span> <span class='ocrx_word' id='word_1_117' title='bbox 2255 1629 2456 1713; x_wconf 70' lang='lat' dir='ltr'><strong><em>opus!</em></strong></span> <span class='ocrx_word' id='word_1_118' title='bbox 2548 1631 2818 1709; x_wconf 86' lang='lat' dir='ltr'><strong><em>Mirum,</em></strong></span> <span class='ocrx_word' id='word_1_119' title='bbox 2844 1631 2916 1694; x_wconf 85' lang='lat' dir='ltr'><strong><em>ni</em></strong></span> 
     </span>
     <span class='ocr_line' id='line_1_17' title="bbox 702 1734 2915 1814; baseline -0.001 -17"><span class='ocrx_word' id='word_1_120' title='bbox 702 1735 1068 1813; x_wconf 82' lang='lat' dir='ltr'><strong><em>addidisset,</em></strong></span> <span class='ocrx_word' id='word_1_121' title='bbox 1115 1735 1262 1797; x_wconf 83' lang='lat' dir='ltr'><strong><em>Non</em></strong></span> <span class='ocrx_word' id='word_1_122' title='bbox 1305 1736 1467 1797; x_wconf 73' lang='lat' dir='ltr'><strong><em>enim</em></strong></span> <span class='ocrx_word' id='word_1_123' title='bbox 1509 1756 1666 1814; x_wconf 83' lang='lat' dir='ltr'><strong><em>sum,</em></strong></span> <span class='ocrx_word' id='word_1_124' title='bbox 1695 1737 1859 1798; x_wconf 82' lang='lat' dir='ltr'><strong><em>sicut</em></strong></span> <span class='ocrx_word' id='word_1_125' title='bbox 1890 1735 2097 1797; x_wconf 83' lang='lat' dir='ltr'><strong><em>coeteri</em></strong></span> <span class='ocrx_word' id='word_1_126' title='bbox 2126 1736 2495 1814; x_wconf 65' lang='lat' dir='ltr'><strong><em>hominumn,</em></strong></span> <span class='ocrx_word' id='word_1_127' title='bbox 2525 1735 2693 1797; x_wconf 79' lang='lat' dir='ltr'><strong><em>velut</em></strong></span> <span class='ocrx_word' id='word_1_128' title='bbox 2722 1734 2915 1796; x_wconf 86' lang='lat' dir='ltr'><strong><em>etiam</em></strong></span> 
     </span>
     <span class='ocr_line' id='line_1_18' title="bbox 700 1837 2913 1920; baseline 0.001 -22"><span class='ocrx_word' id='word_1_129' title='bbox 700 1839 767 1898; x_wconf 70' lang='lat' dir='ltr'><strong><em>lei</em></strong></span> <span class='ocrx_word' id='word_1_130' title='bbox 810 1839 1083 1899; x_wconf 72' lang='lat' dir='ltr'><strong><em>homines</em></strong></span> <span class='ocrx_word' id='word_1_131' title='bbox 1113 1837 1480 1915; x_wconf 85' lang='lat' dir='ltr'><strong><em>Novatores,</em></strong></span> <span class='ocrx_word' id='word_1_132' title='bbox 1529 1837 1761 1920; x_wconf 89' lang='lat' dir='ltr'><strong><em>quibus</em></strong></span> <span class='ocrx_word' id='word_1_133' title='bbox 1805 1859 1965 1919; x_wconf 88' lang='lat' dir='ltr'><strong><em>opus</em></strong></span> <span class='ocrx_word' id='word_1_134' title='bbox 2013 1845 2111 1900; x_wconf 89' lang='lat' dir='ltr'><strong><em>est</em></strong></span> <span class='ocrx_word' id='word_1_135' title='bbox 2158 1837 2602 1902; x_wconf 84' lang='lat' dir='ltr'><strong><em>misericordia</em></strong></span> <span class='ocrx_word' id='word_1_136' title='bbox 2643 1845 2779 1915; x_wconf 87' lang='lat' dir='ltr'><strong><em>tua,</em></strong></span> <span class='ocrx_word' id='word_1_137' title='bbox 2825 1858 2913 1901; x_wconf 85' lang='lat' dir='ltr'><strong><em>ne</em></strong></span> 
     </span>
     <span class='ocr_line' id='line_1_19' title="bbox 700 1938 2914 2023; baseline 0 -22"><span class='ocrx_word' id='word_1_138' title='bbox 700 1938 1039 2003; x_wconf 84' lang='lat' dir='ltr'><strong><em>malefacta</em></strong></span> <span class='ocrx_word' id='word_1_139' title='bbox 1090 1940 1182 2003; x_wconf 89' lang='lat' dir='ltr'><strong><em>eis</em></strong></span> <span class='ocrx_word' id='word_1_140' title='bbox 1232 1940 1679 2023; x_wconf 55' lang='lat' dir='ltr'><strong><em>imputentur-3</em></strong></span> <span class='ocrx_word' id='word_1_141' title='bbox 1726 1947 1793 2003; x_wconf 83' lang='lat' dir='ltr'><strong><em>et</em></strong></span> <span class='ocrx_word' id='word_1_142' title='bbox 1832 1939 2090 2023; x_wconf 89' lang='lat' dir='ltr'><strong><em>justitia</em></strong></span> <span class='ocrx_word' id='word_1_143' title='bbox 2133 1940 2396 2018; x_wconf 80' lang='lat' dir='ltr'><strong><em>Christi,</em></strong></span> <span class='ocrx_word' id='word_1_144' title='bbox 2449 1948 2526 2004; x_wconf 84' lang='lat' dir='ltr'><strong><em>ut</em></strong></span> <span class='ocrx_word' id='word_1_145' title='bbox 2569 1938 2914 2003; x_wconf 83' lang='lat' dir='ltr'><strong><em>benefacta</em></strong></span> 
     </span>
     <span class='ocr_line' id='line_1_20' title="bbox 700 2041 2905 2124; baseline 0.001 -20"><span class='ocrx_word' id='word_1_146' title='bbox 700 2048 1104 2124; x_wconf 88' lang='lat' dir='ltr'><strong><em>reputentur.</em></strong></span> <span class='ocrx_word' id='word_1_147' title='bbox 1195 2042 1349 2104; x_wconf 83' lang='lat' dir='ltr'><strong><em>Haec</em></strong></span> <span class='ocrx_word' id='word_1_148' title='bbox 1380 2043 1432 2104; x_wconf 91' lang='lat' dir='ltr'><strong><em>si</em></strong></span> <span class='ocrx_word' id='word_1_149' title='bbox 1476 2043 1570 2106; x_wconf 84' lang='lat' dir='ltr'><strong><em>ita</em></strong></span> <span class='ocrx_word' id='word_1_150' title='bbox 1615 2042 1767 2120; x_wconf 87' lang='lat' dir='ltr'><strong><em>sint,</em></strong></span> <span class='ocrx_word' id='word_1_151' title='bbox 1801 2043 1976 2105; x_wconf 76' lang='lat' dir='ltr'><strong><em>Pone</em></strong></span> <span class='ocrx_word' id='word_1_152' title='bbox 2003 2043 2261 2121; x_wconf 85' lang='lat' dir='ltr'><strong><em>scalam,</em></strong></span> <span class='ocrx_word' id='word_1_153' title='bbox 2296 2041 2536 2106; x_wconf 88' lang='lat' dir='ltr'><strong><em>diceret</em></strong></span> <span class='ocrx_word' id='word_1_154' title='bbox 2569 2042 2905 2106; x_wconf 79' lang='lat' dir='ltr'><strong><em>Cardinali</em></strong></span> 
     </span>
     <span class='ocr_line' id='line_1_21' title="bbox 698 2145 2912 2227; baseline -0 -19"><span class='ocrx_word' id='word_1_155' title='bbox 698 2145 1184 2222; x_wconf 78' lang='lat' dir='ltr'><strong><em>ConstantinuS,</em></strong></span> <span class='ocrx_word' id='word_1_156' title='bbox 1227 2146 1324 2227; x_wconf 90' lang='lat' dir='ltr'><strong><em>(ut</em></strong></span> <span class='ocrx_word' id='word_1_157' title='bbox 1368 2145 1523 2209; x_wconf 89' lang='lat' dir='ltr'><strong><em>olim</em></strong></span> <span class='ocrx_word' id='word_1_158' title='bbox 1565 2145 1801 2209; x_wconf 89' lang='lat' dir='ltr'><strong><em>Acesio</em></strong></span> <span class='ocrx_word' id='word_1_159' title='bbox 1833 2145 2222 2226; x_wconf 83' lang='lat' dir='ltr'><strong><em>Novatiano)</em></strong></span> <span class='ocrx_word' id='word_1_160' title='bbox 2262 2151 2325 2207; x_wconf 89' lang='lat' dir='ltr'><strong><em>et</em></strong></span> <span class='ocrx_word' id='word_1_161' title='bbox 2369 2148 2538 2208; x_wconf 81' lang='lat' dir='ltr'><strong><em>solus</em></strong></span> <span class='ocrx_word' id='word_1_162' title='bbox 2585 2146 2653 2207; x_wconf 76' lang='lat' dir='ltr'><strong><em>in</em></strong></span> <span class='ocrx_word' id='word_1_163' title='bbox 2697 2147 2912 2211; x_wconf 77' lang='lat' dir='ltr'><strong><em>coelnm</em></strong></span> 
     </span>
     <span class='ocr_line' id='line_1_22' title="bbox 697 2248 1019 2311; baseline 0.003 -1"><span class='ocrx_word' id='word_1_164' title='bbox 697 2248 1019 2311; x_wconf 72' lang='lat' dir='ltr'><strong><em>ascendeo.</em></strong></span> 
     </span>
    </p>
   </div>
   <div class='ocr_carea' id='block_1_5' title="bbox 760 2398 2909 2629">
    <p class='ocr_par' dir='ltr' id='par_1_5' title="bbox 760 2398 2909 2629">
     <span class='ocr_line' id='line_1_23' title="bbox 760 2398 2909 2465; baseline 0 -16"><span class='ocrx_word' id='word_1_165' title='bbox 760 2399 836 2450; x_wconf 75' lang='lat' dir='ltr'><strong><em>At</em></strong></span> <span class='ocrx_word' id='word_1_166' title='bbox 860 2400 905 2450; x_wconf 88' lang='lat' dir='ltr'><strong><em>si</em></strong></span> <span class='ocrx_word' id='word_1_167' title='bbox 927 2401 1003 2450; x_wconf 79' lang='lat' dir='ltr'><strong><em>ita</em></strong></span> <span class='ocrx_word' id='word_1_168' title='bbox 1024 2405 1169 2463; x_wconf 76' lang='lat' dir='ltr'><strong><em>esset,</em></strong></span> <span class='ocrx_word' id='word_1_169' title='bbox 1192 2416 1297 2451; x_wconf 89' lang='lat' dir='ltr'><strong><em>non</em></strong></span> <span class='ocrx_word' id='word_1_170' title='bbox 1321 2401 1530 2464; x_wconf 78' lang='lat' dir='ltr'><strong><em>justitia</em></strong></span> <span class='ocrx_word' id='word_1_171' title='bbox 1550 2400 1584 2450; x_wconf 84' lang='lat' dir='ltr'>J</span> <span class='ocrx_word' id='word_1_172' title='bbox 1587 2400 1766 2462; x_wconf 85' lang='lat' dir='ltr'><strong><em>udicis,</em></strong></span> <span class='ocrx_word' id='word_1_173' title='bbox 1787 2400 1870 2450; x_wconf 77' lang='lat' dir='ltr'><strong><em>vel</em></strong></span> <span class='ocrx_word' id='word_1_174' title='bbox 1894 2400 2012 2465; x_wconf 81' lang='lat' dir='ltr'><strong><em>[leg.</em></strong></span> <span class='ocrx_word' id='word_1_175' title='bbox 2036 2399 2166 2463; x_wconf 85' lang='lat' dir='ltr'><strong><em>sed.]</em></strong></span> <span class='ocrx_word' id='word_1_176' title='bbox 2195 2437 2206 2448; x_wconf 93' lang='lat'>.</span> <span class='ocrx_word' id='word_1_177' title='bbox 2233 2435 2246 2448; x_wconf 94' lang='lat'><strong>.</strong></span> <span class='ocrx_word' id='word_1_178' title='bbox 2273 2438 2284 2450; x_wconf 93' lang='lat'><em>.</em></span> <span class='ocrx_word' id='word_1_179' title='bbox 2312 2437 2323 2448; x_wconf 93' lang='lat'>.</span> <span class='ocrx_word' id='word_1_180' title='bbox 2351 2398 2702 2450; x_wconf 74' lang='lat' dir='ltr'><strong><em>misericordia</em></strong></span> <span class='ocrx_word' id='word_1_181' title='bbox 2721 2399 2909 2461; x_wconf 72' lang='lat' dir='ltr'><strong><em>Patris,</em></strong></span> 
     </span>
     <span class='ocr_line' id='line_1_24' title="bbox 824 2481 2909 2548; baseline -0 -16"><span class='ocrx_word' id='word_1_182' title='bbox 824 2483 905 2532; x_wconf 77' lang='lat' dir='ltr'><strong><em>vel</em></strong></span> <span class='ocrx_word' id='word_1_183' title='bbox 928 2483 1236 2533; x_wconf 75' lang='lat' dir='ltr'><strong><em>liberalitate</em></strong></span> <span class='ocrx_word' id='word_1_184' title='bbox 1258 2483 1511 2547; x_wconf 84' lang='lat' dir='ltr'><strong><em>Principis</em></strong></span> <span class='ocrx_word' id='word_1_185' title='bbox 1533 2498 1661 2547; x_wconf 83' lang='lat' dir='ltr'><strong><em>opus</em></strong></span> <span class='ocrx_word' id='word_1_186' title='bbox 1680 2481 2054 2547; x_wconf 54' lang='lat' dir='ltr'><strong><em>essen—[Bell.</em></strong></span> <span class='ocrx_word' id='word_1_187' title='bbox 2079 2481 2231 2545; x_wconf 86' lang='lat' dir='ltr'><strong><em>Apol.</em></strong></span> <span class='ocrx_word' id='word_1_188' title='bbox 2254 2497 2346 2546; x_wconf 87' lang='lat' dir='ltr'><strong><em>pro</em></strong></span> <span class='ocrx_word' id='word_1_189' title='bbox 2370 2481 2540 2546; x_wconf 88' lang='lat' dir='ltr'><strong><em>Resp.]</em></strong></span> <span class='ocrx_word' id='word_1_190' title='bbox 2575 2497 2626 2547; x_wconf 88' lang='lat' dir='ltr'><strong><em>p.</em></strong></span> <span class='ocrx_word' id='word_1_191' title='bbox 2652 2484 2730 2534; x_wconf 89' lang='grc'><strong><em>87.</em></strong></span> <span class='ocrx_word' id='word_1_192' title='bbox 2772 2482 2909 2548; x_wconf 84' lang='lat' dir='ltr'><strong>[Op..</strong></span> 
     </span>
     <span class='ocr_line' id='line_1_25' title="bbox 828 2565 1505 2629; baseline 0.001 -14"><span class='ocrx_word' id='word_1_193' title='bbox 828 2565 1056 2616; x_wconf 76' lang='lat' dir='ltr'><strong><em>tom.vii.</em></strong></span> <span class='ocrx_word' id='word_1_194' title='bbox 1081 2566 1175 2616; x_wconf 88' lang='lat' dir='ltr'><strong><em>col.</em></strong></span> <span class='ocrx_word' id='word_1_195' title='bbox 1201 2567 1314 2618; x_wconf 81' lang='lat'><strong>753.</strong></span> <span class='ocrx_word' id='word_1_196' title='bbox 1338 2565 1391 2616; x_wconf 84' lang='lat' dir='ltr'><strong><em>C.</em></strong></span> <span class='ocrx_word' id='word_1_197' title='bbox 1418 2566 1505 2629; x_wconf 90' lang='lat' dir='ltr'><strong><em>D.]</em></strong></span> 
     </span>
    </p>
   </div>
   <div class='ocr_carea' id='block_1_6' title="bbox 788 2680 2908 2765">
    <p class='ocr_par' dir='ltr' id='par_1_6' title="bbox 788 2680 2908 2765">
     <span class='ocr_line' id='line_1_26' title="bbox 788 2680 2908 2765; baseline -0 -20"><span class='ocrx_word' id='word_1_198' title='bbox 788 2684 830 2745; x_wconf 88' lang='lat' dir='ltr'><strong>J</strong></span> <span class='ocrx_word' id='word_1_199' title='bbox 831 2704 946 2747; x_wconf 87' lang='lat' dir='ltr'><strong><em>ure</em></strong></span> <span class='ocrx_word' id='word_1_200' title='bbox 990 2690 1209 2747; x_wconf 87' lang='lat' dir='ltr'><strong><em>tamen</em></strong></span> <span class='ocrx_word' id='word_1_201' title='bbox 1254 2683 1525 2747; x_wconf 86' lang='lat' dir='ltr'><strong><em>miretur</em></strong></span> <span class='ocrx_word' id='word_1_202' title='bbox 1569 2682 1732 2765; x_wconf 90' lang='lat' dir='ltr'><strong><em>quis,</em></strong></span> <span class='ocrx_word' id='word_1_203' title='bbox 1780 2689 1846 2745; x_wconf 93' lang='lat' dir='ltr'><strong><em>et</em></strong></span> <span class='ocrx_word' id='word_1_204' title='bbox 1890 2687 2156 2765; x_wconf 83' lang='lat' dir='ltr'><strong><em>quaerat,</em></strong></span> <span class='ocrx_word' id='word_1_205' title='bbox 2190 2704 2273 2744; x_wconf 88' lang='lat' dir='ltr'><strong><em>an</em></strong></span> <span class='ocrx_word' id='word_1_206' title='bbox 2305 2680 2395 2744; x_wconf 89' lang='lat' dir='ltr'><strong><em>sic</em></strong></span> <span class='ocrx_word' id='word_1_207' title='bbox 2426 2682 2591 2745; x_wconf 91' lang='lat' dir='ltr'><strong><em>serio</em></strong></span> <span class='ocrx_word' id='word_1_208' title='bbox 2637 2680 2908 2746; x_wconf 84' lang='lat' dir='ltr'><strong><em>affectus</em></strong></span> 
     </span>
    </p>
   </div>
   <div class='ocr_carea' id='block_1_7' title="bbox 363 2784 2911 2970">
    <p class='ocr_par' dir='ltr' id='par_1_7' title="bbox 363 2784 2911 2970">
     <span class='ocr_line' id='line_1_27' title="bbox 363 2784 2904 2870; baseline -0.001 -20"><span class='ocrx_word' id='word_1_209' title='bbox 363 2816 638 2866; x_wconf 76' lang='lat' dir='ltr'><strong><em>misericor·</em></strong></span> <span class='ocrx_word' id='word_1_210' title='bbox 703 2786 804 2862; x_wconf 89' lang='lat' dir='ltr'><strong><em>sit,</em></strong></span> <span class='ocrx_word' id='word_1_211' title='bbox 852 2787 1212 2870; x_wconf 84' lang='lat' dir='ltr'><strong><em>sentiatque</em></strong></span> <span class='ocrx_word' id='word_1_212' title='bbox 1244 2785 1624 2863; x_wconf 72' lang='lat' dir='ltr'><strong><em>cardinalis,</em></strong></span> <span class='ocrx_word' id='word_1_213' title='bbox 1670 2791 1744 2847; x_wconf 89' lang='lat' dir='ltr'><strong><em>ut</em></strong></span> <span class='ocrx_word' id='word_1_214' title='bbox 1783 2785 1889 2847; x_wconf 90' lang='lat' dir='ltr'><strong><em>hic</em></strong></span> <span class='ocrx_word' id='word_1_215' title='bbox 1937 2784 2177 2847; x_wconf 86' lang='lat' dir='ltr'><strong><em>sentire</em></strong></span> <span class='ocrx_word' id='word_1_216' title='bbox 2221 2784 2496 2862; x_wconf 80' lang='lat' dir='ltr'><strong><em>videtur,</em></strong></span> <span class='ocrx_word' id='word_1_217' title='bbox 2545 2785 2625 2847; x_wconf 91' lang='lat' dir='ltr'><strong><em>de</em></strong></span> <span class='ocrx_word' id='word_1_218' title='bbox 2676 2785 2904 2867; x_wconf 79' lang='lat' dir='ltr'><strong><em>seipso·</em></strong></span> 
     </span>
     <span class='ocr_line' id='line_1_28' title="bbox 363 2880 2911 2970; baseline -0 -18"><span class='ocrx_word' id='word_1_219' title='bbox 363 2880 451 2929; x_wconf 66' lang='lat'><strong><em>‘¹³⁸</em></strong></span> <span class='ocrx_word' id='word_1_220' title='bbox 474 2882 620 2933; x_wconf 66' lang='lat' dir='ltr'><strong><em>”0¹³¹ss</em></strong></span> <span class='ocrx_word' id='word_1_221' title='bbox 701 2889 888 2951; x_wconf 77' lang='lat' dir='ltr'><strong><em>Nihil</em></strong></span> <span class='ocrx_word' id='word_1_222' title='bbox 934 2891 1055 2952; x_wconf 86' lang='lat' dir='ltr'><strong><em>sibi</em></strong></span> <span class='ocrx_word' id='word_1_223' title='bbox 1114 2909 1266 2970; x_wconf 82' lang='lat' dir='ltr'><strong><em>opus</em></strong></span> <span class='ocrx_word' id='word_1_224' title='bbox 1309 2886 1461 2969; x_wconf 85' lang='lat' dir='ltr'><strong><em>fore</em></strong></span> <span class='ocrx_word' id='word_1_225' title='bbox 1518 2888 1952 2950; x_wconf 71' lang='lat' dir='ltr'><strong><em>misericordia</em></strong></span> <span class='ocrx_word' id='word_1_226' title='bbox 2005 2887 2247 2963; x_wconf 86' lang='lat' dir='ltr'><strong><em>Patris,</em></strong></span> <span class='ocrx_word' id='word_1_227' title='bbox 2309 2888 2471 2949; x_wconf 73' lang='lat' dir='ltr'><strong><em>nihil</em></strong></span> <span class='ocrx_word' id='word_1_228' title='bbox 2527 2887 2911 2951; x_wconf 82' lang='lat' dir='ltr'><strong><em>liberalitate</em></strong></span> 
     </span>
    </p>
   </div>
   <div class='ocr_carea' id='block_1_8' title="bbox 364 2948 525 3009">
    <p class='ocr_par' dir='ltr' id='par_1_8' title="bbox 364 2948 525 3009">
     <span class='ocr_line' id='line_1_29' title="bbox 364 2948 525 3009; baseline 0.006 -1"><span class='ocrx_word' id='word_1_229' title='bbox 364 2948 525 3009; x_wconf 56' lang='grc' dir='ltr'>(ΨΜ-1</span> 
     </span>
    </p>
   </div>
   <div class='ocr_carea' id='block_1_9' title="bbox 680 2990 2911 4101">
    <p class='ocr_par' dir='ltr' id='par_1_9' title="bbox 680 2990 2911 3569">
     <span class='ocr_line' id='line_1_30' title="bbox 699 2990 2911 3074; baseline 0.002 -23"><span class='ocrx_word' id='word_1_230' title='bbox 699 2992 1041 3072; x_wconf 83' lang='lat' dir='ltr'><strong><em>Principis,</em></strong></span> <span class='ocrx_word' id='word_1_231' title='bbox 1087 2991 1409 3074; x_wconf 88' lang='lat' dir='ltr'><strong><em>justitiam</em></strong></span> <span class='ocrx_word' id='word_1_232' title='bbox 1462 2990 1710 3053; x_wconf 88' lang='lat' dir='ltr'><strong><em>Judicis</em></strong></span> <span class='ocrx_word' id='word_1_233' title='bbox 1760 3011 1893 3052; x_wconf 88' lang='lat' dir='ltr'><strong><em>non</em></strong></span> <span class='ocrx_word' id='word_1_234' title='bbox 1946 2990 2379 3066; x_wconf 80' lang='lat' dir='ltr'><strong><em>extimescere,</em></strong></span> <span class='ocrx_word' id='word_1_235' title='bbox 2422 3010 2547 3070; x_wconf 78' lang='lat' dir='ltr'><strong><em>pro</em></strong></span> <span class='ocrx_word' id='word_1_236' title='bbox 2601 2991 2911 3072; x_wconf 76' lang='lat' dir='ltr'><strong><em>qualitate</em></strong></span> 
     </span>
     <span class='ocr_line' id='line_1_31' title="bbox 680 3091 2906 3173; baseline 0.001 -18"><span class='ocrx_word' id='word_1_237' title='bbox 680 3091 1028 3173; x_wconf 84' lang='lat' dir='ltr'><strong><em>factorum,</em></strong></span> <span class='ocrx_word' id='word_1_238' title='bbox 1066 3114 1191 3173; x_wconf 82' lang='lat' dir='ltr'><strong><em>pro</em></strong></span> <span class='ocrx_word' id='word_1_239' title='bbox 1236 3093 1480 3155; x_wconf 86' lang='lat' dir='ltr'><strong><em>meritis</em></strong></span> <span class='ocrx_word' id='word_1_240' title='bbox 1524 3113 1776 3173; x_wconf 82' lang='lat' dir='ltr'><strong><em>operum</em></strong></span> <span class='ocrx_word' id='word_1_241' title='bbox 1807 3093 2005 3155; x_wconf 84' lang='lat' dir='ltr'><strong><em>vitam</em></strong></span> <span class='ocrx_word' id='word_1_242' title='bbox 2049 3091 2170 3156; x_wconf 90' lang='lat' dir='ltr'><strong><em>sibi</em></strong></span> <span class='ocrx_word' id='word_1_243' title='bbox 2200 3098 2506 3155; x_wconf 83' lang='lat' dir='ltr'><strong><em>aeternam</em></strong></span> <span class='ocrx_word' id='word_1_244' title='bbox 2540 3092 2906 3158; x_wconf 83' lang='lat' dir='ltr'><strong><em>vindicare:</em></strong></span> 
     </span>
     <span class='ocr_line' id='line_1_32' title="bbox 692 3193 2903 3277; baseline 0.001 -20"><span class='ocrx_word' id='word_1_245' title='bbox 692 3195 936 3277; x_wconf 80' lang='lat' dir='ltr'><strong><em>gratiae,</em></strong></span> <span class='ocrx_word' id='word_1_246' title='bbox 968 3195 1138 3273; x_wconf 87' lang='lat' dir='ltr'><strong><em>fidei,</em></strong></span> <span class='ocrx_word' id='word_1_247' title='bbox 1172 3197 1214 3258; x_wconf 89' lang='lat' dir='ltr'><strong>J</strong></span> <span class='ocrx_word' id='word_1_248' title='bbox 1217 3193 1458 3257; x_wconf 83' lang='lat' dir='ltr'><strong><em>ustitiae</em></strong></span> <span class='ocrx_word' id='word_1_249' title='bbox 1488 3194 1752 3272; x_wconf 84' lang='lat' dir='ltr'><strong><em>Christi,</em></strong></span> <span class='ocrx_word' id='word_1_250' title='bbox 1783 3195 2178 3271; x_wconf 87' lang='lat' dir='ltr'><strong><em>renuntiare,</em></strong></span> <span class='ocrx_word' id='word_1_251' title='bbox 2208 3195 2434 3277; x_wconf 91' lang='lat' dir='ltr'><strong><em>procul</em></strong></span> <span class='ocrx_word' id='word_1_252' title='bbox 2467 3218 2506 3259; x_wconf 97' lang='lat' dir='ltr'><strong><em>a</em></strong></span> <span class='ocrx_word' id='word_1_253' title='bbox 2536 3217 2604 3259; x_wconf 90' lang='lat' dir='ltr'><strong><em>se</em></strong></span> <span class='ocrx_word' id='word_1_254' title='bbox 2637 3195 2903 3277; x_wconf 84' lang='lat' dir='ltr'><strong><em>habere,</em></strong></span> 
     </span>
     <span class='ocr_line' id='line_1_33' title="bbox 692 3297 2903 3382; baseline 0.001 -20"><span class='ocrx_word' id='word_1_255' title='bbox 692 3299 931 3381; x_wconf 84' lang='lat' dir='ltr'><strong><em>absque</em></strong></span> <span class='ocrx_word' id='word_1_256' title='bbox 959 3297 1061 3362; x_wconf 92' lang='lat' dir='ltr'><strong><em>his</em></strong></span> <span class='ocrx_word' id='word_1_257' title='bbox 1090 3299 1160 3361; x_wconf 92' lang='lat' dir='ltr'><strong><em>in</em></strong></span> <span class='ocrx_word' id='word_1_258' title='bbox 1184 3297 1431 3382; x_wconf 89' lang='lat' dir='ltr'><strong><em>judicio</em></strong></span> <span class='ocrx_word' id='word_1_259' title='bbox 1462 3319 1831 3381; x_wconf 85' lang='lat' dir='ltr'><strong><em>comparere</em></strong></span> <span class='ocrx_word' id='word_1_260' title='bbox 1852 3298 2035 3376; x_wconf 81' lang='lat' dir='ltr'><strong><em>velle,</em></strong></span> <span class='ocrx_word' id='word_1_261' title='bbox 2066 3318 2262 3381; x_wconf 90' lang='lat' dir='ltr'><strong><em>opera</em></strong></span> <span class='ocrx_word' id='word_1_262' title='bbox 2291 3318 2409 3361; x_wconf 88' lang='lat' dir='ltr'><strong><em>sua</em></strong></span> <span class='ocrx_word' id='word_1_263' title='bbox 2432 3298 2523 3362; x_wconf 89' lang='lat' dir='ltr'><strong><em>ibi</em></strong></span> <span class='ocrx_word' id='word_1_264' title='bbox 2553 3306 2903 3379; x_wconf 82' lang='lat' dir='ltr'><strong><em>ostentare,</em></strong></span> 
     </span>
     <span class='ocr_line' id='line_1_34' title="bbox 689 3400 2907 3486; baseline 0.001 -22"><span class='ocrx_word' id='word_1_265' title='bbox 689 3403 899 3486; x_wconf 87' lang='lat' dir='ltr'><strong><em>plena,</em></strong></span> <span class='ocrx_word' id='word_1_266' title='bbox 950 3423 1131 3485; x_wconf 89' lang='lat' dir='ltr'><strong><em>pura,</em></strong></span> <span class='ocrx_word' id='word_1_267' title='bbox 1180 3400 1484 3485; x_wconf 86' lang='lat' dir='ltr'><strong><em>perfecta,</em></strong></span> <span class='ocrx_word' id='word_1_268' title='bbox 1537 3400 1770 3483; x_wconf 88' lang='lat' dir='ltr'><strong><em>quibus</em></strong></span> <span class='ocrx_word' id='word_1_269' title='bbox 1814 3401 1982 3463; x_wconf 88' lang='lat' dir='ltr'><strong><em>nihil</em></strong></span> <span class='ocrx_word' id='word_1_270' title='bbox 2030 3400 2333 3478; x_wconf 88' lang='lat' dir='ltr'><strong><em>sordium,</em></strong></span> <span class='ocrx_word' id='word_1_271' title='bbox 2383 3401 2526 3463; x_wconf 85' lang='lat' dir='ltr'><strong><em>vitii</em></strong></span> <span class='ocrx_word' id='word_1_272' title='bbox 2571 3401 2738 3465; x_wconf 87' lang='lat' dir='ltr'><strong><em>nihil</em></strong></span> <span class='ocrx_word' id='word_1_273' title='bbox 2790 3404 2907 3467; x_wconf 81' lang='lat' dir='ltr'><strong><em>ad-</em></strong></span> 
     </span>
     <span class='ocr_line' id='line_1_35' title="bbox 689 3505 1018 3569; baseline -0.006 0"><span class='ocrx_word' id='word_1_274' title='bbox 689 3505 1018 3569; x_wconf 85' lang='lat' dir='ltr'><strong><em>haerescat.</em></strong></span> 
     </span>
    </p>

    <p class='ocr_par' dir='ltr' id='par_1_10' title="bbox 686 3605 2903 4101">
     <span class='ocr_line' id='line_1_36' title="bbox 776 3605 2902 3690; baseline 0 -20"><span class='ocrx_word' id='word_1_275' title='bbox 776 3609 904 3671; x_wconf 81' lang='lat' dir='ltr'><strong><em>Vix</em></strong></span> <span class='ocrx_word' id='word_1_276' title='bbox 948 3608 1123 3671; x_wconf 89' lang='lat' dir='ltr'><strong><em>enim</em></strong></span> <span class='ocrx_word' id='word_1_277' title='bbox 1168 3607 1495 3685; x_wconf 87' lang='lat' dir='ltr'><strong><em>credibile,</em></strong></span> <span class='ocrx_word' id='word_1_278' title='bbox 1539 3606 1708 3690; x_wconf 90' lang='lat' dir='ltr'><strong><em>quod</em></strong></span> <span class='ocrx_word' id='word_1_279' title='bbox 1755 3605 1835 3669; x_wconf 89' lang='lat' dir='ltr'><strong><em>de</em></strong></span> <span class='ocrx_word' id='word_1_280' title='bbox 1884 3605 2097 3688; x_wconf 76' lang='lat' dir='ltr'><strong><em>aliquo</em></strong></span> <span class='ocrx_word' id='word_1_281' title='bbox 2139 3605 2259 3669; x_wconf 86' lang='lat' dir='ltr'><strong><em>sibi</em></strong></span> <span class='ocrx_word' id='word_1_282' title='bbox 2305 3605 2630 3684; x_wconf 78' lang='lat' dir='ltr'><strong><em>conscius,</em></strong></span> <span class='ocrx_word' id='word_1_283' title='bbox 2642 3627 2777 3670; x_wconf 86' lang='lat' dir='ltr'><strong><em>non</em></strong></span> <span class='ocrx_word' id='word_1_284' title='bbox 2817 3608 2902 3671; x_wconf 86' lang='lat' dir='ltr'><strong><em>sit</em></strong></span> 
     </span>
     <span class='ocr_line' id='line_1_37' title="bbox 689 3709 2903 3790; baseline -0.002 -14"><span class='ocrx_word' id='word_1_285' title='bbox 689 3711 1070 3790; x_wconf 77' lang='lat' dir='ltr'><strong><em>CardinaliS,</em></strong></span> <span class='ocrx_word' id='word_1_286' title='bbox 1102 3718 1322 3775; x_wconf 88' lang='lat' dir='ltr'><strong><em>tamen</em></strong></span> <span class='ocrx_word' id='word_1_287' title='bbox 1355 3711 1429 3774; x_wconf 82' lang='lat' dir='ltr'><strong><em>Si</em></strong></span> <span class='ocrx_word' id='word_1_288' title='bbox 1458 3712 1622 3773; x_wconf 68' lang='lat' dir='ltr'><strong><em>nihil</em></strong></span> <span class='ocrx_word' id='word_1_289' title='bbox 1646 3709 1768 3772; x_wconf 87' lang='lat' dir='ltr'><strong><em>sibi</em></strong></span> <span class='ocrx_word' id='word_1_290' title='bbox 1799 3709 2080 3772; x_wconf 83' lang='lat' dir='ltr'><strong><em>conscius</em></strong></span> <span class='ocrx_word' id='word_1_291' title='bbox 2108 3710 2214 3786; x_wconf 88' lang='lat' dir='ltr'><strong><em>sit,</em></strong></span> <span class='ocrx_word' id='word_1_292' title='bbox 2246 3729 2370 3771; x_wconf 77' lang='lat' dir='ltr'><strong><em>non</em></strong></span> <span class='ocrx_word' id='word_1_293' title='bbox 2397 3710 2466 3770; x_wconf 80' lang='lat' dir='ltr'><strong><em>in</em></strong></span> <span class='ocrx_word' id='word_1_294' title='bbox 2509 3710 2626 3772; x_wconf 78' lang='lat' dir='ltr'><strong><em>hoc</em></strong></span> <span class='ocrx_word' id='word_1_295' title='bbox 2652 3709 2903 3790; x_wconf 72' lang='lat' dir='ltr'><strong><em>justifi-</em></strong></span> 
     </span>
     <span class='ocr_line' id='line_1_38' title="bbox 687 3812 2899 3895; baseline -0 -17"><span class='ocrx_word' id='word_1_296' title='bbox 687 3822 866 3878; x_wconf 85' lang='lat' dir='ltr'><strong><em>catus</em></strong></span> <span class='ocrx_word' id='word_1_297' title='bbox 894 3822 1044 3878; x_wconf 80' lang='lat' dir='ltr'><strong><em>estP.</em></strong></span> <span class='ocrx_word' id='word_1_298' title='bbox 1136 3815 1405 3892; x_wconf 88' lang='lat' dir='ltr'><strong><em>Mirum,</em></strong></span> <span class='ocrx_word' id='word_1_299' title='bbox 1435 3814 1505 3876; x_wconf 89' lang='lat' dir='ltr'><strong><em>ni</em></strong></span> <span class='ocrx_word' id='word_1_300' title='bbox 1551 3833 1661 3876; x_wconf 88' lang='lat' dir='ltr'><strong><em>cor</em></strong></span> <span class='ocrx_word' id='word_1_301' title='bbox 1704 3814 1836 3894; x_wconf 71' lang='lat' dir='ltr'><strong><em>eius</em></strong></span> <span class='ocrx_word' id='word_1_302' title='bbox 1878 3813 2294 3894; x_wconf 75' lang='lat' dir='ltr'><strong><em>reprehendat</em></strong></span> <span class='ocrx_word' id='word_1_303' title='bbox 2337 3834 2475 3875; x_wconf 81' lang='lat' dir='ltr'><strong><em>eam</em></strong></span> <span class='ocrx_word' id='word_1_304' title='bbox 2520 3812 2600 3876; x_wconf 91' lang='lat' dir='ltr'><strong><em>de</em></strong></span> <span class='ocrx_word' id='word_1_305' title='bbox 2645 3812 2861 3895; x_wconf 82' lang='lat' dir='ltr'><strong><em>aliquo</em></strong></span> <span class='ocrx_word' id='word_1_306' title='bbox 2880 3839 2899 3892; x_wconf 83' lang='lat'><em>3</em></span> 
     </span>
     <span class='ocr_line' id='line_1_39' title="bbox 687 3914 2900 4000; baseline -0.001 -18"><span class='ocrx_word' id='word_1_307' title='bbox 687 3918 740 3981; x_wconf 89' lang='lat' dir='ltr'><strong><em>si</em></strong></span> <span class='ocrx_word' id='word_1_308' title='bbox 785 3925 1005 3982; x_wconf 86' lang='lat' dir='ltr'><strong><em>tamen</em></strong></span> <span class='ocrx_word' id='word_1_309' title='bbox 1046 3939 1182 3981; x_wconf 89' lang='lat' dir='ltr'><strong><em>non</em></strong></span> <span class='ocrx_word' id='word_1_310' title='bbox 1225 3916 1675 4000; x_wconf 87' lang='lat' dir='ltr'><strong><em>reprehendat,</em></strong></span> <span class='ocrx_word' id='word_1_311' title='bbox 1706 3917 1909 3997; x_wconf 85' lang='lat' dir='ltr'><strong><em>major</em></strong></span> <span class='ocrx_word' id='word_1_312' title='bbox 1939 3922 2031 3978; x_wconf 85' lang='lat' dir='ltr'><strong><em>est</em></strong></span> <span class='ocrx_word' id='word_1_313' title='bbox 2061 3916 2233 3978; x_wconf 79' lang='lat' dir='ltr'><strong><em>Deus</em></strong></span> <span class='ocrx_word' id='word_1_314' title='bbox 2264 3916 2449 3978; x_wconf 87' lang='lat' dir='ltr'><strong><em>corde</em></strong></span> <span class='ocrx_word' id='word_1_315' title='bbox 2481 3914 2839 3979; x_wconf 81' lang='lat' dir='ltr'><strong><em>Cardinalis</em></strong></span> <span class='ocrx_word' id='word_1_316' title='bbox 2852 3929 2900 3979; x_wconf 66' lang='lat' dir='ltr'><strong><em>q.</em></strong></span> 
     </span>
     <span class='ocr_line' id='line_1_40' title="bbox 686 4019 2900 4101; baseline -0.002 -14"><span class='ocrx_word' id='word_1_317' title='bbox 686 4024 775 4087; x_wconf 84' lang='lat' dir='ltr'><strong><em>Et</em></strong></span> <span class='ocrx_word' id='word_1_318' title='bbox 838 4023 959 4086; x_wconf 89' lang='lat' dir='ltr'><strong><em>hoc</em></strong></span> <span class='ocrx_word' id='word_1_319' title='bbox 1011 4021 1082 4084; x_wconf 90' lang='lat' dir='ltr'><strong><em>in</em></strong></span> <span class='ocrx_word' id='word_1_320' title='bbox 1137 4022 1261 4083; x_wconf 85' lang='lat' dir='ltr'><strong><em>Ore</em></strong></span> <span class='ocrx_word' id='word_1_321' title='bbox 1325 4019 1450 4082; x_wconf 83' lang='lat' dir='ltr'><strong><em>fuit</em></strong></span> <span class='ocrx_word' id='word_1_322' title='bbox 1502 4020 1766 4083; x_wconf 88' lang='lat' dir='ltr'><strong><em>Pastori</em></strong></span> <span class='ocrx_word' id='word_1_323' title='bbox 1824 4019 1962 4101; x_wconf 90' lang='lat' dir='ltr'><strong><em>ejus</em></strong></span> <span class='ocrx_word' id='word_1_324' title='bbox 2005 4039 2240 4081; x_wconf 82' lang='lat' dir='ltr'><strong><em>summo</em></strong></span> <span class='ocrx_word' id='word_1_325' title='bbox 2259 4043 2281 4092; x_wconf 91' lang='lat'><strong><em>,·</em></strong></span> <span class='ocrx_word' id='word_1_326' title='bbox 2353 4019 2529 4099; x_wconf 83' lang='lat' dir='ltr'><strong><em>Soepe</em></strong></span> <span class='ocrx_word' id='word_1_327' title='bbox 2583 4019 2652 4081; x_wconf 82' lang='lat' dir='ltr'><strong><em>in</em></strong></span> <span class='ocrx_word' id='word_1_328' title='bbox 2701 4020 2900 4082; x_wconf 79' lang='lat' dir='ltr'><strong><em>oculis</em></strong></span> 
     </span>
    </p>
   </div>
   <div class='ocr_carea' id='block_1_10' title="bbox 681 4210 2896 4601">
    <p class='ocr_par' dir='ltr' id='par_1_11' title="bbox 681 4210 2896 4601">
     <span class='ocr_line' id='line_1_41' title="bbox 750 4210 2896 4279; baseline -0.004 -11"><span class='ocrx_word' id='word_1_329' title='bbox 750 4229 772 4251; x_wconf 85' lang='lat'><strong><em>¹²</em></strong></span> <span class='ocrx_word' id='word_1_330' title='bbox 842 4219 959 4268; x_wconf 84' lang='lat' dir='ltr'><strong><em>Luc.</em></strong></span> <span class='ocrx_word' id='word_1_331' title='bbox 981 4218 1123 4267; x_wconf 81' lang='lat' dir='ltr'><strong><em>xviii.</em></strong></span> <span class='ocrx_word' id='word_1_332' title='bbox 1152 4216 1257 4279; x_wconf 84' lang='lat'>11.]</span> <span class='ocrx_word' id='word_1_333' title='bbox 1825 4214 1917 4273; x_wconf 74' lang='grc' dir='ltr'><strong><em>τὴν</em></strong></span> <span class='ocrx_word' id='word_1_334' title='bbox 1937 4212 2131 4276; x_wconf 76' lang='grc' dir='ltr'>ἄφεσιν·</span> <span class='ocrx_word' id='word_1_335' title='bbox 2154 4213 2413 4269; x_wconf 70' lang='grc' dir='ltr'><strong><em>ὑπολαβὸν</em></strong></span> <span class='ocrx_word' id='word_1_336' title='bbox 2435 4214 2461 4260; x_wconf 81' lang='grc' dir='ltr'>ό</span> <span class='ocrx_word' id='word_1_337' title='bbox 2485 4210 2721 4269; x_wconf 77' lang='grc' dir='ltr'>βασιλεὺς</span> <span class='ocrx_word' id='word_1_338' title='bbox 2745 4211 2896 4261; x_wconf 72' lang='grc' dir='ltr'>εἶπεν·</span> 
     </span>
     <span class='ocr_line' id='line_1_42' title="bbox 749 4220 2894 4348; baseline -0.002 -16"><span class='ocrx_word' id='word_1_339' title='bbox 749 4294 771 4317; x_wconf 87' lang='lat'>⁰</span> <span class='ocrx_word' id='word_1_340' title='bbox 807 4220 921 4348; x_wconf 51' lang='lat' dir='ltr'><strong><em>{rofi</em></strong></span> <span class='ocrx_word' id='word_1_341' title='bbox 939 4284 1035 4345; x_wconf 74' lang='grc' dir='ltr'><strong><em>γὰρ</em></strong></span> <span class='ocrx_word' id='word_1_342' title='bbox 1055 4280 1375 4345; x_wconf 71' lang='grc' dir='ltr'><strong><em>προφέροντος</em></strong></span> <span class='ocrx_word' id='word_1_343' title='bbox 1395 4317 1408 4328; x_wconf 91' lang='grc'><strong>.</strong></span> <span class='ocrx_word' id='word_1_344' title='bbox 1434 4314 1447 4328; x_wconf 89' lang='grc'><strong>.</strong></span> <span class='ocrx_word' id='word_1_345' title='bbox 1482 4314 1495 4328; x_wconf 88' lang='grc'><strong>.</strong></span> <span class='ocrx_word' id='word_1_346' title='bbox 1531 4282 1593 4330; x_wconf 83' lang='grc' dir='ltr'><strong><em>ὡς</em></strong></span> <span class='ocrx_word' id='word_1_347' title='bbox 1612 4278 1738 4340; x_wconf 74' lang='grc' dir='ltr'>μετὰ</span> <span class='ocrx_word' id='word_1_348' title='bbox 1810 4275 1880 4328; x_wconf 80' lang='grc' dir='ltr'><strong>Ὠ</strong></span> <span class='ocrx_word' id='word_1_349' title='bbox 1910 4280 2113 4340; x_wconf 81' lang='grc' dir='ltr'><strong><em>Ἀκέσιε,</em></strong></span> <span class='ocrx_word' id='word_1_350' title='bbox 2152 4278 2361 4330; x_wconf 74' lang='grc' dir='ltr'>κλίμακα</span> <span class='ocrx_word' id='word_1_351' title='bbox 2394 4276 2487 4337; x_wconf 72' lang='grc' dir='ltr'><strong><em>θὲς,</em></strong></span> <span class='ocrx_word' id='word_1_352' title='bbox 2524 4278 2603 4327; x_wconf 78' lang='grc' dir='ltr'><strong><em>καὶ</em></strong></span> <span class='ocrx_word' id='word_1_353' title='bbox 2638 4276 2789 4337; x_wconf 71' lang='grc' dir='ltr'><strong><em>μόνος</em></strong></span> <span class='ocrx_word' id='word_1_354' title='bbox 2824 4278 2894 4329; x_wconf 73' lang='grc' dir='ltr'><strong><em>εἷς</em></strong></span> 
     </span>
     <span class='ocr_line' id='line_1_43' title="bbox 684 4341 2885 4409; baseline -0.002 -12"><span class='ocrx_word' id='word_1_355' title='bbox 684 4350 744 4397; x_wconf 78' lang='grc' dir='ltr'><strong><em>τὸ</em></strong></span> <span class='ocrx_word' id='word_1_356' title='bbox 765 4348 1015 4409; x_wconf 75' lang='grc' dir='ltr'><strong><em>βάπτισμα</em></strong></span> <span class='ocrx_word' id='word_1_357' title='bbox 1041 4347 1278 4395; x_wconf 78' lang='grc' dir='ltr'>κοινωνίας</span> <span class='ocrx_word' id='word_1_358' title='bbox 1300 4346 1384 4394; x_wconf 76' lang='grc' dir='ltr'><strong><em>οὐκ</em></strong></span> <span class='ocrx_word' id='word_1_359' title='bbox 1409 4346 1530 4406; x_wconf 67' lang='grc' dir='ltr'><strong><em>ἀξιοῖ</em></strong></span> <span class='ocrx_word' id='word_1_360' title='bbox 1558 4363 1740 4405; x_wconf 77' lang='grc' dir='ltr'><strong><em>μυστη-</em></strong></span> <span class='ocrx_word' id='word_1_361' title='bbox 1821 4344 2043 4407; x_wconf 75' lang='grc' dir='ltr'><strong><em>οὖρανοὺς</em></strong></span> <span class='ocrx_word' id='word_1_362' title='bbox 2094 4341 2338 4405; x_wconf 62' lang='grc' dir='ltr'><strong><em>ἀνάβηθι]</em></strong></span> <span class='ocrx_word' id='word_1_363' title='bbox 2373 4369 2439 4377; x_wconf 86' lang='grc'><strong>-</strong></span> <span class='ocrx_word' id='word_1_364' title='bbox 2470 4342 2666 4391; x_wconf 78' lang='lat' dir='ltr'><strong><em>Sozom.</em></strong></span> <span class='ocrx_word' id='word_1_365' title='bbox 2716 4341 2885 4405; x_wconf 74' lang='lat' dir='ltr'><strong><em>[Hist.</em></strong></span> 
     </span>
     <span class='ocr_line' id='line_1_44' title="bbox 681 4405 2719 4476; baseline -0.003 -15"><span class='ocrx_word' id='word_1_366' title='bbox 681 4414 793 4476; x_wconf 82' lang='grc' dir='ltr'><strong><em>ρι’ων</em></strong></span> <span class='ocrx_word' id='word_1_367' title='bbox 836 4413 946 4462; x_wconf 76' lang='grc' dir='ltr'><strong>τοὺς</strong></span> <span class='ocrx_word' id='word_1_368' title='bbox 993 4409 1219 4473; x_wconf 72' lang='grc' dir='ltr'>ἁμαρτίας</span> <span class='ocrx_word' id='word_1_369' title='bbox 1260 4407 1476 4471; x_wconf 71' lang='grc' dir='ltr'><strong><em>ὄνόχονς,</em></strong></span> <span class='ocrx_word' id='word_1_370' title='bbox 1520 4410 1579 4467; x_wconf 68' lang='grc' dir='ltr'><strong><em>ἣν</em></strong></span> <span class='ocrx_word' id='word_1_371' title='bbox 1622 4409 1738 4472; x_wconf 73' lang='grc' dir='ltr'><strong><em>πρὸς</em></strong></span> <span class='ocrx_word' id='word_1_372' title='bbox 1823 4408 1954 4458; x_wconf 79' lang='lat' dir='ltr'><strong><em>Eccl.</em></strong></span> <span class='ocrx_word' id='word_1_373' title='bbox 1990 4407 2108 4470; x_wconf 92' lang='lat' dir='ltr'><strong><em>lib.]</em></strong></span> <span class='ocrx_word' id='word_1_374' title='bbox 2134 4408 2168 4456; x_wconf 86' lang='lat' dir='ltr'><strong><em>i.</em></strong></span> <span class='ocrx_word' id='word_1_375' title='bbox 2207 4405 2363 4471; x_wconf 74' lang='lat' dir='ltr'><strong><em>[cap-J</em></strong></span> <span class='ocrx_word' id='word_1_376' title='bbox 2393 4409 2470 4456; x_wconf 84' lang='lat'><strong><em>22.</em></strong></span> <span class='ocrx_word' id='word_1_377' title='bbox 2509 4407 2585 4470; x_wconf 86' lang='lat' dir='ltr'><strong><em>[p.</em></strong></span> <span class='ocrx_word' id='word_1_378' title='bbox 2612 4405 2719 4471; x_wconf 61' lang='lat' dir='ltr'><strong><em>AL]</em></strong></span> 
     </span>
     <span class='ocr_line' id='line_1_45' title="bbox 682 4473 2271 4536; baseline -0.004 -11"><span class='ocrx_word' id='word_1_379' title='bbox 682 4475 886 4525; x_wconf 76' lang='grc' dir='ltr'>Θάνατον</span> <span class='ocrx_word' id='word_1_380' title='bbox 908 4479 1136 4524; x_wconf 75' lang='grc' dir='ltr'>καλοῦσιν</span> <span class='ocrx_word' id='word_1_381' title='bbox 1158 4475 1207 4522; x_wconf 83' lang='grc' dir='ltr'><strong><em>αἱ</em></strong></span> <span class='ocrx_word' id='word_1_382' title='bbox 1229 4476 1345 4522; x_wconf 74' lang='grc' dir='ltr'>θεῖαι</span> <span class='ocrx_word' id='word_1_383' title='bbox 1365 4475 1561 4536; x_wconf 74' lang='grc' dir='ltr'>γραφαί·</span> <span class='ocrx_word' id='word_1_384' title='bbox 1617 4476 1740 4522; x_wconf 72' lang='grc' dir='ltr'><strong>Θεοῦ</strong></span> <span class='ocrx_word' id='word_1_385' title='bbox 1887 4482 1908 4512; x_wconf 76' lang='lat' dir='ltr'>P</span> <span class='ocrx_word' id='word_1_386' title='bbox 1945 4477 1969 4521; x_wconf 95' lang='lat'>1</span> <span class='ocrx_word' id='word_1_387' title='bbox 1998 4473 2108 4523; x_wconf 87' lang='lat' dir='ltr'><strong><em>Cor.</em></strong></span> <span class='ocrx_word' id='word_1_388' title='bbox 2133 4474 2199 4522; x_wconf 84' lang='lat' dir='ltr'><strong><em>iv.</em></strong></span> <span class='ocrx_word' id='word_1_389' title='bbox 2225 4474 2271 4520; x_wconf 82' lang='lat'><strong><em>4.</em></strong></span> 
     </span>
     <span class='ocr_line' id='line_1_46' title="bbox 681 4538 2337 4601; baseline -0.001 -15"><span class='ocrx_word' id='word_1_390' title='bbox 681 4538 775 4600; x_wconf 69' lang='grc' dir='ltr'><strong><em>’γάρ</em></strong></span> <span class='ocrx_word' id='word_1_391' title='bbox 799 4539 1009 4600; x_wconf 73' lang='grc' dir='ltr'><strong><em>ἐξουσίας</em></strong></span> <span class='ocrx_word' id='word_1_392' title='bbox 1027 4540 1187 4598; x_wconf 75' lang='grc' dir='ltr'><strong><em>μόνον,</em></strong></span> <span class='ocrx_word' id='word_1_393' title='bbox 1210 4539 1302 4598; x_wconf 81' lang='grc' dir='ltr'><strong><em>οὐχ</em></strong></span> <span class='ocrx_word' id='word_1_394' title='bbox 1325 4539 1485 4601; x_wconf 74' lang='grc' dir='ltr'>ἱερέων</span> <span class='ocrx_word' id='word_1_395' title='bbox 1506 4540 1736 4601; x_wconf 78' lang='grc' dir='ltr'>ἠρτῆσθαι</span> <span class='ocrx_word' id='word_1_396' title='bbox 1887 4546 1908 4577; x_wconf 76' lang='lat'><strong><em>‘¹</em></strong></span> <span class='ocrx_word' id='word_1_397' title='bbox 1946 4541 1968 4587; x_wconf 90' lang='grc'><strong>1</strong></span> <span class='ocrx_word' id='word_1_398' title='bbox 1993 4538 2138 4588; x_wconf 75' lang='lat' dir='ltr'><strong><em>Joan.</em></strong></span> <span class='ocrx_word' id='word_1_399' title='bbox 2162 4538 2236 4587; x_wconf 82' lang='lat' dir='ltr'><strong><em>iii.</em></strong></span> <span class='ocrx_word' id='word_1_400' title='bbox 2260 4539 2337 4586; x_wconf 84' lang='lat'><strong><em>20.</em></strong></span> 
     </span>
    </p>
   </div>
  </div>
 </body>
</html>
