3165 4959
1425 1102 1531 1167 An
1578 1102 1796 1168 CAPUT
1844 1103 2133 1168 Snx'rmu.

740 1338 886 1400 Quod
921 1340 1205 1393 Cardinalis
1238 1342 1575 1394 Bellsrminus
1602 1342 1790 1396 directe
1824 1342 2140 1408 responderit
2170 1341 2236 1392 ad
2270 1340 2578 1406 Apologiam
2612 1354 2705 1404 pro
2736 1339 2770 1389 J
2775 1355 2886 1390 ura·

804 1428 978 1474 mento
1000 1421 1303 1475 Fidelitstis.
1353 1424 1686 1477 Adversarius
1707 1442 1824 1477 vero
1846 1431 2035 1476 statum
2060 1439 2221 1475 causae
2244 1429 2425 1484 mutet,
2446 1427 2500 1473 et
2520 1422 2587 1473 ad
2610 1423 2714 1472 slis
2734 1429 2885 1473 extra

804 1520 911 1555 rem
932 1505 1476 1572 &mediatum—[Bell.
1496 1507 1647 1571 Apol.
1663 1523 1754 1573 pro
1777 1507 1924 1572 Resp.
1960 1507 2071 1571 Op„
2095 1511 2218 1558 tom.
2238 1506 2326 1556 vii.
2349 1505 2439 1556 col.
2460 1505 2571 1557 734.
2589 1502 2677 1568 A.]

682 1646 863 1717 Quod
922 1646 1281 1709 Cardinalis
1339 1647 1760 1710 Bellarminus
1832 1648 2068 1710 directe
2140 1667 2262 1710 non
2331 1645 2719 1726 responderit
2796 1644 2889 1706 ad

760 1748 1135 1830 Apoloyiam
1179 1769 1306 1829 pro
1364 1749 1730 1811 Juramento
1789 1748 2152 1812 Fidelitatis
2184 1776 2204 1810 :
2267 1748 2691 1811 Adversarius
2734 1766 2884 1809 vero

757 1857 992 1914 statum
1036 1872 1236 1915 causoe
1279 1873 1401 1915 non
1428 1859 1641 1929 mutet,
1672 1873 1784 1916 nec
1812 1854 1903 1916 ad
1927 1855 2058 1916 alia
2088 1854 2484 1937 diyrediatur
2512 1860 2696 1916 extra
2724 1872 2880 1916 rem.

738 2253 1075 2305 Bellarminus
1097 2251 1160 2304 ad
1182 2253 1322 2317 prius
1343 2251 1475 2304 illud
1497 2253 1664 2317 Caput
1684 2253 1874 2304 directe
1891 2253 2170 2318 respondit,
2193 2253 2250 2303 iu
2271 2253 2363 2304 illo
2384 2251 2687 2304 Jursmenw
2710 2253 2878 2304 fideli-

797 2339 922 2388 tatis
936 2353 1040 2387 non
1063 2337 1313 2388 contineri
1326 2336 1486 2387 solam
1499 2336 1703 2387 civilem
1727 2337 2083 2399 obedientiam,
2105 2337 2194 2388 sed
2208 2338 2575 2401 abjurationem
2594 2336 2882 2389 Pontificiae

798 2418 1296 2485 potestatis—[Bell.
1311 2418 1460 2483 Apol.
1484 2432 1575 2481 pro
1592 2418 1770 2483 Resp.]
1795 2433 1843 2483 p.
1867 2421 1944 2470 54.
1971 2419 2112 2486 [Op.,
2135 2423 2257 2470 tom.
2282 2419 2370 2469 vii.
2395 2420 2488 2469 col.
2508 2419 2623 2472 734.
2641 2419 2724 2483 C.]

345 2564 559 2629 [Benar-
671 2556 1033 2622 QUAERI'FUR
1069 2554 1229 2639 jam,
1269 2554 1378 2617 An
1424 2554 1659 2616 directe
1696 2554 2086 2635 responderit
2122 2554 2482 2617 Cardinalis
2526 2555 2606 2619 ad
2635 2556 2878 2638 Apolo-

340 2631 631 2759 Ϊὲζῗξέζὲῃ
669 2659 863 2741 giam,
913 2681 998 2722 an
1056 2679 1207 2725 vero
1263 2656 1499 2721 statum
1550 2677 1752 2720 causae
1808 2658 2163 2734 mutaverit,
2213 2658 2528 2739 digressus
2585 2659 2676 2721 ad
2722 2660 2877 2723 alia.

340 2758 529 2811 dimota
671 2763 898 2847 Capita
928 2763 1056 2827 duo
1086 2766 1293 2826 erant.
1384 2760 1715 2837 Primum3
1763 2760 1846 2823 In
1886 2760 2260 2844 juramento
2305 2760 2687 2839 Fidelitatis,
2720 2782 2875 2826 oon-

338 2838 563 2952 ggiidriffi
667 2865 861 2929 tineri
913 2865 1112 2929 solam
1161 2861 1412 2928 civilem
1462 2862 1917 2927 obedientiam.
2006 2864 2264 2945 Directe
2313 2864 2749 2945 respondisset,
2797 2865 2875 2944 si,

668 2989 817 3031 cum
846 2967 1056 3030 tribus
1084 2965 1241 3030 locis
1271 2971 1551 3048 ponatur
1577 2965 1671 3028 ibi
1698 2965 1767 3028 in
1789 2966 2164 3048 juramento
2187 2952 2306 3031 θοι
2329 2966 2471 3050 ipsa
2491 2967 2873 3046 obedientioe,

668 3069 739 3132 in
768 3068 981 3151 aliquo
1010 3067 1210 3130 trium
1240 3066 1650 3130 obedientiam
1680 3066 1873 3129 aliam
1903 3089 2097 3150 quam
2127 3068 2377 3132 civilem
2405 3068 2646 3152 requiri
2675 3068 2874 3134 docu-

663 3171 854 3235 isset:
919 3171 1075 3233 Non
1118 3169 1356 3246 docuit,
1390 3169 1627 3232 directe
1669 3190 1823 3252 ergo
1866 3191 1990 3233 non
2034 3171 2374 3252 respondit.
2464 3170 2686 3236 Verba
2713 3173 2875 3256 ipsa,

666 3294 810 3358 quoe
858 3271 1020 3335 inibi
1070 3271 1394 3355 operativa
1445 3277 1620 3351 sunt,
1663 3273 2044 3354 fidelitatem
2091 3280 2298 3337 tamen
2347 3280 2409 3337 et
2464 3295 2676 3344 veram
2734 3276 2875 3340 obe-

664 3377 964 3439 dientiam
999 3373 1316 3456 proestabo
1366 3375 1545 3456 Reyi,
1601 3396 1686 3437 an
1738 3375 1935 3438 alium
1988 3397 2249 3440 sensum
2294 3375 2529 3441 habere
2575 3386 2871 3459 possunt,

665 3501 859 3565 quam
889 3478 970 3542 de
999 3476 1167 3540 civili
1196 3476 1329 3540 sola
1358 3484 1424 3541 et
1454 3475 1822 3540 obedientia
1850 3483 1917 3541 et
1945 3476 2072 3541 fide
2088 3479 2119 3541 ⁴?
2193 3479 2324 3555 An,
2355 3486 2583 3542 eontra
2612 3479 2873 3563 aliquod

425 3591 552 3654 130
663 3581 989 3666 religionis
1019 3579 1355 3664 Papisticae
1384 3588 1578 3663 caput
1618 3600 1696 3643 ex
1741 3579 2005 3644 adverso
2047 3581 2426 3663 ponuntur?
2472 3603 2691 3646 annon
2720 3604 2875 3648 eon-

662 3694 766 3752 tra
823 3684 1286 3770 depositionem
1346 3684 1561 3767 Regis,
1625 3683 2111 3768 dispositionem
2165 3684 2397 3766 Regni,
2452 3690 2519 3748 et
2577 3707 2721 3769 quae
2777 3688 2873 3752 ibi

663 3789 895 3854 similia
935 3795 1107 3866 sunt,
1140 3787 1317 3851 sola?
1406 3788 1499 3850 At
1531 3786 1883 3870 respondit,
1922 3787 2375 3868 abjurationem
2418 3788 2618 3851 inesse
2648 3791 2871 3853 Ponti-

647 3893 819 3977 ficioe
856 3893 1214 3975 potestatis.
1306 3893 1413 3955 Ne
1462 3891 1554 3954 sie
1608 3889 1868 3974 quidem
1911 3890 2165 3954 directe.
2257 3891 2414 3954 Non
2457 3890 2631 3954 enim
2674 3892 2872 3956 ullius

660 3997 1020 4083 potestatis,
1072 4016 1214 4079 quae
1262 4016 1409 4059 vere
1466 3993 1808 4058 Pontificio.
1866 3993 1970 4072 sit,
2023 4014 2159 4056 non
2218 3992 2435 4071 ullius,
2488 3994 2614 4057 nisi
2673 4016 2869 4078 quam

660 4106 977 4185 usurpant
1018 4098 1087 4161 in
1137 4098 1344 4175 CiveS,
1390 4117 1474 4160 ne
1517 4095 1770 4160 civilem
1800 4095 2208 4180 Principibus
2239 4094 2672 4160 obedientiam
2702 4118 2866 4181 prae-

665 4212 837 4267 stare
865 4206 1252 4267 teneantur:
1298 4207 1394 4279 ut,
1427 4206 1492 4263 et
1538 4199 1677 4262 haec
1720 4205 2005 4281 potestas
2050 4197 2354 4281 abnegari
2381 4199 2604 4282 possit,
2636 4205 2703 4263 et
2735 4201 2869 4264 sols

663 4314 887 4370 tamen
913 4302 1007 4367 ibi
1034 4302 1235 4367 civilis
1263 4300 1628 4366 obedientia
1657 4300 1995 4364 contineri.

727 4461 886 4522 quue
907 4457 1132 4508 ostendit
1151 4457 1316 4508 tribus
1334 4457 1668 4520 argumentis,
1688 4470 1751 4506 ex
1775 4455 1946 4506 'ritulo
1967 4452 2153 4515 Edieti,
2175 4454 2264 4518 qui
2297 4457 2376 4504 est
2395 4452 2462 4504 ad
2483 4452 2792 4517 detegendos
2813 4457 2866 4505 ei.

790 4535 1133 4600 reprimendos
1156 4537 1415 4600 Papistas3
1437 4552 1502 4587 ex
1524 4537 1692 4588 verbis
1711 4535 2016 4598 sumenti,
2040 4535 2130 4586 ubi
2155 4539 2372 4598 negatur
2384 4535 2622 4586 Pontifici
2643 4540 2865 4601 potestas
