3165 4959
938 335 1304 384 stomoma
1347 336 1711 386 nmmusm.
2345 325 2430 385 23

210 487 344 553 duo
392 489 465 552 hi
523 488 699 552 inter
750 508 819 552 se
865 488 1273 554 cohaereant?
1345 497 1420 553 ut
1478 491 1553 568 si,
1604 491 1808 568 Alius,
1871 491 1975 555 hic
2031 492 2105 554 in
2155 491 2197 552 J
2200 513 2429 570 oanne,

209 591 661 656 Antichristus
684 615 703 667 ;
753 597 818 654 et
851 592 890 654 J
897 590 1064 655 udex
1092 592 1202 654 ille
1231 591 1495 675 iniquus
1525 592 1598 655 in
1629 593 1809 656 Luca
1828 593 2168 658 habendus
2198 594 2282 658 sit
2312 615 2429 677 pro

213 694 629 757 Antichristo
668 699 737 757 et
784 694 1029 757 Messia
1070 696 1110 758 J
1114 694 1466 758 udaeorum.
1557 696 1808 760 Verum
1847 696 2042 775 enim,
2083 696 2429 780 Allegoriae

211 796 409 860 modo
454 803 609 860 sunt
652 795 776 874 hae,
828 796 995 879 (quis
1038 817 1172 861 non
1198 796 1374 861 videt
1395 798 1450 879 ?)
1493 805 1561 862 et
1600 799 1988 882 conjecturae
2031 819 2260 863 merae:
2305 820 2432 864 nec

212 921 401 964 secus
431 899 769 963 habendae.
856 900 1068 964 Aliter
1096 901 1273 963 enim
1304 899 1587 964 habendi
1618 901 1861 980 Patres,
1893 921 2043 965 cum
2082 902 2427 966 Commen-

212 1003 416 1066 tarios
443 1002 516 1065 in
547 1003 964 1080 Contextum,
996 1003 1202 1081 aliter,
1227 1024 1377 1067 cum
1406 1003 1711 1067 vaticinia
1738 1003 1818 1068 de
1847 1003 2085 1068 futuris
2116 1004 2425 1085 scribunt,

214 1106 340 1168 etsi
369 1105 511 1169 haec
539 1105 677 1188 ipsa
697 1105 981 1169 scribant
1006 1106 1078 1169 in
1100 1106 1616 1171 Commentariis.

302 1208 433 1270 Illa
461 1216 618 1271 sunt
646 1208 819 1291 apud
850 1210 1074 1273 Patres
1104 1211 1312 1273 multo
1340 1210 1547 1294 magis
1575 1211 1855 1295 liquida:
1901 1212 2073 1295 apud
2106 1212 2425 1297 Hierony-

216 1331 401 1373 mum
431 1309 515 1373 de
553 1311 721 1373 Sede
748 1311 1136 1375 Antichristi
1166 1313 1440 1378 Romadz
1488 1315 1660 1399 apud
1694 1316 2018 1380 Irenaeum
2046 1315 2127 1379 de
2154 1337 2428 1380 numero

216 1413 500 1477 nominis
528 1416 841 1483 λατεΐνος.
942 1417 1136 1480 Valde
1163 1419 1512 1498 verisimile,
1553 1418 1811 1502 (inquit)
1856 1421 2144 1500 quoniam
2178 1421 2428 1485 verissi-

217 1536 384 1577 mum
425 1515 577 1598 [leg.
608 1517 1031 1603 novissimum]
1079 1520 1358 1601 Regnum
1396 1522 1513 1586 hoc
1551 1521 1736 1584 habet
1762 1520 2138 1584 vocabulum.
2211 1520 2431 1584 Latini

217 1619 381 1679 adm
408 1624 553 1681 sunt
592 1620 699 1700 qui
740 1640 901 1682 nunc
937 1628 1247 1703 requam!
1330 1623 1526 1707 Apud
1557 1623 2113 1707 chrysostomum,
2156 1623 2235 1686 de
2263 1630 2427 1687 tem-

216 1742 374 1802 pore
400 1747 415 1784 :
462 1722 799 1785 vacantem
828 1723 1073 1804 imperii
1102 1725 1540 1807 Principatum
1567 1726 1821 1790 invadet
1836 1724 1885 1792 f.-
1920 1747 2063 1810 quae
2091 1734 2332 1806 tamen,
2374 1728 2430 1791 si

218 1823 367 1904 quis
396 1832 740 1905 premeret,
776 1826 993 1906 spargi
1032 1827 1266 1910 (credo)
1306 1828 1549 1892 diceret
1585 1829 1698 1891 illa
1728 1828 2107 1906 cardinalis,
2138 1849 2272 1892 non
2302 1829 2428 1892 col-

212 1927 332 2007 1592·
351 1954 372 1987 .·
405 1947 527 1991 nec
556 1948 634 1990 ea
664 1928 886 1991 statim
906 1950 1032 2009 pro
1071 1931 1308 1993 Christi
1335 1931 1644 1994 sententia
1672 1929 2008 1994 habiturus
2035 1938 2221 1995 esset.

308 2029 722 2113 Quanquam,
756 2032 1120 2116 quicunque
1142 2033 1401 2098 demum
1432 2035 1619 2096 Alius
1646 2034 1908 2097 venisset
1935 2035 2004 2095 in
2030 2035 2272 2096 nomine
2297 2053 2428 2110 sua,

214 2153 353 2195 non
393 2133 726 2197 immerito
760 2134 977 2198 forsan
1011 2136 1456 2200 Antichristus
1495 2135 1828 2218 indigitari
1872 2143 2125 2219 posset:
2173 2135 2304 2214 sed,
2349 2137 2428 2199 de

216 2234 445 2297 multis
490 2235 620 2297 illis
659 2237 1098 2314 Antichristis‚
1136 2239 1218 2301 de
1267 2238 1501 2321 quibus
1550 2239 1593 2300 J
1597 2259 1837 2302 oannes
1886 2238 1959 2301 in
2000 2237 2347 2321 Epistolass‚
2392 2259 2430 2302 e

215 2335 476 2419 quibus,
509 2357 642 2399 non
673 2357 866 2401 nemo
895 2338 1060 2403 forte
1090 2339 1494 2422 recipiendus
1526 2360 1565 2401 a
1594 2340 1636 2401 J
1638 2339 1839 2402 udaeis
1869 2360 1984 2422 pro
2013 2337 2277 2416 Messia,
2307 2338 2432 2401 nisi

206 2440 352 2522 jam
382 2438 582 2502 etiam
613 2440 769 2504 olim
808 2449 1102 2525 receptus
1147 2443 1252 2507 sit.
1346 2444 1435 2508 At
1463 2464 1738 2526 magnus
1771 2442 1913 2521 Ille,
1951 2441 2056 2525 (de
2085 2462 2215 2524 quo
2243 2439 2433 2504 nobis

215 2541 458 2620 sermo)
492 2562 626 2605 non
655 2542 848 2606 modo
868 2544 1075 2622 Alius,
1114 2544 1331 2626 (nimis
1362 2552 1638 2626 angusta
1666 2543 1749 2607 ad
1778 2544 1989 2622 illum,
2030 2543 2226 2606 nimis
2255 2542 2438 2605 blan-

214 2640 303 2704 da
331 2662 457 2705 vox
487 2642 647 2722 haee,
680 2644 888 2727 Alius)
925 2667 1056 2708 non
1086 2646 1292 2724 Alius,
1340 2667 1472 2708 non
1504 2646 1784 2707 diversus
1822 2646 1933 2708 ille
1973 2645 2203 2719 modo;
2249 2643 2441 2727 plane

214 2744 523 2807 adversus
566 2747 712 2823 erit,
755 2754 947 2830 atque
1000 2748 1097 2830 (ut
1149 2768 1298 2811 eum
1340 2756 1525 2811 vocat
1569 2747 1946 2829 Apostolus)
1993 2743 2437 2824 ἀντικείμενος.

218 2849 451 2930 Longe
467 2870 619 2913 vero
647 2849 821 2913 inter
849 2872 917 2914 se
945 2859 1213 2930 remota,
1233 2853 1422 2914 Alius
1451 2852 1739 2913 Christus
1767 2849 1838 2910 in
1865 2848 2073 2930 Epist.
2108 2847 2191 2909 ad
2210 2844 2436 2910 Cor.¹¹:

217 2959 287 3014 et
318 2952 776 3030 Antichristus,
807 2953 1109 3036 inEpist.
1146 2954 1227 3017 ad
1257 2951 1657 3017 Thessaloni.
1737 2951 1922 3013 Inter
1952 2949 2079 3012 duo
2114 2948 2273 3027 haec,
2305 2948 2440 3012 lata

223 3055 327 3134 (nt
356 3053 560 3132 vides)
597 3054 906 3118 distantia
933 3077 1097 3139 pene
1129 3078 1206 3120 ex
1236 3063 1375 3119 tota
1405 3056 1740 3118 diametrO.

312 3157 582 3236 Verum,
621 3159 728 3236 sit,
775 3180 857 3221 ne
899 3160 980 3221 sit
1016 3160 1467 3238 Antichristus,
1503 3158 1672 3220 nihil
1714 3156 1838 3220 hoc
1881 3155 1964 3219 ad
2014 3156 2436 3219 Christianam

204 3259 429 3341 fidem,
463 3260 544 3321 de
572 3281 698 3341 qua
727 3259 1096 3324 instituerat
1126 3261 1337 3324 dicere
1368 3260 1747 3337 Cardinalis,
1781 3279 1928 3322 cum
1958 3279 2090 3322 non
2119 3265 2435 3341 proponat

219 3363 362 3426 haec
415 3384 535 3426 sua
579 3364 719 3426 Rex
760 3363 944 3447 quasi
988 3385 1091 3427 res
1122 3362 1303 3444 fidei,
1337 3364 1726 3426 sententiam
1770 3363 1965 3426 modo
2011 3362 2091 3425 de
2137 3383 2207 3425 re
2253 3382 2433 3425 suam

218 3467 490 3550 aperiat.
582 3466 803 3530 Verba
843 3468 983 3550 ipsa
1024 3467 1224 3550 ipsius
1266 3473 1455 3529 sunt:
1513 3467 1698 3528 Nolle
1740 3486 1806 3528 se
1845 3487 1976 3528 rem
2016 3467 2178 3528 hanc
2224 3465 2440 3526 Chris-

217 3572 419 3633 tianis
446 3570 727 3633 munibus
766 3571 856 3632 ad
896 3570 1264 3633 credendum
1306 3571 1720 3632 necessariam
1754 3589 1994 3651 urgere,
2025 3569 2140 3644 sed
2181 3569 2335 3650 quid
2360 3567 2438 3630 de

218 3679 351 3736 toto
396 3675 517 3736 hoc
554 3674 798 3754 negotio
836 3674 1086 3752 sentiat,
1117 3673 1280 3736 nude
1310 3679 1371 3735 et
1404 3674 1772 3755 simpliciter
1811 3670 2179 3754 explicarek.
2272 3669 2437 3735 Quae

282 3874 409 3940 ⁴[“
434 3874 570 3937 Lege
603 3876 963 3939 Apocalypsim
994 3875 1207 3926 Joannis
1242 3879 1296 3925 et
1379 3875 1484 3923 sius
1528 3874 1793 3936 expunxit.
1877 3872 2011 3922 Vide
2060 3875 2166 3923 not„
2203 3869 2441 3921 vallarsii

219 3939 345 4002 quid
369 3939 437 3988 de
459 3940 674 3989 muliere
695 3943 988 4003 purpurata,
1022 3945 1075 3990 et
1105 3941 1295 4003 scripta
1379 3938 1443 3988 ad
1467 3937 1559 3987 loc.
1570 3938 1592 4001 ]

220 4005 276 4053 in
330 4003 445 4067 ejus
501 4003 668 4053 fronte
712 4004 1043 4066 blasphemia,
1097 4019 1186 4068 sep
1188 4013 1292 4054 tem
1445 4010 1465 4035 ⁰
1518 4002 1590 4067 [S.
1639 4003 1770 4052 Iren.
1816 4007 1976 4052 contr.
2024 4000 2194 4065 Haer.]
2251 4000 2344 4050 lib.
2391 4014 2438 4049 v,

219 4069 503 4126 montibus,
539 4069 683 4132 aquis
715 4068 909 4124 multis,
943 4072 996 4117 et
1019 4068 1127 4118 Bab
1161 4069 1294 4120 lonis
1381 4065 1516 4131 [cap.
1547 4070 1625 4117 30.
1649 4082 1698 4131 p.
1718 4068 1828 4117 329.
1853 4068 1944 4116 col.
1970 4066 2046 4130 1.]

219 4137 457 4183 cantatur
523 4134 685 4192 exitu,
744 4133 972 4182 intuere'
974 4132 1104 4197 ’—-]
1039 4085 1288 4197 —sspisa
1443 4129 1460 4162 ¹
1494 4130 1672 4193 [⁷0rav
1699 4132 1751 4181 δὲ
1777 4130 1962 4189 ακῦτη
1933 4131 2198 4239 καταλυθῇ
2229 4130 2306 4177 ὄπι
2307 4124 2443 4185 ⁰⁷56«-

220 4196 418 4308 g'aulae
430 4200 487 4246 et
503 4195 792 4259 Eustochii]
809 4196 1114 4246 dearcell.
1135 4197 1290 4262 [apud
1377 4214 1457 4244 ται
1479 4196 1785 4259 τῇἅναρχίᾳ.
1820 4195 1869 4244 S.
1883 4194 2015 4255 Ohry
2019 4199 2080 4242 st.
2171 4205 2269 4238 om.
2292 4191 2358 4238 iv,
2383 4190 2440 4238 in

286 4260 430 4309 Hier.
447 4258 492 4308 Ε
531 4261 616 4309 ist.
633 4259 728 4323 Ep.
748 4195 875 4309 x]lvi.
894 4260 1021 4310 Vall.
1048 4262 1132 4322 (al.
1144 4262 1289 4324 xvii.)
1379 4259 1666 4308 2Thesaii.
1686 4259 1797 4335 Op„
1815 4262 1937 4306 tom.
1953 4259 2022 4306 iv.
2045 4271 2093 4320 p.
2102 4257 2214 4306 235.
2232 4254 2324 4302 lin.
2338 4253 2438 4316 30.]

219 4330 340 4374 sect.
362 4327 441 4373 11.
465 4274 578 4386 cg»,
602 4328 729 4373 tom.
752 4324 789 4372 i.
811 4325 902 4374 col.
923 4327 1034 4375 206.
1052 4326 1114 4374 A.
1165 4324 1293 4374 Haec
1443 4333 1468 4365 Β
1506 4326 1531 4372 1
1557 4323 1732 4373 John
1718 4324 1773 4370 ii.
1800 4324 1875 4370 18.

221 4403 421 4501 {¹:¹2⁶
442 4387 810 4515 Ἑῧῖᾦίἥὲἓω
817 4389 950 4502 155?
948 4390 1294 4517 “rimffi
1443 4388 1469 4484 ἴ
1502 4393 1533 4504 ἓ
1557 4387 1747 4500 ‘1³2ssae
1751 4388 1833 4500 11⁴
1834 4453 1863 4500 4

222 4517 382 4579 ipsius
403 4516 469 4566 ad
505 4516 823 4577 Marcellam,
854 4533 881 4566 e
903 4532 1002 4580 qua
1023 4533 1083 4568 ea
1104 4517 1296 4569 Vallar-
1451 4519 1474 4550 ¹¹
1510 4521 1564 4583 [“
1582 4516 1716 4566 Nolo
1740 4532 1847 4567 rem
1871 4521 1979 4566 tam
2003 4515 2265 4566 obscuram
2289 4520 2342 4566 et
2362 4516 2436 4566 in-

2581 2966 2658 3025 19
