3165 4959
910 339 1275 388 stomoma
1319 340 1683 388 nnsronsm.
2280 330 2409 393 399

285 498 379 560 At
425 496 504 559 de
555 496 818 561 Gotthis
864 497 1068 580 deque
1116 496 1425 560 Vandalis
1470 497 1690 559 mirari
1742 496 1932 575 subit,
1982 499 2151 580 quod
2196 510 2409 582 neget,

192 601 391 662 ullam
423 598 720 680 Pontzfici
739 601 1000 682 playam
1030 601 1333 662 intulisse.
1424 600 1817 663 Poterantne
1846 601 1916 662 in
1948 601 2203 664 Italiam
2235 624 2410 685 gras-

193 704 322 766 sari
354 710 577 780 totam,
610 710 704 781 ut,
737 703 849 786 qui
876 704 947 766 in
975 703 1134 766 urbe
1165 704 1373 767 Italiae
1405 704 1701 787 Principe
1730 711 1871 766 tum
1908 704 2223 787 Pontifex,
2247 706 2410 769 nihil

192 805 278 868 de
309 806 511 888 playa
556 806 866 869 senserit?
942 806 1140 869 Aliud
1183 802 1277 869 illi
1314 814 1604 869 narraret
1634 807 1787 885 Leo,
1821 829 2010 890 quem
2039 809 2206 871 tanti
2234 809 2407 887 facit,

192 907 252 970 si
295 907 368 970 in
410 907 566 972 vivis
612 916 796 987 esset,
843 916 1233 991 quantopere
1277 909 1630 992 trepidarit,
1678 932 1871 993 quam
1921 932 1988 974 se
2033 910 2103 973 in
2150 932 2408 975 omnem

192 1019 451 1094 partem
493 1012 776 1090 versarit,
814 1033 1007 1095 quam
1052 1032 1272 1075 omnes
1316 1013 1558 1095 ingenii
1601 1034 1829 1077 nervos
1873 1022 1938 1077 et
1984 1013 2236 1078 dicendi
2279 1016 2408 1078 vim

191 1135 460 1178 omnem
488 1114 852 1194 intenderit,
878 1136 1005 1199 quo
1034 1116 1287 1199 plagam
1317 1116 1681 1181 declinaret.
1744 1117 2170 1183 Quantumvis
2193 1126 2408 1199 autem

193 1217 501 1280 averterit
537 1218 746 1301 primo
775 1218 1138 1302 eloquentia
1167 1240 1281 1281 sua
1308 1219 1738 1282 Barbarorum
1764 1221 2078 1303 impetum
2110 1242 2149 1283 a
2177 1222 2410 1284 civium

194 1319 569 1399 cervicibus,
602 1320 879 1385 secundo
908 1342 1040 1384 non
1077 1322 1376 1405 potuisse.
1467 1323 1689 1406 Fregit
1718 1323 2010 1401 Attilam,
2041 1345 2175 1388 non
2203 1326 2413 1407 potuit

196 1422 643 1486 Gensericum.
731 1424 1000 1505 Playam
1039 1425 1282 1508 accepit
1312 1423 1628 1508 Pontzfeoe,
1649 1427 1912 1508 playam
1951 1447 2228 1510 gravem,
2247 1426 2414 1490 urbs

194 1523 469 1605 direpta,
499 1523 758 1587 incensa
797 1533 912 1604 oet,
943 1526 1209 1610 Templa
1246 1527 1441 1590 etiam
1476 1528 1779 1612 spoliata3
1827 1536 1913 1607 et,
1945 1536 2042 1592 est
2081 1529 2413 1612 quisquam

196 1628 310 1709 qui
355 1634 567 1710 neget,
601 1648 639 1689 a
666 1628 976 1692 Vandalis
1009 1631 1270 1713 plagam
1314 1631 1512 1693 ullam
1549 1632 1845 1714 Pontifici
1887 1631 2194 1714 inflictam
2231 1652 2365 1694 esse
2383 1633 2413 1694 ¹?

198 1730 425 1794 Ullam
457 1731 682 1794 Romae
697 1732 728 1794 ?
776 1732 904 1795 Fac
931 1739 1149 1796 tamen
1180 1754 1302 1796 non
1332 1726 1641 1815 accepisse
1687 1734 1828 1816 (nec
1857 1734 1927 1797 id
1956 1734 2138 1797 valde
2169 1734 2250 1797 ad
2278 1755 2414 1797 rem

195 1833 445 1913 refert.)
559 1834 830 1918 Accepit
887 1836 1241 1919 Imperium
1302 1858 1340 1899 a
1398 1837 1712 1899 Barbari-s·
1779 1837 1904 1900 illis
1951 1836 2233 1919 flayellis
2292 1838 2416 1900 Dei

182 1937 454 2019 playam
497 1957 790 2019 gravem:
838 1938 1045 2021 capite
1088 1939 1433 2018 minutum,
1470 1960 1654 2021 paene
1697 1940 1893 2002 etiam
1934 1940 2229 2002 attritum
2273 1948 2411 2016 est;

194 2060 320 2103 nec
370 2039 583 2122 potuit
622 2041 824 2122 playa
868 2041 980 2104 illa
1031 2043 1305 2107 Romam
1357 2063 1489 2105 non
1541 2041 1879 2125 attingere.
1967 2042 2110 2106 Etsi
2156 2052 2416 2126 propter

196 2142 440 2205 scelera
465 2142 651 2220 forte,
681 2164 815 2207 non
854 2165 996 2226 quae
1033 2146 1393 2208 Christiana
1431 2146 1589 2230 jam,
1622 2145 1732 2208 sed
1767 2166 1909 2227 quae
1953 2146 2107 2209 olim
2137 2146 2414 2209 Etlmica

196 2252 614 2328 perpetrarat.

289 2348 433 2411 Nec
491 2369 569 2411 eo
625 2347 838 2412 minus
890 2348 1331 2415 Antichristus
1384 2351 1728 2416 Pontifex:
1816 2353 1909 2415 At
1967 2351 2148 2415 nullo
2206 2353 2415 2415 colore

196 2450 594 2533 Imperator‚·
636 2452 896 2515 Seoetum
925 2452 1099 2516 enim
1127 2453 1319 2518 modo
1344 2454 1545 2536 Caput
1569 2454 1949 2538 Imperator,
1977 2455 2196 2535 Caput,
2222 2455 2411 2536 quod,

197 2554 520 2619 scribente
549 2555 980 2639 Apocalypsin
1018 2557 1291 2634 Joanne,
1325 2557 1519 2620 etiam
1564 2565 1707 2620 tum
1751 2564 1908 2620 erat.
2000 2557 2175 2620 Nam
2209 2557 2414 2638 Septi-

164 2653 387 2735 ‘mum,
433 2657 730 2741 Episcopi
774 2666 976 2738 erant,
1024 2659 1134 2722 sed
1181 2659 1290 2742 qui
1340 2659 1628 2723 nondum
1673 2659 2160 2742 degenerassent
2203 2659 2411 2742 plane,

198 2781 398 2844 penes
449 2782 607 2843 quos
664 2760 840 2825 urbis
897 2761 1204 2844 regimen,
1255 2770 1446 2844 atque
1506 2761 1993 2826 administrandi
2049 2762 2233 2840 ratio,
2276 2763 2412 2845 jam

199 2885 242 2925 a
268 2863 580 2926 translata
609 2864 1235 2947 Constantinopolim
1271 2865 1537 2948 Imperii
1572 2865 1739 2929 sede.
1840 2866 2158 2943 Octavum,
2190 2865 2413 2928 Ponti-

200 2965 341 3029 ficis
391 2973 551 3044 erat,
594 2966 706 3029 sed
765 2967 1146 3030 Universalis
1185 2968 1342 3051 jam,
1390 2967 1501 3031 sed
1544 2969 1684 3052 jam
1734 2968 2137 3031 Antia-bristi.
2227 2966 2411 3031 Idem

204 3069 568 3150 Septimum,
601 3069 750 3152 quia
777 3069 946 3133 visus
983 3070 1315 3134 succedere
1351 3071 1681 3155 Episcopis
1727 3070 2040 3135 Pontifex.
2131 3070 2317 3134 Idem
2348 3078 2414 3135 et

208 3172 532 3250 Octavum,
565 3172 716 3255 quia
753 3172 1047 3236 Pontifex
1084 3173 1221 3257 jam
1255 3174 1399 3257 plus
1447 3196 1640 3258 quam
1680 3173 1996 3253 Pontifex,
2025 3174 2169 3257 plus
2220 3174 2413 3237 etiam

203 3296 399 3358 quam
436 3276 668 3353 Caesar,
701 3275 810 3359 qui
855 3297 894 3338 a
933 3276 1432 3359 praecedentium
1478 3278 1940 3361 Episcoporum
1991 3298 2169 3341 more
2208 3277 2416 3360 prisco

201 3378 649 3461 degenerasset
698 3378 768 3441 in
816 3379 1310 3443 Antichristum.
1403 3380 1704 3463 Namque
1761 3381 1855 3443 ita
1912 3380 2195 3458 memini,
2246 3379 2414 3462 quod

203 3501 428 3544 caesum
456 3486 547 3544 est
583 3482 805 3563 Caput,
836 3482 1130 3565 quodque
1166 3483 1396 3546 revivit
1424 3482 1655 3559 denuo,
1688 3488 1971 3545 octavum
2006 3490 2317 3561 censetur,
2349 3489 2415 3544 et

204 3591 302 3647 est
330 3591 551 3647 tamen
588 3584 668 3648 de
702 3591 951 3666 septem.
1043 3586 1145 3649 De
1182 3590 1453 3665 septem5
1513 3593 1650 3647 erat
1690 3583 1862 3648 enim
1902 3585 2040 3668 jam
2079 3591 2222 3646 tum
2267 3604 2415 3646 cum

206 3687 455 3765 revixit,
492 3688 867 3751 Momm-chia
914 3687 1206 3772 quaedam
1240 3689 1524 3750 Romana
1545 3714 1564 3748 .·
1613 3686 1757 3751 Nec
1799 3693 2050 3750 mutata
2078 3685 2177 3749 vel
2217 3685 2414 3764 sedes,

206 3790 306 3854 vel
344 3790 543 3854 locus.
633 3792 862 3854 Unum
909 3813 1063 3875 ergo
1099 3791 1182 3855 de
1223 3796 1471 3872 septem,
1505 3791 1655 3874 quia
1698 3789 2076 3852 Monam-hia
2108 3788 2206 3851 vel
2252 3796 2414 3851 tum.

206 3894 297 3957 Et
326 3899 608 3957 octavum
637 3894 840 3959 nihilo
869 3894 1081 3958 minus
1117 3902 1432 3972 censetur,
1466 3894 1617 3976 quia
1649 3914 1781 3956 non
1810 3899 1885 3954 ut
1914 3891 2068 3955 olim
2098 3891 2414 3974 Episcopi,

207 3995 321 4060 sed
362 4003 438 4059 ut
479 4002 622 4059 tum
656 3997 1059 4076 Antichristi,
1092 4019 1259 4061 nova
1300 3997 1559 4080 species,
1599 4017 1835 4060 novum
1879 4001 2090 4078 caput,
2123 3993 2417 4077 quodque

206 4099 487 4162 multum
527 4099 812 4164 differret
864 4123 903 4163 a
942 4101 1199 4164 caeteris'
1209 4126 1221 4164 :
1291 4100 1409 4164 sub
1454 4121 1580 4183 quo
1619 4108 1839 4162 tamen
1877 4097 2128 4162 reddita
2172 4097 2414 4175 Romae,

211 4203 351 4285 (seu
378 4203 585 4282 malis,
617 4203 962 4289 Babyloni)
1000 4205 1194 4268 etiam
1224 4210 1431 4282 aucta,
1463 4202 1941 4287 magnificentia
1969 4201 2178 4265 omnis
2208 4221 2322 4263 sua
2350 4209 2416 4263 et

208 4305 565 4388 amplitudo
603 4307 893 4391 pristina.
985 4308 1080 4372 Ut
1110 4307 1230 4371 etsi
1264 4307 1342 4370 de
1376 4328 1646 4370 numero
1676 4313 1839 4369 esset
1877 4305 2154 4382 illorum,
2185 4310 2419 4367 natura

206 4409 495 4473 differret
536 4418 777 4489 tamen,
809 4418 1122 4494 quantum
1153 4433 1192 4474 a
1222 4410 1584 4476 Christiano
1623 4409 1938 4492 Episcopo
1965 4407 2419 4471 Antichristia-

208 4534 326 4576 nus
356 4510 676 4594 Pontifex.

2527 3480 2658 3543 289
