3165 4959
922 326 1290 377 Aromouffl
1331 324 1697 376 amonsm.
2287 316 2421 380 393

279 484 304 534 1
308 483 541 534 avocatio
561 482 729 533 divini
767 482 1011 543 nominis,
1034 486 1087 533 et
1125 480 1414 532 benedictio
1449 480 1804 541 sacerdotalis,
1827 495 1928 545 qua
1965 481 2097 533 cerei
2135 480 2277 545 Agni
2310 496 2425 532 cou-

347 569 623 625 secrantur,
650 564 907 615 veneficiis
943 563 1101 613 tribui
1134 578 1238 614 non
1269 567 1498 627 possunt,
1529 564 1631 613 nisi
1654 563 1790 613 Deus
1811 563 2057 614 habeatur
2077 578 2169 629 pro
2192 562 2423 614 Diabolo.

347 647 445 697 Illa
491 647 630 697 enim
674 645 917 696 veneficia
966 649 1101 705 sunt,
1142 660 1255 709 quae
1293 660 1358 695 ex
1392 645 1712 695 invocatione
1750 644 1955 695 Diaboli
1991 682 2003 694 .
2030 682 2044 695 .
2074 680 2087 695 .
2120 644 2253 694 fiunt
2308 644 2421 710 [leq.

343 728 452 777 vim
489 742 632 778 suam
666 726 1121 792 habent.]—[Bell.
1144 726 1293 791 Apol.
1334 741 1427 790 pro
1451 725 1623 791 Rosa]
1660 742 1709 791 p.
1736 728 1846 778 166.
1889 726 2032 791 [Op.,
2062 731 2189 777 tom.
2211 726 2301 775 vii.
2323 726 2418 776 col.

344 808 456 860 ⁷92
493 807 649 872 c.1).]

314 905 622 987 Veneficia
664 927 883 969 nonne
910 926 989 969 ea
1014 906 1157 989 lege
1184 906 1516 990 permissa,
1549 929 1589 970 a
1615 907 1815 985 vobis,
1848 906 2003 970 dum
2030 912 2198 970 veste
2225 906 2418 970 modo
2508 984 2540 997 ..
2563 934 2704 972 vene-

210 1008 317 1072 vel
360 1011 516 1072 sella
559 1008 821 1073 venenis
862 1007 1170 1087 delibuta,
1216 1010 1445 1073 confici
1492 1031 1596 1074 res
1647 1010 1848 1093 possit
1866 1018 1895 1047 ¹¹
1911 1011 1941 1072 ?
2040 1010 2217 1075 Quas
2245 1030 2415 1088 vero,
2478 983 2607 1048 ω]

212 1111 401 1193 quasi
448 1110 741 1194 Magicas
791 1110 1264 1175 incantationes
1312 1119 1529 1195 negat,
1590 1133 1668 1176 ex
1720 1133 1797 1176 eo
1842 1111 2013 1195 quod
2062 1132 2282 1174 nomen
2325 1109 2419 1174 ibi

211 1214 499 1276 divinum
542 1213 942 1292 adhibeatur,
985 1213 1129 1297 quis
1172 1236 1308 1280 nou
1350 1215 1559 1279 rideat
1579 1216 1611 1278 Ῥ
1700 1216 1846 1280 Nec
1890 1214 2083 1294 enim,
2131 1214 2240 1298 qui
2283 1220 2421 1277 tam

210 1318 443 1380 multae
469 1316 765 1381 lectionis
794 1322 910 1396 est,
957 1324 1171 1401 potest
1210 1338 1346 1381 non
1382 1318 1639 1401 legisse,
1679 1317 1892 1382 nullos
1920 1339 1960 1381 a
1989 1317 2205 1400 Magis
2234 1315 2422 1378 fasci-

210 1440 337 1482 nos
380 1418 620 1503 absque
652 1418 767 1483 illo
795 1419 1080 1499 nomine,
1112 1420 1294 1483 nulla
1319 1421 1638 1485 maleficia
1669 1420 1828 1485 fieri.
1895 1419 2030 1484 Ubi
2059 1418 2420 1483 evocandus

208 1520 409 1585 alicui
449 1522 744 1600 Daemon,
786 1529 1041 1605 oportet
1085 1522 1323 1587 circulo
1362 1523 1629 1587 inscribi
1675 1530 1926 1606 septem
1969 1521 2094 1585 Dei
2138 1521 2419 1585 nomina.

210 1621 642 1686 Adhibendus
671 1622 741 1685 in
772 1630 923 1686 actu
951 1623 1092 1706 ipso
1117 1624 1429 1688 Sacerdos
1454 1624 1789 1708 quispiam,
1820 1631 1888 1688 et
1918 1643 2077 1706 puer
2104 1621 2419 1704 impubes,

212 1731 285 1788 et
339 1725 549 1789 socius
601 1725 816 1809 (quem
868 1726 1238 1809 appellant)
1294 1727 1405 1811 qui
1447 1727 1572 1791 nisi
1622 1726 2070 1804 adhibeantur,
2115 1725 2281 1788 nihil
2323 1724 2418 1787 fit.

214 1828 441 1892 Potuit
481 1827 619 1891 haec
646 1827 720 1890 in
747 1828 990 1891 Malleo
1031 1849 1149 1893 suo
1175 1829 1443 1913 legisse:
1490 1830 1703 1913 potuit
1733 1851 1811 1893 ex
1841 1829 2028 1893 Actis
2063 1828 2418 1905 Curiorum,

213 1930 287 1993 in
319 1930 554 2013 quibus
597 1930 935 1993 sententiae
980 1930 1283 1994 feruntur
1332 1932 1403 1994 in
1442 1932 1795 1996 Maleficos.
1887 1932 2235 2014 Comperta
2280 1929 2422 1993 haec

219 2031 387 2114 Regi
427 2032 663 2108 omnia,
698 2031 808 2114 qui
853 2030 992 2114 ipse
1039 2052 1078 2095 a
1121 2031 1381 2097 fascinis
1425 2033 1705 2112 illorum,
1737 2040 1804 2097 et
1843 2030 2418 2116 conjurationibus,

222 2135 349 2198 Dei
377 2135 615 2199 virtute
653 2134 863 2199 salvus
891 2134 1107 2198 evasit.
1198 2137 1305 2215 Et,
1341 2158 1482 2221 quae
1510 2137 1584 2200 in
1620 2136 1735 2201 illo
1763 2144 1904 2200 tum
1939 2156 2212 2200 numero
2242 2135 2419 2218 prin-

222 2260 372 2322 ceps
401 2237 525 2302 fuit
552 2239 854 2318 venefica,
885 2259 1035 2302 cum
1076 2241 1331 2304 sceleris
1376 2242 1476 2304 sui
1505 2242 1828 2324 poenitens
1869 2242 2167 2325 inprimis
2210 2262 2419 2304 more-

218 2351 421 2421 retur,
451 2343 521 2407 id
557 2344 749 2422 fassa,
790 2365 1125 2427 nunquam
1173 2366 1242 2409 se
1284 2345 1357 2408 in
1401 2345 1667 2409 domum
1712 2345 2067 2428 ingressam
2113 2366 2269 2423 esse,
2316 2344 2420 2409 cui

216 2469 357 2513 rem
385 2448 620 2511 malam
651 2454 822 2512 esset
851 2447 1182 2528 meditata,
1208 2448 1365 2533 quin
1386 2469 1610 2513 exorsa
1639 2448 1722 2512 sit
1754 2469 2006 2532 semper
2033 2448 2422 2512 maleficium

216 2572 411 2614 suum
458 2551 539 2615 ab
583 2551 686 2614 his
716 2550 953 2627 verbis,
986 2552 1090 2614 Sit
1130 2553 1198 2614 in
1228 2551 1406 2616 domo
1436 2554 1557 2615 hac
1585 2553 1759 2614 Deus
1795 2571 1986 2629 meus,
2035 2551 2198 2614 adeo
2240 2549 2337 2612 illi
2380 2571 2422 2612 a

217 2654 346 2716 Dei
394 2653 656 2717 nomine
703 2675 837 2718 non
884 2653 1273 2717 abhorrent:
1321 2654 1417 2717 Ut
1470 2653 1675 2736 possit
1719 2673 1872 2736 ergo
1917 2673 2055 2716 esse
2105 2651 2177 2715 in
2213 2653 2422 2715 Cereis

215 2756 447 2820 vestris
475 2756 702 2839 Μαρία
731 2757 1046 2839 quaedam,
1090 2778 1224 2821 nou
1264 2757 1566 2821 obstante
1607 2757 1949 2840 quicquam
1993 2757 2118 2818 Dei
2156 2756 2419 2818 nomine.

216 2859 376 2922 Non
418 2858 487 2921 id
526 2857 702 2921 enim
744 2857 837 2922 ibi
881 2859 1113 2941 agitur,
1144 2865 1223 2922 ut
1250 2861 1424 2923 Deus
1473 2859 1780 2923 habeatur
1812 2879 1938 2939 pro
1991 2859 2305 2932 Diabolo;
2350 2858 2421 2920 id

214 2960 451 3044 potius,
481 2966 557 3024 ut
585 2960 891 3024 Diabolus
919 2961 1232 3025 habeatur
1247 2982 1373 3043 pro
1402 2964 1557 3025 Deo·

280 3097 383 3155 Qui
418 3099 588 3147 autem
623 3097 905 3158 miraculus
919 3112 1032 3161 quae
1066 3112 1155 3161 per
1188 3097 1390 3149 indusia
1420 3102 1725 3161 caeterasque
1756 3097 1995 3161 reliquias
2027 3097 2176 3160 flunt,
2199 3097 2424 3157 damnat,
2535 3080 2669 3143 284

348 3178 592 3228 damnare
630 3179 786 3228 etiam
809 3178 961 3228 debet
992 3178 1251 3240 miracula,
1278 3194 1392 3243 quae
1413 3216 1426 3228 .
1451 3213 1466 3229 .
1490 3216 1502 3230 .
1526 3215 1540 3229 .
1564 3178 1796 3245 [fiebant]
1830 3193 1922 3242 per
1956 3178 2173 3238 sudaria,
2198 3183 2251 3229 et
2274 3179 2426 3229 semi-

345 3259 534 3308 cinctia
570 3257 621 3308 S.
653 3258 817 3318 Pauli,
852 3259 968 3308 Act.
1005 3259 1111 3308 xix.
1141 3263 1194 3309 et
1227 3274 1341 3323 quse
1363 3296 1377 3310 .
1400 3296 1413 3309 .
1437 3297 1450 3309 .
1477 3297 1489 3309 .
1516 3275 1610 3324 per
1643 3260 1885 3323 reliquias
1928 3259 1980 3310 S.
2013 3260 2262 3325 Stephani
2295 3263 2427 3310 testo

350 3342 654 3403 Augustino,
675 3339 739 3390 de
763 3338 870 3391 Cir.
887 3340 1000 3401 Dei,
1022 3340 1157 3406 [lib.]
1172 3342 1299 3392 xxii.
1323 3342 1474 3407 [cap]
1490 3342 1755 3408 8.-[Bell.
1774 3342 1923 3407 Apol.
1942 3357 2034 3407 pro
2049 3342 2222 3408 Resp]
2245 3358 2294 3408 p.
2313 3342 2426 3396 157.

344 3421 480 3486 [Op.,
502 3425 625 3471 tom.
647 3421 735 3471 vii.
758 3421 856 3471 ool.
877 3420 988 3473 792.
1012 3420 1099 3485 D.]

306 3530 483 3593 Nam
513 3528 593 3593 de
622 3529 910 3606 indu-siis,
940 3527 1135 3591 nimis
1177 3536 1335 3591 nota
1362 3548 1484 3591 res.
1573 3528 1867 3603 Vestros,
1900 3548 2050 3591 cum
2092 3527 2162 3590 in
2207 3527 2426 3610 praelio
2453 3536 2550 3601 [De
2571 3535 2714 3612 fictis·

219 3653 430 3716 nuper
480 3630 958 3714 Neoportuensi
1003 3630 1132 3700 fusi
1182 3629 1633 3713 profligatique
1684 3629 2158 3708 occubuissent,
2219 3635 2285 3692 et
2344 3629 2427 3693 ad
2452 3615 2737 3729 egffiffn‘

220 3733 618 3817 sepulturam
657 3740 1065 3812 exuerentur,
1106 3733 1444 3816 plerosque
1484 3731 1758 3794 indusiis
1807 3730 2131 3813 ejusmodi
2165 3730 2430 3794 indutos

221 3841 511 3919 repertos
570 3855 729 3910 esse,
777 3840 842 3898 et
888 3834 993 3898 vix
1053 3855 1420 3918 quenquam
1469 3833 1608 3898 siue
1660 3833 1844 3915 Aqua
1888 3832 2033 3911 Dei,
2086 3838 2148 3895 et
2198 3832 2425 3914 yranis

218 3938 558 4001 benedictis
613 3937 705 4021 (in
749 3935 983 4021 quibus
1028 3938 1260 4001 Cruces
1304 3943 1539 4016 essent,
1575 3944 1643 4001 et
1688 3935 2148 4017 Characteres),
2179 3935 2428 3998 nullam

216 4050 461 4119 tamen,
516 4062 595 4105 ex
645 4041 746 4119 iis,
797 4041 1239 4104 miraculosam
1290 4047 1404 4104 aut
1444 4041 1790 4132 salutarem
1828 4037 1960 4103 vim
2009 4037 2426 4123 persensisse.

218 4144 353 4210 Sed
398 4151 782 4228 argumento
828 4150 1052 4208 tamen
1103 4144 1250 4222 fuit,
1295 4165 1431 4208 non
1472 4143 1847 4228 infrequens
1891 4144 2014 4207 hoc
2047 4164 2206 4221 esse,
2256 4141 2428 4225 apud

214 4269 368 4312 vos:
415 4255 803 4330 argumento
832 4246 1050 4325 etiam,
1083 4245 1206 4311 etsi
1235 4267 1370 4310 non
1398 4245 1772 4330 infrequens
1800 4246 1903 4323 sit,
1934 4244 2178 4308 frustra
2205 4250 2427 4307 tamen

216 4351 307 4415 sic
337 4371 473 4414 non
514 4349 888 4432 infrequens
917 4369 1076 4426 esse,
1116 4369 1239 4413 nec
1279 4349 1732 4413 consecrationi
1773 4367 2023 4431 semper
2057 4347 2427 4410 miraculum

365 4528 387 4552 ⁸
422 4519 579 4584 [vide
603 4519 813 4570 Marian.
843 4519 905 4569 de
938 4517 1071 4582 Rege
1104 4522 1155 4569 et
1179 4518 1331 4582 Regis
1356 4518 1704 4580 Institutione,
1733 4518 1822 4570 lib.
1846 4519 1879 4571 i.
1904 4533 2009 4584 cap.
2029 4519 2074 4572 7.
2099 4519 2270 4583 p.67.]
