3165 4959
999 347 1363 396 Aromoun
1407 346 1771 395 RESPoNsm.
2357 332 2481 393 281

283 503 437 565 satis
465 508 738 579 constet,
764 501 820 564 si
851 501 1212 565 Cardinalis
1242 500 1481 585 regulae
1511 502 1668 564 satis
1699 500 1819 565 sibi
1850 507 2184 564 constent:
2231 509 2486 565 verten-

282 606 439 668 dum
468 605 644 669 enim
674 605 765 668 sie
793 604 960 669 foret
989 606 1060 668 in
1088 605 1273 668 nihil.
1360 606 1664 688 Namque
1693 605 1791 668 illi
1818 606 2082 685 Idolum,
2115 607 2294 670 nihil.

349 743 450 794 Sed
472 743 644 793 labore
666 758 793 807 opus
813 757 916 792 non
938 746 1030 793 est.
1100 741 1155 792 Si
1178 743 1316 792 enim
1339 747 1520 806 agatur
1541 743 1606 793 de
1628 744 1870 806 imagine,
1893 760 2007 807 quae
2030 743 2194 794 Deum
2219 745 2387 808 ipsum
2412 747 2491 806 (ut

412 830 490 875 est
513 826 569 874 in
593 825 676 888 Se)
700 829 1044 889 repraesentat,
1068 824 1317 888 ejusmodi
1349 826 1519 887 imago
1540 825 1684 874 nulla
1717 826 1911 876 ratione
1944 826 2055 876 fieri
2088 825 2487 890 potesta-[Bell.

412 907 563 970 Apol.
588 922 679 970 pro
702 905 869 970 Resp.]
903 921 955 970 p.
978 909 1087 955 116.
1126 906 1241 971 [Op.
1265 910 1387 956 tom.
1410 908 1498 956 vii.
1532 908 1624 956 col.
1649 908 1678 959 ’ἵ
1683 910 1760 957 69.
1785 906 1871 971 D.]

370 1006 515 1069 Nec
546 1006 872 1070 Cardinali
902 1007 1213 1070 habendae
1245 1007 1347 1070 hic
1378 1008 1618 1089 gratiae.
1643 1008 1814 1090 quod
1843 1009 2154 1090 largiatur
2181 1031 2317 1074 non
2346 1010 2560 1093 pin-1

284 1110 569 1191 gendum
600 1111 813 1174 Deum
843 1116 914 1173 ut
942 1117 1036 1173 est
1073 1111 1141 1172 in
1172 1110 1272 1187 Se,
1306 1131 1474 1187 cum,
1505 1116 1575 1173 ut
1607 1118 1699 1173 est
1729 1113 1796 1174 in
1828 1113 1927 1196 Se,
1947 1114 2133 1194 pinyi
2162 1134 2285 1176 non
2301 1134 2488 1194 posse

269 1214 581 1296 fateatur.
646 1213 952 1295 Pingeret
981 1213 1037 1275 si
1065 1220 1304 1296 posset,
1337 1214 1392 1276 si
1418 1214 1576 1278 visio
1606 1214 1742 1277 ulla
1770 1222 1977 1278 exstet
2008 1215 2277 1297 uspiam,
2316 1219 2486 1298 (qua,

281 1339 419 1381 non
450 1319 629 1381 Deus
667 1316 822 1399 ipse,
854 1323 1114 1379 tantum
1155 1338 1314 1399 opus
1354 1318 1494 1400 ejus
1543 1317 1804 1400 aliquod
1847 1317 2240 1399 designetur)
2279 1319 2489 1401 pingit

284 1419 530 1497 statim,
590 1419 802 1502 pingit
855 1419 993 1482 sine
1042 1420 1360 1502 scrupulo,
1470 1421 1559 1484 Et
1608 1421 1861 1484 odiosas
1912 1419 2056 1483 illas
2104 1421 2231 1484 Dei
2279 1422 2490 1486 Patris

293 1521 506 1604 (senili
548 1521 828 1588 hominis
870 1521 1101 1605 forma)
1156 1543 1232 1586 ac
1262 1522 1600 1586 damnatas
1644 1523 1766 1602 (vel
1797 1545 1836 1586 a
1865 1523 2020 1604 suis)
2069 1532 2488 1606 repraesenta-

283 1625 493 1688 tiones
531 1645 664 1687 non
706 1623 861 1686 sinit
903 1624 1161 1688 aboleri.
1254 1626 1338 1688 In
1379 1625 1520 1708 lege
1551 1626 1812 1709 quidem
1853 1626 2214 1708 ingeminat
2247 1626 2486 1704 MoseS,

290 1729 610 1792 Custodite
637 1730 901 1792 sollicite
932 1731 1176 1791 animae
1204 1735 1463 1807 vestras,
1486 1729 1766 1810 formam
1783 1732 2039 1811 penitae
2068 1751 2189 1793 non
2217 1731 2485 1794 vidistis.

288 1832 433 1894 Non
478 1832 727 1895 vidistis
772 1835 1050 1915 aliquam
1096 1835 1566 1897 similitudinem
1610 1836 1677 1897 in
1712 1835 1815 1897 die
1866 1856 1989 1916 qua
2037 1836 2276 1898 locatus
2317 1836 2489 1898 vobis

283 1936 458 1998 Deus
473 1946 518 1998 ⁸.
610 1937 769 2000 Non
809 1945 953 2000 tum
999 1938 1258 2021 quidem
1302 1938 1495 2020 (dicet
1525 1939 1936 2020 cardinalis),
1970 1939 2083 2003 sed
2114 1946 2279 2022 post,
2313 1938 2485 2001 visus

282 2038 492 2102 forma
536 2041 725 2119 seniS,
779 2042 951 2124 apud
995 2042 1334 2106 Danielem
1381 2044 1558 2107 Deus
1578 2041 1628 2106 δ.
1717 2045 1811 2107 At
1857 2065 2050 2127 quem
2095 2051 2319 2107 tamen
2364 2043 2487 2125 (vel

283 2150 431 2226 post
463 2143 771 2208 visionem
800 2144 1003 2226 illam)
1030 2168 1204 2210 nemo
1234 2147 1394 2210 vidit
1422 2168 1693 2229 unquam
1710 2157 1753 2226 ⁰,
1786 2148 1838 2210 si
1861 2147 2122 2212 Christo
2142 2147 2484 2211 credimus.

284 2246 429 2309 Nec
474 2246 648 2308 enim
701 2247 811 2324 ibi,
864 2270 1157 2331 persona,
1204 2250 1490 2333 operatio
1541 2250 1736 2315 modo
1766 2250 1913 2329 Dei,
1961 2250 2323 2333 significata
2367 2257 2482 2313 est.

284 2349 429 2412 Nec
478 2370 631 2412 sane
680 2356 825 2413 tuta
875 2351 979 2414 via
1023 2352 1126 2416 vel
1181 2353 1407 2434 regula
1461 2353 1552 2416 sie
1613 2354 1695 2416 ad
1747 2354 2022 2418 visiones
2080 2353 2488 2437 propheticas

287 2451 636 2535 imaginem
683 2452 1010 2537 pingendi.
1104 2457 1214 2520 Ita
1255 2479 1536 2541 namque
1577 2458 1785 2543 Cyrus
1819 2458 2084 2536 Arietis,
2116 2457 2484 2521 Alexander

286 2557 478 2619 Hirci
534 2557 741 2622 forma
798 2558 1200 2641 pingendus:
1267 2562 1571 2643 Namque
1624 2581 1701 2623 ea
1757 2560 1964 2624 forma
2014 2560 2174 2623 vidit
2226 2581 2335 2624 eos
2393 2560 2484 2623 ibi

289 2658 524 2722 Daniel
567 2681 713 2723 cum
755 2662 973 2724 Senem
1016 2662 1175 2725 vidit
1192 2661 1241 2725 ἃ.
1332 2663 1581 2726 Verum
1629 2664 1853 2726 Romae
1907 2664 2002 2744 (ut
2049 2662 2321 2744 videtur)
2376 2683 2484 2725 aer

287 2763 493 2845 magis
523 2763 872 2828 nebulosus
903 2772 1022 2843 est,
1046 2765 1314 2828 Lovanii
1342 2764 1453 2828 lux
1486 2765 1734 2829 clarior.
1815 2766 2083 2829 Lovanii
2113 2765 2289 2829 enim
2315 2766 2484 2827 Ima-

280 2867 460 2947 yinee
488 2868 604 2929 hae
642 2867 861 2949 quibus
889 2868 1062 2931 Deae
1091 2869 1293 2931 Pater
1321 2870 1635 2953 effipiatur
1663 2870 1730 2931 in
1775 2871 2045 2931 humana
2079 2869 2299 2949 specie,
2328 2890 2486 2950 quas

290 2969 646 3032 Cardinalis
683 2991 816 3034 non
856 2971 1174 3053 prohibet,
1223 2972 1465 3054 Regius
1493 2972 1586 3035 ibi
1616 2972 1948 3036 Professor
1982 2971 2317 3035 Hesselius
2347 2991 2485 3034 cen-

285 3078 379 3134 set
409 3074 798 3150 omittendae,
844 3120 860 3136 .
912 3120 928 3135 .
978 3121 995 3136 .
1050 3074 1236 3156 idque
1263 3094 1330 3137 se
1358 3095 1437 3138 ea·
1458 3075 1764 3138 Patribus
1776 3073 2012 3155 secisse
2040 3072 2486 3156 manifestum0.

290 3178 413 3241 Ille
483 3177 627 3261 [leq.
685 3176 912 3260 Illum]
981 3177 1156 3241 enim
1214 3178 1319 3242 hic
1377 3180 1715 3262 scrupulus
1773 3177 2075 3242 nonnihil
2136 3177 2485 3242 sollicitat:

286 3285 638 3347 Idiotarum
666 3283 735 3344 in
756 3282 1035 3363 pratiam
1062 3282 1376 3362 praecipue
1404 3282 1706 3364 imayines
1735 3283 1850 3343 has
1877 3282 2034 3362 poni
2060 3307 2080 3343 .·
2132 3280 2490 3363 periculum

287 3395 507 3450 autem
551 3406 707 3462 esse,
751 3406 855 3462 ne,
913 3383 968 3447 si
1006 3384 1291 3447 humana
1337 3385 1546 3467 specie
1600 3387 1781 3468 (puta
1829 3384 2011 3448 Senis
2049 3394 2164 3448 aut
2211 3384 2482 3466 Iudicis)

288 3491 468 3554 Deus
526 3488 938 3571 exprimatur,
995 3485 1197 3569 facile
1255 3488 1323 3549 in
1379 3507 1654 3550 errorem
1712 3488 2492 3567 Anthropomovphitarum

285 3593 508 3655 Idiotae
549 3592 854 3655 incidant.
901 3637 917 3654 .
967 3636 983 3653 .
1040 3590 1232 3669 Unde,
1278 3611 1402 3652 non
1436 3587 1639 3669 facile
1680 3589 2100 3651 admittendas
2142 3587 2493 3668 hujusmodi

285 3696 608 3778 imagines,
658 3742 674 3758 .
721 3740 737 3757 .
786 3697 911 3756 imo
970 3694 1363 3757 omittendas.
1479 3692 1748 3755 Senilem
1822 3697 2040 3753 autem
2112 3690 2292 3752 illam
2368 3689 2493 3753 Dei

286 3797 500 3861 Patris
552 3798 903 3878 imayinem,
952 3817 1090 3860 cam
1124 3796 1269 3877 fixa
1314 3792 1564 3858 maneat
1564 3839 1845 3873 .....
1894 3798 1954 3855 et
2014 3792 2291 3855 omnibus
2349 3812 2492 3854 con-

283 3902 504 3983 spicua
532 3920 774 3981 semper
800 3903 907 3978 eit,
938 3920 1050 3963 nec
1077 3921 1317 3980 semper
1344 3898 1605 3961 rudibus
1633 3903 1870 3979 praesto
1913 3897 1998 3958 eit
2028 3896 2285 3972 Doctor,
2323 3897 2494 3976 (quo-

285 4005 467 4067 modo
511 4005 707 4065 honor
751 4008 1034 4066 transeat
1079 4004 1168 4066 ad
1208 4004 1527 4083 exemplar
1577 4001 1952 4077 immediate,
2007 4004 2067 4061 et
2109 3996 2494 4078 formaliter,

286 4113 355 4170 et
401 4107 698 4188 quomodo
740 4106 1011 4170 mediate
1055 4112 1116 4169 et
1152 4103 1664 4188 consequenter-2)
1720 4102 2103 4167 diruendam
2147 4121 2307 4164 esse.
2400 4099 2496 4162 Ut

285 4218 354 4274 et
412 4212 870 4292 metaphoricae
933 4211 1116 4289 alias,
1178 4230 1333 4293 quae
1392 4231 1516 4272 non
1578 4214 1709 4271 tam
1765 4206 1970 4287 facile
2030 4202 2498 4285 apprehendant

351 4373 556 4422 ·.Deut
580 4374 883 4422 iv.12-15.
1582 4367 1842 4417 Hesselius
1899 4367 1955 4415 in
1994 4364 2162 4415 Deeal
2292 4366 2366 4411 ..1
2391 4377 2496 4426 eap.

432 4437 559 4486 Dan.
584 4438 672 4486 vii.
695 4435 763 4500 9.]
1586 4432 1650 4483 ol.
1672 4433 1801 4483 58.b
1917 4446 2028 4481 van.
2056 4430 2199 4480 1567.

352 4435 592 4551 1ο’..’Βοιιι
579 4503 613 4550 i.
640 4504 716 4551 18.
1588 4497 1721 4548 Vide
1767 4496 1915 4561 Bell]
1955 4495 2019 4545 de
2067 4494 2223 4557 imag.
2272 4493 2380 4558 [lib.
2371 4492 2498 4608 ‚hit

352 4566 560 4631 ‘¹.[Dan
584 4566 691 4615 viii.
718 4567 766 4625 4,
793 4566 866 4628 5.]
1438 4564 1564 4628 [cap.
1613 4565 1688 4612 21.
1714 4563 1846 4628 [Op.,
1870 4568 1992 4613 tom.
2012 4561 2065 4611 ii.
2090 4575 2140 4626 p.
2160 4563 2271 4611 456.
2297 4560 2358 4608 A.
2448 4557 2468 4622 ]

2540 1028 2793 1106 Imagines

2591 1094 2608 1142 i
2635 1094 2799 1143 Patris

2514 1157 2723 1220 quidam

2515 1223 2792 1274 Romanen-

2514 1305 2592 1338 ses
2608 1290 2816 1338 omnino

2516 1352 2726 1416 vetant]

2597 2674 2723 2734 205
