3165 4959
963 349 1327 397 Aromelffl
1371 349 1735 397 nnsronsm.
2326 334 2451 398 377

242 510 415 575 enim
459 509 530 571 in
575 506 971 572 densissimis
1002 505 1387 570 Antichristi
1434 505 1724 570 tenebris
1759 505 2149 569 exstiterunt
2201 525 2456 587 semper

241 611 459 694 aliqui,
507 611 611 673 vel
661 631 739 674 ex
784 609 1172 674 Antichristi
1216 610 1419 693 ipsius
1471 608 1905 686 mercenariis,
1957 607 2068 691 qui
2132 607 2452 690 (Balaami

237 715 465 795 instar)
499 713 642 777 loca
672 712 969 795 quaedam
1002 712 1353 796 Scripturae
1401 710 1818 795 interpretati
1849 717 2023 790 sunt,
2050 711 2247 774 etiam
2295 731 2449 774 con-

239 825 342 881 tra
358 817 624 897 premia,
655 815 852 878 etiam
881 821 1110 879 contra
1138 816 1412 880 Decreta
1440 815 1643 899 ipsius
1668 813 2078 879 Antichristi.
2151 814 2450 881 Quorum

238 942 372 985 non
395 941 589 984 nemo
626 920 992 1003 Cataloyum
1020 919 1230 984 texuit
1248 932 1296 984 P.
1330 972 1333 977 .

308 1064 446 1114 Duos
468 1063 747 1128 Prophetas
777 1067 893 1128 post
929 1062 1159 1113 triduum
1181 1099 1195 1113 .
1220 1100 1232 1113 .
1258 1100 1271 1113 .
1295 1064 1353 1113 in
1381 1064 1566 1114 eoelum
1597 1068 1881 1127 assumptos
1922 1063 2091 1114 fuisse.
2160 1063 2326 1122 Quare
2361 1100 2373 1112 .
2400 1100 2412 1113 .
2441 1098 2454 1110 .

370 1160 571 1195 necesse
612 1150 704 1205 est,
743 1150 803 1195 ut
845 1145 1122 1208 Scripturas
1153 1146 1211 1194 in
1244 1145 1432 1195 coelum
1458 1145 1572 1208 jam
1606 1147 1713 1195 sint
1746 1149 1962 1209 receptae
2001 1149 2155 1209 atque
2193 1146 2259 1195 ab
2294 1145 2458 1195 oculis

373 1226 639 1276 hominum
661 1226 989 1287 abscondita,
1012 1227 1057 1275 si
1079 1226 1202 1289 quid
1224 1226 1509 1276 similitudo
1532 1226 1747 1276 duorum
1773 1225 2139 1290 Prophetarum
2162 1231 2217 1276 et
2236 1226 2453 1276 duorum

373 1307 812 1358 Testamentorum
834 1307 1038 1357 valeret.
1074 1306 1184 1372 [leq.
1208 1306 1381 1370 valet]
1456 1307 1620 1370 Atqui
1652 1306 1885 1356 videmus
1919 1307 2019 1356 duo
2042 1307 2367 1357 Testamenta
2400 1307 2457 1355 in

372 1388 607 1438 manibus
643 1387 910 1437 hominum
933 1423 946 1436 .
972 1423 985 1437 .
1010 1423 1023 1437 .
1047 1393 1100 1437 et
1126 1387 1456 1437 Bibliothecis
1491 1387 1602 1452 [leq.
1631 1386 1974 1437 Bibliothecas
2007 1388 2239 1451 publicas
2268 1391 2321 1437 et
2356 1388 2457 1451 pri·

373 1471 517 1518 vatas
538 1466 838 1531 occupasse]
869 1466 1036 1517 Natat
1058 1467 1219 1530 igitur
1232 1466 1456 1530 undique
1469 1468 1759 1532 conjectura
1779 1465 2177 1531 Regia—[Bell.
2196 1467 2347 1531 Apol.
2359 1482 2454 1531 pro

375 1546 548 1612 Resp.]
569 1563 619 1612 p.
637 1546 745 1598 151.
795 1547 930 1611 [Op.,
954 1551 1079 1597 tom.
1095 1548 1183 1597 vii.
1207 1548 1301 1597 col.
1322 1548 1435 1600 789.
1465 1545 1543 1611 0.]

332 1654 624 1719 Ultimus
652 1661 874 1720 autem
911 1653 1097 1718 nisus
1127 1653 1513 1732 cardinalis,
1544 1654 1723 1718 Duos
1753 1655 1933 1718 hosce
1978 1660 2186 1733 testes,
2218 1654 2293 1716 id
2331 1659 2448 1733 eet,
2487 1662 2580 1726 [In
2603 1667 2788 1717 coelnm

243 1757 614 1837 Scripturas
659 1764 935 1835 sanctas,
976 1757 1248 1820 nondum
1286 1758 1355 1820 in
1390 1758 1607 1820 coelum
1652 1763 2000 1837 assumptos
2043 1777 2213 1858 esse;
2260 1777 2454 1840 neque

2481 1730 2623 1789 quasi
2647 1746 2716 1781 re-

2481 1797 2641 1855 ceptoe

241 1860 418 1942 apud
443 1860 717 1924 homines
748 1861 817 1922 in
845 1860 1036 1923 term‘s
1067 1880 1340 1941 unquam
1385 1860 1653 1941 amplius
1686 1861 1872 1939 visos,
1904 1865 2090 1943 atque
2138 1860 2216 1923 ab
2256 1860 2452 1923 oculis
2480 1861 2615 1917 ⁸³⁰¹»,
2639 1874 2755 1908 eum

2482 1918 2672 1971 honore

242 1965 556 2027 hominum
604 1963 1015 2027 absconditos.
1104 1963 1267 2027 Esse
1302 1964 1464 2026 enim
1507 1964 1844 2026 etiamnum
1883 1964 1952 2026 in
1980 1964 2291 2028 hominum
2320 1984 2453 2026 ma-
2483 1982 2685 2036 habitae.
2695 1985 2718 2049 J

240 2067 445 2144 nibus,
476 2072 663 2147 atque
683 2066 752 2129 in
772 2066 1183 2129 Bibliothecae
1212 2067 1546 2129 asservari.
1642 2066 1887 2128 Nutare
1908 2086 2054 2147 erqo
2087 2066 2188 2129 hic
2211 2066 2451 2146 conjec-

243 2175 455 2232 turam
476 2168 689 2250 Reyis.
735 2169 834 2231 Ac
851 2168 1202 2231 ascendisse
1233 2168 1321 2230 ad
1347 2170 1565 2231 coelum
1587 2169 1813 2232 Testes
1837 2167 2000 2231 dnos
2030 2166 2188 2231 dicit
2217 2189 2456 2254 versus,

243 2270 641 2361 absconditos
671 2268 749 2331 ab
790 2269 1005 2350 oculis,
1037 2289 1352 2353 nunquam
1380 2271 1648 2351 amplius
1675 2270 1861 2347 visos,
1891 2291 2029 2334 non
2059 2269 2237 2337 dicit.
2325 2270 2459 2334 Lu-
2522 2290 2526 2296 ·

241 2374 522 2437 minaria
544 2382 570 2423 ‘1
600 2371 776 2435 enim
825 2371 1132 2436 dicuntur
1170 2393 1313 2435 esse
1361 2379 1562 2435 testes
1603 2373 1690 2434 hi.
1785 2373 1869 2436 In
1922 2374 2072 2438 coelo
2114 2394 2271 2457 ergo
2316 2394 2458 2438 esse

241 2483 560 2559 possunt:
607 2483 673 2536 et
716 2472 922 2535 videri
964 2479 1206 2551 tamen,
1260 2493 1380 2538 nec
1434 2471 1749 2536 abscondi.
1846 2472 2214 2538 Gratificari
2257 2474 2455 2558 paulo

243 2587 402 2642 ante
434 2577 630 2640 Bedae
659 2576 863 2640 voluit
893 2576 1222 2657 hyperbole
1251 2575 1551 2659 quadam,
1584 2576 1745 2640 dum
1776 2576 2162 2641 Paradisum
2205 2579 2364 2641 lunae
2392 2579 2461 2642 in

232 2684 591 2764 propinquo
620 2687 941 2765 poneretr.
1032 2680 1263 2743 Parem
1292 2681 1416 2743 hoc
1452 2681 1592 2764 jam
1635 2681 1779 2743 loco
1809 2680 2084 2763 gratiam
2116 2681 2170 2744 si
2197 2682 2458 2761 faceret,

247 2788 392 2850 Rex
435 2807 573 2848 non
609 2784 954 2847 laboraret.
1044 2784 1133 2846 Et
1163 2782 1446 2865 quidem,
1481 2783 1625 2866 quis
1661 2783 1756 2846 ita
1794 2804 1931 2848 non
1956 2783 2267 2865 loquitur,
2300 2784 2459 2847 dum

245 2888 330 2952 ob
376 2887 628 2950 felicem
673 2886 954 2968 aliquem
984 2892 1290 2949 eventum
1320 2884 1444 2948 sibi
1475 2886 1860 2967 gratulatur,
1884 2885 1964 2948 In
1993 2888 2143 2949 coelo
2172 2907 2308 2949 sum
2326 2897 2446 2964 ⁰,—

244 2991 498 3054 sublimi
524 2988 700 3070 serio
743 2989 956 3052 sidera
998 2989 1230 3050 vertice
1251 2984 1465 3067 ‘,—a‘›e
1507 2984 1692 3055 ἀετὸς
1736 2986 1804 3052 ἐν
1846 2985 2158 3073 νεφελῇσι
2176 2997 2227 3055 ¹².
2316 2992 2459 3055 Nec

248 3093 556 3156 abhorret
600 3092 680 3155 ab
727 3112 804 3154 ea
855 3090 1168 3168 Psalmus,
1214 3090 1579 3153 Ascendunt
1617 3111 1810 3172 usque
1855 3091 1946 3153 ad
1954 3086 1958 3089 ’
1977 3094 2226 3157 coelos¹.
2315 3094 2459 3158 Nec

248 3194 427 3259 aliud
461 3193 583 3257 sibi
611 3194 752 3258 vult
792 3191 1087 3256 sublimis
1114 3192 1244 3256 ista
1270 3193 1342 3255 in
1369 3192 1544 3256 nube
1575 3193 1995 3272 subvectatio,
2027 3215 2148 3258 nec
2178 3196 2354 3259 aliud
2385 3218 2462 3260 ea

248 3297 469 3381 phrasi
502 3296 937 3378 significatum
968 3294 1170 3358 voluit
1201 3295 1284 3357 D.
1315 3295 1357 3357 J
1358 3316 1617 3373 oannes,
1645 3317 1836 3378 quam
1866 3298 2246 3379 triumphum
2272 3298 2460 3362 illum
2505 3301 2538 3368 j

250 3399 628 3482 gloriosum,
688 3419 882 3481 quem
933 3397 1014 3460 de
1074 3397 1477 3461 Antichristo
1519 3397 1804 3461 habituri
1858 3407 2033 3461 sunt.
2123 3401 2462 3465 Antithesi

251 3509 474 3567 autem
501 3501 627 3565 hoc
655 3507 808 3584 apta
836 3507 902 3563 et
942 3499 1280 3562 concinna.
1373 3498 1523 3577 Qui,
1573 3520 1830 3582 nempe,
1877 3500 2071 3582 paulo
2118 3508 2270 3565 ante
2313 3510 2464 3566 tan·

253 3630 448 3691 quam
491 3607 753 3690 inglorii
780 3605 1013 3689 sepulti
1049 3613 1222 3683 sunt,
1270 3611 1336 3667 et
1386 3603 1507 3667 sub
1545 3611 1787 3667 terram
1834 3604 2058 3683 abditi,
2095 3606 2235 3689 jam
2277 3607 2383 3671 vel
2392 3616 2461 3672 ut

254 3713 513 3796 gloriosi
543 3710 818 3776 vicissim
848 3710 1148 3786 emicant,
1180 3716 1376 3791 atque
1411 3708 1481 3770 in
1510 3699 1749 3772 coelum
1776 3708 1988 3790 ipsum
2013 3710 2192 3792 quasi
2221 3713 2463 3796 recepti

256 3824 428 3880 sunt.
517 3815 662 3878 Nec
699 3820 850 3896 apta
893 3812 1121 3892 solum,
1163 3812 1276 3876 sed
1316 3811 1657 3895 desumpta
1700 3811 1896 3875 etiam
1941 3835 2019 3876 ex
2051 3815 2462 3880 Testamento

255 3918 456 3983 veteri
492 3916 799 4000 loquendi
830 3915 1124 3980 formula.
1214 3914 1379 3978 Eliae
1422 3915 1598 3977 enim
1642 3914 1866 3993 instar,
1899 3917 2103 3998 iynem
2146 3919 2215 3980 in
2257 3920 2463 3982 hostes

258 4023 557 4085 devocare
567 4029 615 4098 Υ,
636 4020 870 4098 σωίαηι,
902 4039 977 4082 ne
995 4018 1203 4099 pluat,
1225 4017 1517 4080 dicuntur
1540 4018 1828 4081 claudere
1847 4030 1903 4081 ⁸.-
1952 4026 2145 4103 atque
2176 4021 2462 4105 ejusdem

323 4197 347 4228 Ρ
384 4186 542 4251 [Vide
573 4186 722 4236 Mart.
748 4185 826 4236 Pl.
853 4185 1046 4247 Illyrici
1072 4185 1296 4247 catalog.
1474 4193 1497 4216 ¹¹
1530 4185 1728 4251 [Αἷετὸς
1774 4188 1826 4236 ἐν
1881 4191 2114 4254 νεφελῇσι
2156 4188 2466 4251 γενήσεαι.-

261 4254 396 4303 Test.
414 4252 679 4311 Veritatis,
704 4252 916 4313 Argent.
937 4248 1102 4312 1562.]
1408 4250 1565 4299 Arist.
1588 4252 1734 4310 Aves,
1755 4252 1897 4312 978.]

324 4324 347 4354 *1
385 4315 464 4365 Pa.
488 4316 623 4365 cxix.
649 4318 741 4365 104
762 4331 775 4375 ;
808 4319 838 4365 2
863 4314 970 4364 Pet.
995 4314 1029 4363 i.
1046 4315 1123 4363 19.
1474 4321 1497 4344 ¹
1534 4314 1612 4363 ΡΒ.
1637 4316 1752 4363 cvii.
1781 4318 1860 4364 26.

326 4393 344 4416 ‘
412 4380 542 4456 vj&
563 4395 728 4494 napta,
749 4382 935 4456 113355.
1477 4387 1496 4417 Υ
1535 4378 1721 4454 [Apoc.
1748 4381 1816 4427 xi.
1844 4380 1919 4441 5.]

327 4458 345 4480 ¹
403 4447 560 4494 Cicer.
676 4447 783 4493 Att.
807 4458 860 4492 n.
886 4447 932 4493 9.
1476 4454 1495 4476 ¹
1533 4442 1687 4506 [ibid.
1716 4442 1784 4504 6.]

330 4515 343 4544 ἱ
379 4511 526 4574 [Hor.
552 4511 716 4559 Carm.
744 4508 842 4557 1.1.
869 4508 976 4570 36]
