3165 4959
940 364 1303 412 stomoma
1347 365 1707 413 amponsm.
2305 358 2435 418 299

230 516 598 599 divulgavit.
690 518 849 580 Non
879 518 969 581 sic
1009 519 1242 602 (credo)
1282 520 1491 583 solent
1520 522 1967 603 reprehendere
1998 524 2242 605 Papam
2278 525 2433 588 Car-

216 619 490 698 finales,
538 620 608 681 in
641 617 901 699 faciem,
951 642 1160 684 coram
1212 623 1488 687 omnibus
1511 652 1529 689 :
1593 624 1646 686 si
1691 624 1996 704 facerent,
2037 646 2175 689 non
2215 627 2431 706 ferret,

230 721 602 805 corriperet,
636 723 816 805 quasi
860 724 971 805 qui
1015 745 1092 788 ea
1131 724 1441 803 facerent,
1472 746 1616 808 quae
1644 728 1984 809 superioris
2013 737 2185 792 sunt.
2273 730 2433 793 Non

234 824 446 888 solent
488 824 745 907 quidem
785 846 970 908 aequo
1014 827 1230 890 animo
1261 828 1608 892 Pontifices
1653 828 1732 892 ab
1781 828 2181 911 inferioribus
2221 851 2430 913 repre-

230 928 439 990 hendi.
536 928 806 1010 Scripsit
865 929 1191 992 Lutherus
1250 929 1332 992 ad
1391 912 1679 994 L‘eonem
1754 932 1834 995 de
1891 933 2431 1016 Indulqentiarum

226 1030 403 1094 foeda
448 1051 562 1112 per
576 1031 997 1114 ‚Germani—am
1044 1032 1509 1110 nundinatione,
1544 1032 1624 1096 de
1662 1034 2045 1106 Qaoestorum
2093 1036 2431 1101 horrendis

228 1130 690 1215 blasphemiisi.
788 1133 1000 1196 Bilem
1046 1134 1295 1197 homini
1323 1135 1543 1198 movit.
1638 1137 1799 1199 Non
1826 1137 1979 1200 tulit
2009 1139 2164 1218 Le0,
2195 1139 2428 1219 tonuit,

230 1236 600 1318 fulguravit,
648 1257 996 1319 pauperem
1046 1237 1444 1302 Monachum
1496 1238 1924 1322 proscripsitk,
1988 1241 2111 1304 etsi
2168 1243 2431 1326 privatis

228 1338 437 1401 literis
468 1339 690 1422 egerit,
716 1339 839 1402 etsi
868 1340 1167 1418 officiose,
1192 1342 1314 1404 etsi
1345 1341 1426 1405 de
1454 1362 1525 1405 re
1555 1349 1687 1405 tam
1722 1363 1924 1426 aequa,
1952 1343 2030 1408 de
2058 1345 2432 1410 hominibus

232 1451 453 1507 autem
500 1444 611 1526 qui
654 1444 1039 1508 tollerentur
1076 1452 1214 1508 tam
1264 1446 1497 1529 dignis,
1529 1454 1605 1510 ut
1636 1468 1744 1511 eos
1785 1456 1931 1530 post
1965 1450 2265 1533 Synodus
2294 1451 2434 1535 ipsa

230 1545 611 1609 Tridentina
668 1546 986 1610 tollendos
1049 1547 1321 1626 duxerit,
1397 1548 1685 1633 adeoque
1758 1550 2136 1615 sustuleritl.
2241 1554 2433 1618 Certe

227 1650 425 1732 longe
469 1650 594 1712 alia
624 1650 803 1713 Petri
848 1650 1114 1729 indoles,
1156 1653 1505 1733 primatum
1545 1674 1735 1715 suum
1774 1674 1909 1717 non
1957 1656 2263 1738 regessit;
2311 1677 2433 1720 nec

230 1751 661 1834 obtemperari
692 1752 814 1815 sibi
852 1774 892 1816 a
921 1754 1123 1817 Paulo
1151 1761 1466 1836 oportere,
1498 1762 1612 1818 aut
1643 1756 1919 1819 Paulum
1948 1756 2089 1835 sibi,
2119 1766 2433 1842 tanquam

238 1855 600 1932 OrdinariO,
633 1853 879 1937 subjici.

322 1958 745 2040 Inspiciamus
774 1965 1013 2036 autem,
1046 1979 1190 2041 quae
1218 1979 1333 2041 per
1361 1958 1490 2022 vim
1522 1958 1649 2038 hic,
1686 1967 1753 2023 et
1792 1966 2049 2024 coactus
2077 1959 2434 2024 Cardinalis
2460 1974 2677 2040 [Monar-

232 2059 491 2123 ascribit
521 2061 897 2123 testimonia.
990 2061 1216 2124 Unum
1260 2061 1383 2124 hoc
1411 2069 1682 2144 peccant
1714 2062 1949 2141 omnia,
1980 2071 2055 2125 ut
2087 2062 2252 2126 nihil
2282 2063 2432 2127 affe·
2459 2041 2694 2161 {ffem,

230 2169 403 2241 rant,
471 2161 642 2246 quod
704 2163 924 2226 statim
982 2163 1245 2228 concedi
1290 2185 1425 2227 non
1470 2165 1689 2247 possit,
1741 2165 1868 2228 nisi
1918 2165 2209 2229 voculam
2266 2166 2434 2230 forte
2458 2169 2727 2282 3323&

232 2267 499 2345 habent,
532 2267 610 2330 de
652 2288 779 2349 qua
819 2288 954 2330 non
998 2266 1171 2330 libet.
1199 2271 1614 2354 λογομαχεῖν.
1704 2269 1900 2348 Nam,
1931 2290 2052 2333 nec
2082 2271 2434 2333 Primatum
2457 2296 2642 2361 gatus]

233 2389 550 2452 negamus
590 2369 788 2443 Petri,
836 2389 975 2448 nec,
1024 2390 1167 2452 quae
1216 2370 1570 2433 Primatum
1618 2380 1871 2447 sonant,
1921 2374 2190 2435 nomina.
2279 2373 2435 2436 Rem

231 2472 457 2556 ipsam,
489 2494 631 2555 quae
667 2493 798 2555 prae
834 2494 1032 2535 manu
1077 2478 1192 2552 est,
1226 2478 1581 2536 terrestrem
1619 2475 1758 2558 ejus
1789 2474 2231 2538 Monarchiam
2270 2476 2433 2558 peti-

230 2597 420 2638 mus:
483 2597 601 2658 pro
651 2595 795 2658 qua,
836 2575 1089 2638 utinam
1132 2574 1375 2652 volens,
1420 2576 1674 2639 utinam
1718 2577 1818 2640 vel
1864 2584 2142 2656 coactuS,
2191 2578 2434 2661 aliquid

229 2678 498 2742 tandem
531 2678 895 2742 adduceret.
975 2679 1131 2757 Scit,
1155 2699 1288 2742 non
1316 2678 1541 2762 negari
1571 2679 1927 2741 Primatum
1954 2700 2431 2764 usquequaque,

230 2803 367 2845 non
411 2802 685 2853 omnem‚·
751 2780 893 2859 scit,
943 2781 1064 2844 hoc
1102 2781 1243 2863 jam
1292 2782 1452 2859 loco,
1503 2802 1731 2863 quem:
1790 2783 2166 2865 (terrestrem
2202 2803 2434 2866 nempe

229 2885 674 2947 Monarchiam
702 2884 1047 2967 Ecclesiae.)
1143 2882 1300 2959 Scit,
1331 2883 1599 2947 involvit
1644 2904 1711 2946 se
1755 2884 2010 2963 nebula,
2042 2892 2108 2949 et
2155 2885 2435 2948 declinat

229 2996 473 3049 tamen.

302 3105 545 3168 Origenes
571 3106 627 3154 in
651 3103 799 3169 [cap.]
822 3104 889 3153 vi.
914 3103 979 3152 ad
1004 3102 1145 3153 Rom.
1184 3139 1197 3153 .
1232 3141 1245 3153 .
1279 3140 1294 3155 .
1330 3109 1345 3132 ‘
1364 3104 1513 3155 Petro
1537 3120 1655 3156 cum
1678 3120 1877 3156 summa
1897 3120 2064 3156 rerum
2086 3105 2150 3157 de
2173 3107 2434 3170 pascendis

364 3187 542 3236 ovibus
564 3186 855 3244 traderetur,
874 3185 952 3249 [et
973 3199 1121 3248 super
1143 3185 1310 3248 ipsum
1323 3187 1464 3237 velut
1483 3202 1635 3251 super
1655 3191 1839 3237 terram
1863 3188 2159 3239 fundaretur
2173 3187 2433 3252 Ecclesim]

363 3269 554 3318 nullius
574 3266 827 3332 [alterius]
845 3267 909 3316 ab
931 3282 989 3316 eo
1002 3268 1207 3316 virtutis
1229 3268 1487 3329 confessio,
1503 3270 1606 3319 nisi
1629 3269 1890 3319 charitatis
1912 3270 2138 3333 exigitur
2150 3270 2430 3336 ¹¹¹.’—[Bell.

366 3349 515 3413 Apol.
539 3364 630 3412 pro
653 3348 829 3412 Resp.]
866 3363 913 3412 p.
941 3349 1049 3397 125.
1085 3347 1217 3412 [Op.,
1251 3354 1373 3398 tom.
1396 3350 1484 3400 vii.
1517 3350 1631 3399 coll.
1655 3350 1764 3402 774.
1783 3350 1847 3399 D.
1870 3350 1978 3401 775.
2000 3350 2086 3414 Α.]

321 3442 422 3505 Ex
465 3441 767 3525 Origene.
869 3440 1185 3502 Summam
1230 3462 1439 3505 reram
1487 3442 1562 3504 de
1602 3442 1940 3523 pascendis
1988 3442 2199 3504 ovibus
2240 3442 2434 3503 Petro
2463 3452 2564 3515 [De
2589 3449 2682 3500 hac
2706 3466 2758 3500 re

228 3545 559 3609 traditam.
653 3543 783 3606 Sed
812 3543 1116 3607 traditam
1145 3551 1211 3607 et
1252 3545 1399 3606 aliis
1438 3544 1709 3606 eandem
1750 3565 2068 3621 summam,
2100 3551 2175 3606 ut
2216 3552 2434 3626 aperte
2459 3518 2745 3630 ξζζῖζῗῗω

230 3650 594 3732 Origenes¹¹
624 3646 815 3724 alibi3
863 3645 1054 3729 quod,
1087 3646 1141 3709 si
1173 3645 1327 3728 quid
1370 3645 1456 3708 ibi
1491 3647 1686 3708 Petro
1721 3647 2064 3726 peculiare,
2094 3646 2339 3707 ratione
2366 3644 2440 3706 id
2459 3646 2666 3759 ffgm·
2713 3709 2735 3773 ]
2771 3679 2778 3687 ·

298 3799 313 3832 ¹
360 3798 519 3865 [Vide
560 3798 725 3862 Epist.
774 3797 925 3846 Mart.
973 3796 1185 3846 Lutheri
1229 3796 1295 3847 ad
1380 3800 1602 3859 quaestus
1624 3809 1796 3844 omnes
1822 3810 1912 3858 pro
1943 3794 2026 3843 his
2057 3793 2432 3857 consequendis,

232 3865 386 3915 Leon.
413 3864 477 3914 X.
514 3862 626 3927 Op„
658 3868 779 3912 tom.
805 3863 839 3911 i.
862 3862 947 3911 fol.
975 3862 1053 3914 74.
1078 3862 1128 3911 b.
1146 3862 1295 3911 Jense
1381 3861 1516 3911 unde
1561 3860 1782 3923 plurima
1818 3862 1875 3908 in
1915 3859 2204 3908 Christiano
2248 3859 2433 3922 populo

233 3932 383 3980 1564.
406 3929 534 3991 seq.]
1379 3926 1625 3976 abusuum
1648 3939 1795 3973 causa
1816 3924 1981 3982 fluxit,
2004 3926 2211 3973 omnino
2238 3924 2434 3972 abolen-

296 3993 321 4025 ¹¹
356 3993 513 4059 [Vide
538 3991 670 4040 Bull.
695 3991 764 4040 xl.
790 3990 941 4040 Leon.
974 3989 1037 4039 X.
1069 3989 1294 4054 ‘Exurge
1381 3990 1471 4039 dos
1496 3989 1859 4039 esse.”-Conc.
1900 3987 2124 4037 Trident.
2163 3989 2288 4039 Sess.
2314 4003 2431 4037 xxv,

234 4056 740 4109 Dominae—Bulla.
790 4056 931 4104 Rom.
978 4060 1101 4104 tom.
1140 4056 1173 4104 i.
1208 4070 1293 4119 pp.
1381 4055 1577 4104 Decret.
1606 4053 1668 4103 de
1699 4052 2270 4116 Indulgentiis—Conc.
2307 4058 2430 4101 tom.

233 4123 545 4180 610-614.;
588 4126 641 4170 et
675 4120 809 4170 Bull.
845 4120 935 4168 xli.
978 4125 990 4148 ⁸
1008 4122 1165 4169 Decet
1202 4120 1294 4170 Ro-
1381 4121 1483 4168 xiv.
1508 4119 1602 4169 col.
1620 4120 1730 4168 918.
1752 4120 1843 4175 A.;
1879 4122 1931 4167 et
1951 4118 2077 4167 Sess.
2104 4119 2207 4166 xxi.
2235 4116 2429 4166 Decret.

232 4184 729 4237 manorumJ-lbid,
755 4200 837 4248 pp.
863 4184 974 4234 614.
1000 4183 1140 4247 615]
1380 4184 1442 4234 de
1465 4184 1682 4233 Reform.
1705 4198 1811 4245 cap.
1835 4182 1905 4231 ix.
1940 4181 2064 4231 ibid.
2099 4183 2190 4232 col.
2216 4185 2326 4232 851.
2351 4180 2431 4245 E.]

295 4251 310 4283 ¹
352 4252 413 4328 [“
430 4251 631 4300 Abusus
653 4264 785 4310 vero,
809 4250 896 4312 qui
931 4250 985 4297 in
1007 4248 1088 4298 his
1113 4247 1294 4311 (indul-
1445 4257 1479 4279 ¹²
1511 4248 1674 4314 [Orig.
1700 4248 1755 4296 in
1788 4262 1893 4310 cap.
1918 4247 1984 4296 vi.
2022 4246 2088 4296 ad
2123 4247 2264 4296 Rom.
2290 4246 2433 4296 Com·

229 4318 444 4380 gennis)
470 4317 790 4377 irrepserunt,
824 4318 877 4363 et
906 4328 1118 4375 quorum
1155 4328 1293 4362 occa-
1380 4317 1536 4363 ment.
1582 4313 1671 4362 lib.
1696 4327 1742 4362 v.
1794 4312 1905 4376 Op„
1950 4316 2072 4360 tom.
2112 4312 2179 4361 iv.
2225 4326 2273 4376 p.
2321 4313 2430 4361 586.

231 4383 377 4431 sione
444 4380 642 4441 insigne
707 4379 803 4428 hoc
862 4378 1294 4439 indulgentiarum
1381 4379 1473 4428 col.
1498 4380 1544 4427 2.
1569 4378 1649 4439 O.]

232 4460 424 4495 nomen
475 4444 540 4494 ab
592 4443 848 4492 haereticis
903 4443 1293 4505 blasphematur,
1446 4451 1470 4474 ¹¹
1504 4441 1654 4508 [Ἆρα
1677 4440 1730 4492 δὲ
1764 4444 1834 4504 τῷ
1862 4440 2030 4505 Πέτρῳ
2064 4442 2190 4504 μόνῳ
2231 4441 2437 4490 δίδονται

232 4509 533 4561 emendatos
566 4513 618 4557 et
645 4511 894 4557 correctos
927 4507 1148 4570 cupiens,
1172 4522 1296 4570 prae-
1385 4509 1472 4557 ὑπὸ
1516 4510 1606 4557 τοῦ
1649 4505 1822 4571 κυρίου
1877 4508 1926 4556 αἱ
1979 4509 2167 4556 κλεῖδες
2209 4509 2297 4564 τῆς
2341 4510 2438 4555 τῶν

231 4575 368 4625 nenti
391 4574 591 4623 decreto
607 4573 911 4636 generaliter
922 4573 1105 4622 statuit·
1120 4586 1298 4636 pravos
1385 4573 1595 4636 οὖράνων
1638 4572 1903 4631 βασιλείας,
1948 4572 2026 4622 καὶ
2083 4573 2235 4622 οὐδεὶς
2279 4571 2438 4635 ἕτερος
