3165 4959
702 334 834 395 286
1331 345 1415 392 AD
1463 343 1846 391 CARDINALIS
1889 344 2286 391 BELLARMINI

693 505 957 580 possunt
968 511 1016 560 P.
1091 499 1221 561 Hic
1249 499 1438 560 etiam
1467 499 1637 560 loeus
1665 496 1890 559 habere
1907 503 2118 577 potest
2145 497 2356 558 varios
2383 516 2598 558 sensus
2609 509 2656 559 ¹1.
2724 498 2918 561 Hunc

459 614 590 676 208
704 605 921 680 locum,
964 602 1280 664 adducunt
1320 581 1566 681 passim
1618 620 1745 680 pro
1796 600 2189 683 [liberatione
2236 601 2506 662 Patrum
2558 600 2663 683 ω’]
2705 602 2912 678 limbo,

704 712 910 769 tamen
952 706 1169 767 melius
1205 705 1483 767 convenit
1524 702 1909 786 [liberationi
1948 703 2297 764 animarum
2336 703 2442 785 ex]
2477 704 2860 785 Paryatorio
2871 714 2913 782 ¹,

711 810 825 891 (ita
854 809 1009 872 dum
1041 809 1422 890 Paryatorio
1454 806 1768 885 consulat,
1803 806 1961 889 quid
1990 807 2209 869 himba
2244 807 2378 885 fiat,
2409 828 2638 889 parum
2680 807 2913 871 sollici-

697 912 849 993 tus.)
953 912 1336 991 Quanquam,
1369 911 1497 971 Izaec
1522 929 1716 990 poena
1757 930 1878 971 non
1908 915 2001 972 est
2030 931 2124 987 ea,
2152 910 2227 971 de
2257 930 2379 990 qua
2409 930 2571 971 nunc
2601 911 2845 992 ayimus
2868 920 2912 975 ⁸.

697 1016 844 1077 Non
882 1015 1163 1095 sequitur
1202 1013 1369 1095 quod
1404 1011 1729 1092 inferimus
1768 1033 1847 1074 ex
1889 1012 2071 1074 verbo
2112 1012 2428 1092 Domini‘.
2506 1014 2680 1075 Nota
2711 1015 2912 1077 locum
3017 1035 3034 1044 ·

696 1118 886 1179 istum
936 1117 1253 1199 [Apostoli
1285 1117 1313 1176 l
1360 1116 1500 1177 Cor.
1532 1114 1658 1196 iii]
1710 1134 1839 1176 esse
1881 1136 2069 1176 unum
2113 1135 2192 1177 ex
2231 1115 2676 1200 difficillimi-9¹¹.
2763 1117 2911 1179 Sive

694 1222 856 1282 Ιιαπι·
919 1220 1409 1303 [expositionem.
1472 1238 1559 1284 sc.
1630 1220 1663 1280 1
1724 1217 1862 1279 Cor.
1917 1216 2053 1300 φα]
2122 1219 2455 1299 sequimur,
2524 1264 2540 1281 .
2613 1265 2629 1280 .
2699 1265 2716 1280 .
2778 1222 2911 1282 sive

686 1325 1019 1404 primam'ss,
1081 1322 1184 1398 (de
1232 1343 1359 1404 qua
1408 1321 1588 1404 prius
1638 1320 1933 1402 dixerat.)
2035 1322 2265 1383 Tamen
2316 1342 2439 1383 non
2483 1327 2644 1402 puto
2695 1342 2908 1385 veram

697 1429 858 1488 hanc
932 1426 1370 1506 expositionem
1399 1434 1448 1486 Υ.
1541 1422 1839 1507 Denique
1911 1444 1997 1486 ne
2068 1424 2314 1487 multus
2388 1423 2531 1487 sim.
2631 1424 2906 1488 Utuntur

586 1536 591 1541 “
694 1530 892 1592 nostri
932 1531 1046 1592 Ιιοσ
1091 1530 1221 1591 loco
1269 1529 1325 1609 (l
1369 1528 1510 1590 Cor.
1541 1527 1672 1609 oev.)
1700 1551 1719 1603 3
1782 1526 1897 1589 sed
1938 1533 2144 1589 tamen
2187 1547 2312 1589 non
2352 1527 2600 1588 videtur
2645 1530 2906 1591 multum

693 1644 964 1714 uryere2.
1055 1630 1258 1694 Vides
1307 1651 1500 1713 quam
1554 1650 1825 1692 arenosa
1873 1629 2031 1708 haec,
2086 1650 2280 1711 quam
2337 1629 2606 1708 lubrica,
2667 1634 2906 1695 merito

690 1741 766 1797 ut
800 1736 939 1798 Rex
969 1733 1223 1810 dixerit,
1256 1735 1491 1796 nullum
1520 1732 1613 1796 ibi
1637 1730 2137 1813 fiandamentum.
2229 1732 2508 1796 Refrixit
2538 1754 2689 1797 vero
2718 1735 2907 1799 valde

690 1837 1168 1919 Purgatorium,
1223 1856 1301 1899 ex
1349 1856 1476 1917 quo
1532 1835 1749 1897 locum
1807 1834 1994 1897 illum
2041 1836 2267 1916 primoe
2326 1836 2416 1897 ad
2465 1836 2605 1898 Cor.
2631 1837 2734 1912 iii.
2788 1859 2905 1920 per

691 1939 1017 2001 fornacem
1066 1959 1254 2000 suum
1301 1937 1579 2001 transire
1629 1937 1786 2000 feeit
1842 1937 2203 2001 Cardinalis
2256 1944 2323 2002 et
2372 1939 2599 2022 rejecit
2620 1949 2680 2002 ⁸:
2752 1961 2899 2004 cum

692 2061 928 2123 magno
959 2047 1176 2102 autem
1205 2039 1293 2115 id,
1324 2047 1400 2101 ut
1430 2039 1719 2117 timetur,
1743 2039 1945 2103 totius
1973 2040 2210 2103 fabulae
2241 2039 2646 2105 detrimento.
2722 2044 2898 2106 Nam

693 2144 749 2206 is
779 2143 957 2205 locus
986 2141 1125 2204 aliis
1154 2141 1429 2204 maxime
1459 2140 1796 2205 videbatur
1827 2141 1909 2204 ad
1939 2164 2097 2221 rem,
2130 2149 2196 2205 et
2221 2148 2428 2205 teoetas
2457 2146 2715 2206 multum
2744 2147 2898 2210 alle-

691 2245 922 2327 9abilis
943 2272 962 2307 .-
1009 2252 1075 2308 et
1122 2244 1378 2328 quidem
1424 2266 1560 2307 non
1597 2244 1691 2307 ita
1734 2244 1981 2328 pridem
2013 2246 2206 2308 Pater
2237 2246 2610 2324 Lusitanus„
2641 2248 2739 2311 vir
2766 2271 2898 2313 non

698 2349 907 2411 infimi
946 2348 1242 2426 nominis,
1275 2368 1654 2430 congressus
1687 2347 1964 2411 Lutetiae
2003 2368 2151 2410 cum
2183 2349 2489 2413 Ministro
2526 2350 2628 2431 (de
2662 2352 2898 2414 nostris

697 2453 873 2533 un0‚)
912 2450 1026 2516 ubi
1069 2459 1334 2515 ventum
1381 2451 1462 2515 ad
1502 2451 1977 2534 Purgatorium,
2010 2471 2157 2514 cum
2203 2451 2642 2516 dimicandum
2675 2474 2789 2537 pro
2819 2475 2897 2518 eo

695 2555 882 2632 foret,
913 2554 1128 2617 locum
1171 2554 1355 2616 illum
1400 2561 1709 2636 tanquam
1746 2554 2001 2616 Clavam
2040 2554 2336 2616 Herculis
2363 2554 2681 2633 adhibuit,
2712 2558 2894 2634 ursit,

696 2658 947 2741 pressit,
971 2665 1288 2741 quantum
1310 2658 1540 2740 potuit,
1567 2657 1747 2739 quasi
1777 2656 2000 2739 positae
2023 2656 2092 2718 in
2123 2678 2198 2719 eo
2219 2656 2493 2720 fortunae
2514 2659 2894 2741 purgatorii,

697 2761 879 2842 quasi
907 2761 1035 2823 nisi
1059 2762 1236 2824 locus
1264 2761 1389 2822 iste
1419 2760 1687 2838 substet,
1713 2767 1929 2822 actum
1951 2759 2030 2822 de
2052 2760 2450 2842 PurgatoriO.
2515 2762 2896 2844 Pergratum

693 2863 913 2946 itaque
959 2863 1148 2927 nobis
1192 2863 1345 2925 fecit
1397 2861 1779 2939 CardinaIiS,
1827 2862 1937 2944 qui
1985 2869 2167 2924 tanto
2219 2862 2439 2926 labore
2484 2867 2895 2947 perpurgavit

693 2966 880 3029 nobis
910 2965 1121 3028 locum
1150 2965 1354 3042 illum,
1379 2971 1444 3027 et
1467 2964 1699 3046 frigere
1729 2964 1819 3027 ibi
1849 2964 2067 3027 docuit
2093 2964 2545 3046 Purgatorium
2574 2988 2711 3029 rem
2743 2968 2895 3030 cali-

696 3067 1040 3130 dissimam.
1135 3068 1334 3149 Cujus
1356 3066 1496 3149 jam
1527 3065 1974 3129 auctoritatem
2007 3065 2194 3129 nobis
2222 3066 2434 3143 liceat,
2464 3068 2678 3132 locum
2707 3069 2894 3132 illum

695 3170 1007 3248 afferenti,
1039 3181 1350 3251 tanquam
1380 3170 1604 3249 Ajacis
1640 3169 1933 3251 Clypeum
1962 3190 2301 3252 opponere,
2333 3176 2420 3248 et,
2453 3170 2650 3253 siquis
2680 3171 2741 3235 ei
2769 3172 2893 3237 fer-

757 3377 779 3407 ¹²
818 3368 870 3432 [“
894 3367 1113 3425 Quartus
1145 3369 1285 3417 loeus
1329 3371 1407 3416 est
1442 3366 1522 3415 Ps.
1551 3367 1748 3416 xxxvii.
1838 3367 1962 3416 ibid.
1987 3366 2034 3431 §J
2069 3366 2366 3417 ‘Decimuss
2414 3368 2547 3434 [Op.,
2586 3374 2708 3420 tom.
2738 3373 2794 3421 ii.
2841 3388 2891 3436 p.

693 3431 917 3482 Domine
938 3448 1002 3482 ne
1022 3433 1080 3483 in
1088 3432 1292 3496 surore,
1317 3437 1411 3482 eto.
1480 3432 1591 3479 Etsi
1612 3432 1750 3480 euim
1838 3435 1948 3482 392.

695 3498 806 3547 haee
845 3498 997 3547 verba
1034 3500 1169 3547 varie
1204 3498 1389 3560 exponi
1434 3497 1751 3560 possunt.”—
1902 3499 1919 3527 ¹
1968 3502 1996 3523 ‘⁸
2014 3495 2323 3559 Raepondeo,
2341 3510 2444 3547 non
2459 3500 2599 3560 sequi
2617 3502 2892 3550 secundum

697 3562 822 3612 Bell.
846 3562 968 3611 ibid.
995 3561 1041 3626 ξ]
1068 3568 1080 3589 ‘
1101 3562 1346 3620 Quartua’
1380 3563 1512 3626 [Op.,
1546 3566 1669 3610 tom.
1693 3562 1746 3610 ii.
1836 3561 2034 3622 regulas
2054 3560 2460 3618 Dialectioorum,
2482 3563 2537 3611 id
2561 3564 2697 3626 quod
2724 3566 2892 3614 inferi·

693 3642 744 3690 p,
771 3630 881 3677 392.
907 3626 988 3691 R]
1833 3640 1946 3674 mus
1967 3640 2029 3673 ex
2045 3625 2213 3674 verbis
2226 3624 2484 3675 Domini.’'
2500 3630 2585 3687 (se.
2605 3628 2754 3678 Matt-
2780 3630 2867 3678 xii.

759 3701 782 3731 ‘1
814 3693 866 3756 [“
890 3692 1108 3748 Quintus
1142 3691 1280 3740 loeus
1324 3693 1401 3739 est
1435 3689 1619 3741 Psalm.
1641 3690 1744 3739 lxv.
1833 3688 2024 3737 -BelL
2065 3688 2128 3737 de
2175 3688 2325 3752 Purg.
2367 3690 2454 3739 lib.
2490 3693 2521 3739 i.
2588 3707 2694 3755 cap.
2736 3697 2778 3742 4.
2820 3632 2891 3758 [ξέ

700 3756 1057 3805 Transit-imus
1096 3771 1190 3818 per
1238 3756 1420 3816 iynem,
1474 3760 1566 3802 eto.
1647 3754 1748 3803 Hic
1836 3753 2161 3816 ‘Respondeo
2196 3769 2298 3803 non
2325 3756 2496 3817 sequi)
2552 3757 2594 3803 O
2840 3760 2870 3770 ⁶·

693 3822 847 3870 etiam
881 3820 1020 3869 loeus
1052 3824 1217 3883 potest
1250 3820 1430 3868 habere
1460 3819 1622 3867 varios
1645 3833 1748 3867 sen-
1834 3832 1881 3880 p.
1907 3821 2018 3867 393.
2036 3817 2116 3881 B.]

692 3885 1011 3934 sus.’'—Bell.
1052 3884 1174 3932 ibid.
1212 3884 1259 3947 §]
1297 3883 1569 3940 ‘Quintam'
1617 3883 1748 3947 [Op.,
1899 3890 1924 3911 ¹²
1959 3882 2106 3946 [Bell.
2131 3882 2279 3946 ibid]
2296 3896 2401 3945 cap.
2416 3885 2459 3933 5.
2509 3884 2552 3948 ς]
2576 3885 2890 3935 ‘Semnum’

694 3958 817 3998 tom.
840 3950 894 3998 ii.
930 3965 976 4012 p.
1003 3951 1112 3998 392.
1139 3947 1217 4012 R]
1836 3946 1970 4010 [Op.,
2005 3951 2126 3995 tom.
2151 3948 2205 3996 ii.
2241 3963 2286 4010 p.
2308 3950 2416 3997 393.
2435 3948 2494 3996 D.

762 4022 780 4047 ¹
814 4013 864 4078 [“
887 4013 929 4061 N
936 4028 1061 4061 onus
1098 4013 1236 4061 locus
1270 4016 1349 4061 est
1392 4010 1537 4060 Zach.
1561 4010 1630 4057 ix.
1668 4010 1749 4059 Tu
1898 4019 1922 4041 ¹
1959 4010 2113 4075 [Bell.
2160 4011 2307 4074 ibim]
2351 4027 2455 4074 cap.
2481 4018 2526 4061 6.
2573 4012 2640 4077 [§]
2684 4013 2889 4063 ‘Secun-

693 4078 934 4127 autemin
954 4078 1204 4139 sanquine
1220 4075 1525 4125 Testamenti
1546 4074 1745 4133 tui,etc.
1835 4074 1987 4123 dum.’
2020 4075 2153 4139 [Op.,
2189 4081 2310 4124 tom.
2336 4077 2390 4124 ii.
2424 4092 2471 4139 p.
2498 4077 2709 4141 397.A.]

695 4143 805 4190 Etsi
850 4143 986 4191 enim
1034 4143 1166 4189 hunc
1211 4141 1392 4199 locum,
1437 4140 1560 4189 otc.”
1597 4143 1654 4186 ut
1686 4140 1744 4186 in
1894 4147 1915 4178 7
1950 4138 2095 4204 [Bell.
2135 4139 2258 4188 ibid.
2285 4139 2329 4202 ξ]
2372 4141 2575 4190 ‘Prima
2613 4144 2719 4191 est.⁹
2758 4143 2890 4207 [Op.,

694 4206 1050 4256 textu—Bell.
1087 4205 1210 4254 ibid.
1243 4209 1266 4265 ξ
1332 4204 1412 4252 ‘N
1418 4203 1571 4252 onus!
1610 4202 1744 4267 [Op.,
1828 4208 1952 4253 tom.
1977 4205 2029 4252 ii.
2065 4218 2112 4265 p.
2137 4208 2248 4254 396.
2276 4203 2354 4268 B.]

693 4276 815 4320 tom.
841 4272 895 4320 ii.
930 4287 979 4334 p.
1004 4272 1112 4321 392.
1141 4270 1194 4318 F.
1210 4269 1268 4318 G.
1896 4276 1916 4298 ¹
1951 4268 2099 4332 [Bell.
2122 4269 2272 4332 ibid]
2306 4283 2411 4331 cap.
2437 4271 2480 4317 8.
2531 4269 2574 4333 ξ]
2601 4274 2615 4296 ‘
2635 4270 2890 4321 Utuntur!

760 4344 776 4366 ⁸
811 4336 863 4399 [⁴⁴
884 4335 1121 4384 Decimus
1153 4334 1291 4393 locus
1325 4336 1403 4382 est
1432 4331 1647 4382 Malaoh.
1670 4331 1744 4381 iii.
1833 4332 1966 4396 [Op.,
2001 4338 2126 4382 tom.
2148 4334 2203 4382 ii.
2239 4348 2287 4395 p.
2312 4336 2423 4383 398.
2450 4333 2502 4381 F.

691 4400 815 4460 Ipse
837 4399 1023 4448 sedebit
1043 4399 1195 4461 quasi
1216 4398 1352 4459 {ymb
1373 4397 1610 4461 conflans,
1643 4401 1737 4445 etc.
1892 4406 1913 4428 ⁸
1948 4397 2104 4462 [Vide
2129 4397 2254 4447 Bell.
2273 4397 2335 4445 de
2362 4398 2511 4458 Purg.
2542 4399 2632 4448 lib.
2656 4400 2689 4449 i.
2713 4416 2822 4463 cap.
2842 4404 2886 4449 5.

691 4465 988 4524 Quanquam
1021 4478 1171 4524 poena
1203 4464 1293 4512 illa
1325 4463 1615 4524 purgatoria
1639 4476 1743 4511 non
1830 4463 1941 4526 Op„
1975 4467 2097 4511 tom.
2122 4462 2175 4511 ii.
2200 4476 2282 4525 pp.
2310 4462 2604 4525 393—396.]

689 4530 761 4572 est
797 4540 870 4583 ea,
908 4527 970 4573 de
1001 4541 1100 4587 qua
1131 4541 1267 4573 nunc
1301 4525 1741 4587 agimus.”-Bell.
