3165 4959
1095 765 1791 841 MONITUM.

420 1262 689 1341 Momm,
721 1284 865 1347 quae
892 1264 964 1327 in
992 1264 1357 1328 'romum
1387 1265 1593 1329 'roim
1632 1265 1873 1329 fuimus
1912 1266 2180 1350 praefati,
2213 1265 2293 1330 de
2321 1265 2542 1332 indole

333 1388 402 1444 et
429 1383 598 1467 stylo
627 1385 927 1464 auctoris,
958 1392 1025 1448 et
1067 1392 1288 1449 nostro
1331 1386 1763 1470 qualicunque
1805 1386 2041 1467 labore,
2072 1387 2147 1451 in
2174 1387 2352 1453 hune
2380 1409 2540 1472 quo·

333 1524 457 1586 que
484 1503 700 1568 locum
729 1504 904 1569 haud
932 1505 1339 1569 incommode
1366 1513 1638 1590 possunt
1674 1506 2028 1579 transferri.

420 1624 647 1688 Restat
716 1625 917 1709 igitur
974 1633 1050 1691 ut
1106 1625 1269 1689 iilud
1338 1632 1599 1690 tantum
1658 1627 1999 1691 Lectorem
2057 1625 2534 1706 admoneamus,

331 1765 695 1828 quanquam
725 1768 803 1810 ex
835 1745 1032 1831 hujus
1060 1745 1265 1810 libelli
1294 1746 1486 1810 titulo
1514 1747 1649 1810 fere
1678 1768 1792 1830 per
1821 1768 1888 1811 se
1918 1752 2154 1830 pateat,
2189 1746 2364 1830 quod
2390 1754 2536 1831 post

327 1865 711 1948 Apologiam
740 1887 923 1929 suam
953 1865 1034 1930 de
1066 1866 1108 1931 J
1111 1874 1449 1930 uramento
1480 1866 1838 1930 Fidelitatis
1878 1867 2137 1945 editam,
2173 1868 2311 1931 Rex
2341 1868 2384 1930 J
2387 1889 2533 1933 aco·

325 1982 447 2047 bus
488 2006 627 2048 rem
671 1992 876 2050 totam
919 1985 1127 2050 fusius
1162 1987 1479 2065 tractavit,
1510 1992 1577 2051 et
1622 1986 2072 2051 Praefationem
2108 1987 2532 2052 Monitoriam

327 2104 659 2189 Apologiae
702 2128 836 2171 suae
870 2107 1327 2191 praefigendam
1367 2108 1636 2172 curavit.
1726 2108 1811 2171 In
1858 2108 2027 2172 hanc
2074 2107 2529 2173 Praefationem

324 2224 644 2290 calamum
677 2228 949 2311 sumpsit
978 2227 1430 2307 Bellarminus,
1459 2228 1638 2291 larva
1680 2227 1941 2291 tandem
1986 2226 2255 2312 abjecta,
2287 2235 2353 2291 et
2382 2250 2529 2312 pro-

324 2345 465 2428 prio
520 2368 637 2411 suo
692 2348 955 2412 nomine
1004 2349 1252 2432 Regem
1310 2347 1718 2432 impugnans.
1821 2349 1967 2413 Nec
2013 2349 2264 2412 Auctor
2310 2356 2530 2413 noster

325 2467 673 2552 quidquam
719 2469 791 2533 in
837 2491 1019 2535 mora
1059 2468 1307 2548 habuit,
1356 2468 1516 2554 quin
1564 2469 1760 2553 Regis
1811 2468 2246 2534 defensionem
2291 2469 2526 2534 iterum

325 2589 708 2669 institueret,
735 2589 956 2655 omnia
982 2590 1350 2674 plenissime
1378 2597 1755 2668 retractans,
1783 2596 1849 2653 et
1879 2612 2013 2654 non
2040 2589 2233 2654 modo
2257 2589 2526 2674 Regiam

324 2707 670 2773 defendens
728 2708 1225 2788 Auctoritatem,
1277 2731 1501 2774 verum
1559 2710 1757 2775 etiam
1807 2710 1986 2774 omni
2037 2731 2116 2774 ex
2160 2717 2344 2794 parte
2396 2712 2529 2775 Ro-

322 2827 725 2891 manensium
755 2826 1115 2892 doctrinam
1142 2827 1554 2912 redarguens.

406 2948 492 3011 In
549 2947 671 3012 hoc
738 2968 929 3031 opere
1002 2947 1271 3027 edendo,
1331 2969 1601 3012 munere
1664 2946 1951 3012 Editoris
2005 2947 2131 3011 rite
2190 2946 2396 3031 fungi,
2457 2956 2525 3013 et

321 3087 636 3130 summam
665 3065 1070 3151 diligentiam
1111 3067 1183 3130 in
1223 3067 1400 3149 locis,
1433 3088 1577 3151 quae
1607 3067 1896 3131 citaverit
1923 3068 2191 3145 Auctor,
2223 3067 2522 3131 eruendis

319 3187 620 3252 adhibere
669 3187 1009 3252 voluimus.
1099 3187 1254 3267 Alii,
1304 3209 1501 3271 penes
1554 3209 1712 3271 quos
1759 3186 1839 3251 de
1890 3187 2011 3252 hac
2061 3208 2132 3251 re
2179 3186 2518 3273 judicium,

316 3307 564 3372 labores
591 3314 844 3373 nostros
872 3329 1057 3392 aequo
1087 3308 1304 3372 animo
1333 3307 1667 3392 accipiant.

400 3428 575 3492 Illud
626 3428 889 3512 insuper
934 3435 1033 3493 est
1090 3429 1509 3507 monendum,
1563 3427 1737 3513 quod
1785 3427 2042 3493 numeri
2098 3427 2170 3491 in
2227 3428 2519 3511 margine

313 3547 459 3612 libri
486 3548 755 3633 paginas
782 3548 1101 3613 Editionis
1128 3548 1356 3633 prioris
1383 3548 1692 3628 indicant,
1725 3547 2023 3632 quodque
2052 3547 2269 3613 omnia
2295 3555 2520 3612 nostra

312 3639 753 3753 cujuscunque
796 3669 1049 3752 generis
1092 3668 1534 3734 additamenta
1573 3668 1828 3734 uncinis
1868 3666 2216 3753 quadratis,
2253 3666 2518 3730 distinc-

308 3788 503 3853 tionis
531 3787 765 3873 gratia‚
795 3795 947 3853 sunt
975 3787 1239 3858 inclusa.

1689 4027 2093 4092 JACOBUS
2141 4027 2421 4092 BLISS.
