3165 4959
986 360 1355 410 stomoma
1399 365 1763 413 RssmNslo.
2356 356 2484 420 149

260 514 493 595 scrib0,
525 535 562 579 e
589 514 817 579 vestris
863 538 1031 579 unus
1073 517 1291 601 (atque
1333 518 1390 582 is
1421 519 1464 582 J
1467 519 1726 604 esuita),
1762 520 1868 585 hic
1904 523 2044 606 jam
2089 523 2159 587 in
2206 525 2477 588 Carcere
2504 539 2602 604 [De
2625 540 2720 590 hoe

261 619 439 702 apud
467 640 607 698 nos,
645 619 752 701 (ne
785 619 1138 702 quaestione
1170 620 1430 703 quidem
1461 622 1597 686 ulla
1627 624 1706 687 de
1737 645 1813 688 60
1852 625 2093 704 habita,
2127 626 2237 690 scd
2267 649 2476 711 neque
2502 605 2731 720 ζξῖξζίἳω

258 721 362 786 vel
393 721 590 786 verbo
633 730 898 805 rogatus
945 722 1027 786 de
1070 724 1164 805 re)
1217 732 1445 807 sponte
1494 747 1613 789 sua
1648 728 1792 809 (nec
1833 750 1944 812 spe
1985 730 2323 807 adductuS,
2354 751 2476 795 nec
2504 734 2755 785 Pontifex.

258 827 469 909 metu)
503 825 712 889 fassus
744 832 862 903 est,
891 825 962 889 in
991 825 1276 909 idipsum
1310 835 1566 911 tempus
1605 831 1746 912 (quo
1794 853 2087 895 accensus
2129 835 2232 896 hic
2261 835 2478 916 pulvis

259 934 326 991 et
369 935 615 1011 strages
656 928 1006 1010 subsecuta)
1042 928 1114 992 in
1151 928 1436 1012 idipsum
1472 930 1785 1015 (inquam)
1827 942 2100 1017 tempuS,
2133 956 2476 1018 procusum

260 1032 486 1110 fuisse,
519 1037 714 1116 atque
744 1030 906 1096 adeo
944 1032 1174 1096 exiisse
1214 1054 1252 1095 a
1292 1033 1606 1097 Pontifice
1643 1036 1902 1116 (mirum
1945 1044 2164 1100 autem
2206 1038 2275 1101 ni
2321 1058 2475 1103 con-

184 1164 195 1172 ·
262 1135 419 1214 sci0,
457 1136 512 1199 si
548 1156 701 1199 vera
746 1137 991 1218 narrat)
1043 1136 1292 1200 fulmen
1339 1136 1699 1216 trisulcum,
1732 1139 1956 1203 Bullas
2001 1145 2136 1203 tres
2185 1141 2477 1204 Anathe-

260 1239 496 1302 matis:
542 1239 800 1323 Easque
838 1239 911 1302 in
956 1239 1243 1321 deposito
1286 1238 1485 1303 fuisse
1515 1262 1650 1303 non
1694 1243 1915 1323 procul
1966 1242 2142 1323 hinc,
2191 1265 2268 1307 ex
2321 1265 2475 1309 con-

263 1344 460 1423 dicto,
492 1344 712 1408 statim
741 1344 855 1408 ubi
886 1345 1180 1408 confecta
1223 1365 1344 1422 res,
1378 1345 1710 1408 Pontificis
1739 1346 2005 1410 nomine
2034 1347 2474 1430 publicandas,

263 1446 502 1529 quibus
561 1447 687 1510 tria
743 1447 815 1510 in
889 1447 1118 1528 Regno
1176 1446 1319 1509 loca
1389 1446 1694 1528 primaria
1767 1448 2106 1512 confestim
2164 1450 2472 1513 ferienda.

263 1550 424 1613 Non
467 1550 827 1634 publicatas
872 1549 1168 1634 quidem:
1214 1549 1360 1612 Nec
1404 1549 1577 1612 enim
1623 1549 1873 1614 fulmen
1917 1551 2077 1615 illud
2122 1553 2298 1635 prius
2345 1552 2473 1615 dis-

261 1651 523 1735 plosum
567 1653 712 1732 fuit,
745 1652 862 1716 sed
903 1653 973 1715 in
1018 1658 1324 1735 promptu
1367 1659 1591 1714 tamen
1629 1652 1844 1731 fuisse,
1880 1661 1947 1717 et
1986 1655 2342 1737 procinctu,
2374 1663 2470 1734 ut,

268 1756 456 1838 signo
503 1755 674 1834 dato,
728 1754 986 1818 fulmini
1029 1755 1280 1818 fulmen
1331 1754 1721 1818 succederet.
1816 1757 1978 1821 Haec
2021 1757 2167 1821 ille:
2239 1759 2473 1839 (Penes

262 1868 594 1922 auctorem
654 1858 813 1922 fides
872 1864 1029 1937 estc,
1083 1866 1169 1937 et,
1222 1880 1413 1942 quem
1459 1866 1769 1942 praeterea
1816 1860 1898 1923 de
1949 1862 2181 1925 vestris
2233 1870 2469 1926 testem

260 1963 420 2025 citat
442 1963 483 2044 ε)
535 1961 658 2025 1116
686 1983 837 2025 vero
864 1961 1003 2026 haec
1031 1962 1102 2024 in
1132 1968 1325 2045 caput
1356 1984 1575 2038 suum3
1621 1983 1740 2026 nec
1762 1962 1863 2026 vel
1879 1963 2028 2027 vitae
2058 1986 2237 2048 spem
2269 1967 2472 2050 stipu-

256 2065 454 2143 latus,
488 2064 601 2127 sed
633 2064 895 2127 sceleris
926 2071 1185 2127 tantum
1217 2065 1629 2144 conscientia,
1655 2073 1721 2129 et
1751 2066 1959 2131 cordis
1990 2067 2207 2132 dolore
2237 2076 2471 2148 tactuS,

256 2167 434 2230 ultro
492 2165 816 2249 patefecit.
924 2166 1299 2248 Digitusque
1357 2168 1461 2230 hic
1509 2167 1636 2229 Dei
1694 2174 1785 2230 est
1804 2166 1831 2206 ‘¹
1853 2196 1871 2231 .·
1937 2170 2032 2232 Ut
2084 2170 2224 2253 jam
2283 2170 2474 2234 credo

254 2268 503 2333 nemini
537 2268 883 2333 obscurum
922 2268 1025 2348 sit,
1057 2257 1468 2333 non'temere
1498 2290 1658 2349 esse,
1691 2271 1865 2354 quod
1895 2277 2032 2335 tam
2064 2272 2292 2336 timide
2335 2295 2471 2336 rem

257 2372 541 2454 attingat
578 2370 963 2450 Cardinalis,
994 2378 1132 2435 tam
1170 2372 1517 2436 desultorie
1560 2380 1869 2437 transeat.
1960 2376 2105 2438 Nec
2152 2375 2247 2438 ita
2285 2375 2474 2438 valde

254 2498 411 2560 ergo
470 2497 691 2539 exosas
750 2496 886 2540 esse
946 2475 1158 2540 Curiae
1210 2477 1518 2541 Romanae
1570 2477 2064 2559 Conjurationes,
2128 2478 2225 2561 (ut
2264 2477 2468 2542 videri

254 2582 419 2664 vult)
443 2602 566 2644 nec
598 2580 688 2643 sic
718 2581 1003 2644 eoeecrari
1034 2601 1142 2644 eos
1170 2581 1261 2646 ibi
1279 2582 1642 2663 pam-icidia
1658 2591 1703 2646 Β.
1772 2582 2153 2645 Pontificem
2186 2582 2470 2664 quidem,

264 2685 399 2769 (qui
426 2684 567 2748 haec
596 2683 689 2747 ita
718 2684 1051 2749 commode
1081 2684 1297 2748 divisit
1327 2684 1729 2769 temporibus
1747 2683 1796 2767 s)
1834 2685 2089 2747 affinem
2120 2685 2213 2748 rei
2245 2685 2469 2763 totiuS,

258 2796 432 2853 certe
461 2788 760 2872 ignarum
788 2809 922 2852 non
951 2786 1169 2853 fuisse.

322 2923 400 2973 De
422 2938 523 2987 qus
554 2939 622 2984 re,
655 2923 791 2987 quod
823 2924 954 2973 mihi
987 2922 1261 2973 dicendum
1293 2923 1577 2984 videbatur,
1613 2924 1791 2987 scripsi
1826 2924 1883 2973 in
1916 2923 2019 2973 alio
2050 2922 2468 2987 libella—[Bell.

384 3004 534 3067 Apol.
556 3018 648 3068 pro
672 3002 848 3067 Resp.]
874 3019 923 3068 p.
945 3005 1023 3054 43.
1051 3003 1190 3067 [0p,‚
1212 3007 1334 3053 tom.
1359 3004 1447 3052 vii.
1471 3003 1562 3053 col.
1589 3004 1699 3056 729.
1724 3004 1818 3067 A.]
2061 3010 2062 3013 ’

343 3101 580 3186 Rejicit
608 3101 715 3165 hic
744 3123 862 3166 nos
893 3102 976 3165 ad
1006 3103 1200 3165 alium
1230 3102 1519 3181 libellum,
1551 3124 1787 3186 nempe
1817 3102 1899 3166 ad
1929 3104 2219 3182 Tortum,
2246 3102 2467 3168 Cardi-
2494 3112 2677 3178 [Nulla

254 3204 441 3283 nelis,
492 3204 608 3269 ubi
665 3207 1045 3268 occasionem
1105 3206 1321 3269 datam
1373 3214 1689 3287 autumat,
1740 3208 1851 3271 sed
1912 3207 2154 3291 duplici
2205 3208 2469 3273 nomine
2494 3178 2797 3294 gisgeorgg-li

254 3308 536 3390 rejectus
586 3315 704 3371 est.
823 3310 1002 3374 Nam
1050 3329 1171 3372 nec
1230 3309 1384 3373 data
1433 3319 1550 3386 est,
1620 3319 1687 3374 et
1746 3311 1927 3374 nulla
1976 3333 2264 3395 unquam
2324 3312 2471 3374 dari
2494 3307 2609 3372 ⁸¹0]

245 3412 461 3492 potuit
505 3412 767 3490 occasio,
799 3420 873 3476 ut
905 3413 1245 3496 quisquam
1276 3421 1468 3497 caput
1499 3436 1691 3478 suum
1722 3422 1861 3478 tam
1891 3415 2214 3478 horrcndo
2245 3414 2471 3478 sceleri

257 3513 614 3578 devoveret.
710 3516 860 3578 Cum
909 3536 1021 3597 eqo
1066 3537 1323 3600 pungar
1340 3528 1385 3596 Β,
1444 3526 1621 3581 recte
1682 3517 1864 3580 dixit.
1969 3516 2161 3583 Quod
2213 3519 2466 3600 pungit,

253 3617 535 3700 fugiunt.
602 3617 834 3701 Fugite
864 3639 1013 3682 vero
1045 3628 1361 3704 quantum
1388 3621 1663 3703 potestis
1693 3627 2010 3704 punctum
2041 3620 2184 3697 hoc,
2217 3640 2469 3702 semper

255 3721 434 3785 vobis
463 3722 535 3785 in
564 3729 713 3786 cute
744 3722 1083 3786 victurum.

318 3857 531 3908 Fatetur
558 3891 572 3905 .
608 3892 623 3907 .
656 3891 670 3906 .
697 3857 1036 3909 Bellsrminus
1057 3858 1248 3909 librum
1270 3874 1376 3910 esse
1397 3874 1575 3920 suum3
1608 3858 1714 3921 sed,
1730 3860 1792 3909 ut
1811 3873 1960 3923 supra
1983 3857 2241 3919 admonui,
2265 3872 2369 3908 non
2390 3864 2468 3908 est

379 3939 548 3988 visum
570 3938 651 3988 illi
673 3953 861 3989 nomen
882 3955 1029 3989 suum
1052 3940 1341 4001 inscribere,
1365 3942 1485 4003 quia
1507 3956 1669 4004 neque
1692 3940 2009 3991 sdversarius
2032 3954 2218 3990 nomen
2248 3939 2458 4004 inscrip-

380 4024 516 4070 serat
537 4035 756 4070 suum.—
769 4020 917 4086 [Bell.
943 4022 1092 4086 Apol.
1116 4038 1207 4087 pro
1230 4022 1400 4087 Resp.]
1424 4037 1472 4086 p.
1498 4023 1577 4072 43.
1620 4022 1758 4087 [Op.,
1773 4025 1896 4071 tom.
1922 4021 2008 4071 vii.
2030 4022 2123 4071 col.
2149 4023 2175 4075 7
2183 4023 2260 4071 29.
2287 4021 2352 4081 A,
2380 4020 2459 4084 Β.]

338 4120 440 4183 De
464 4118 823 4184 Cardinalis
846 4120 1043 4203 pullo,
1069 4120 1140 4183 in
1160 4120 1314 4185 nido
1336 4121 1516 4184 Torti
1540 4122 1814 4200 excluso,
1839 4120 2128 4204 proxime
2152 4120 2463 4204 sequitur.
2490 4136 2800 4252 {cardinalis

249 4223 409 4300 Reoe,
442 4223 601 4286 libro
635 4244 855 4286 nomen
889 4245 1000 4287 suo
1041 4245 1163 4287 non
1201 4226 1543 4306 inscripsit,
1581 4246 1704 4288 nec
1740 4223 2102 4289 Cardinalis
2137 4224 2295 4287 item
2331 4244 2463 4287 suo.
2493 4203 2751 4334 ,ᾗξζξᾷω

312 4380 336 4413 ⁴
371 4381 486 4446 [Ex.
512 4382 622 4432 vm.
645 4382 747 4447 19.]
1402 4389 1502 4445 tus,
1525 4400 1575 4449 p.
1597 4387 1676 4434 22.
1696 4384 1852 4449 [Edit.
1873 4385 2065 4446 colon„
2083 4383 2220 4434 Edit.
2241 4383 2392 4434 Pom.
2416 4399 2466 4448 p.
2492 4349 2751 4450 {cussffg'm‘

312 4455 335 4479 ⁸
369 4450 423 4511 [“
433 4446 533 4496 Odi
546 4448 835 4511 parridicis,
847 4462 1053 4498 execror
1066 4450 1314 4512 conspira·
1402 4452 1499 4509 18.,
1522 4456 1574 4500 et
1598 4450 1723 4500 Bell.
1751 4450 1861 4513 Op„
1886 4456 2008 4499 tom.
2025 4451 2111 4500 vii.
2136 4450 2229 4500 col.
2245 4452 2358 4501 645.
2382 4450 2467 4515 A.]

245 4513 412 4561 tiones
434 4533 447 4570 ς
504 4512 593 4561 sed
648 4514 961 4563 occasionem
1016 4513 1316 4576 desperandi
1470 4513 1487 4545 ¹
1547 4515 1746 4565 Terent.
1773 4515 1909 4565 And.
1937 4515 2032 4565 111.
2059 4519 2108 4566 1.
2132 4518 2208 4565 18.

245 4576 420 4627 datam
456 4591 608 4627 nemo
643 4577 862 4629 inficiari
901 4578 1317 4644 potcst.'']—'Por·
1468 4589 1492 4621 κ
1525 4515 1685 4645 {Vide
1707 4596 1872 4645 supra,
1896 4595 1945 4645 p.
1971 4584 2014 4631 1.
2038 4586 2143 4632 not.
2166 4515 2233 4645 θ]
