3165 4959
1037 330 1400 380 nomem
1444 333 1806 381 mmmm.
2398 323 2520 386 127

312 491 497 553 initio
545 488 848 551 Ecclesia?
894 509 1084 569 usque
1131 490 1220 551 ad
1266 496 1484 554 nostra
1535 497 1815 572 tempora
1853 492 2327 573 perdurarunt:
2392 501 2523 557 tam

312 594 580 674 antiqui,
614 613 798 673 quam
828 594 1090 673 antiqua
1124 594 1265 674 ipsa
1294 594 1587 658 Ecclesia
1617 601 1729 658 est.
1826 595 2039 661 Quam
2069 604 2344 678 anguste
2375 618 2524 661 vero

311 697 436 759 hoc
451 697 482 759 Ρ
529 718 568 758 a
592 695 835 760 Christi
858 695 1092 759 saeculo
1114 697 1423 760 tantum?
1472 699 1514 761 J
1516 698 1743 776 uvab0,
1765 699 1817 761 si
1839 700 2069 782 placet,
2093 700 2519 764 Cardinalem.

310 800 485 863 Nam
523 800 581 861 si
629 799 1097 862 considerentur
1138 800 1506 863 Cardinales
1532 808 1604 864 ut
1647 802 2008 884 Presbyteri
2055 809 2116 865 et
2161 805 2450 882 Diaconi,
2482 825 2522 865 a

308 902 447 965 Deo
492 904 627 983 ipso
665 903 943 965 instituti
988 908 1152 974 sunt,
1186 902 1305 966 sub
1353 905 1546 986 Lege.
1640 905 1911 969 Diaconi
1942 905 2117 968 enim
2155 905 2227 969 in
2258 906 2520 985 Levitis,

314 1005 688 1089 Presbyteri
733 1005 804 1067 in
856 1005 1327 1070 Sacerdotibus
1417 1006 1660 1089 Itaque,
1693 1013 1823 1070 tam
1859 1010 2102 1091 antiqui
2141 1016 2305 1088 sunt,
2338 1031 2521 1091 quam

313 1109 577 1188 antiqua
605 1109 745 1189 ipsa
790 1109 1132 1191 Synagoga
1160 1114 1272 1172 est.
1364 1110 1507 1173 Nee
1549 1110 1911 1190 defuenmt,
1945 1112 2057 1193 qui
2099 1112 2273 1175 ultra
2301 1113 2519 1177 Chris-

312 1217 459 1274 tum
490 1219 905 1290 arcesserent,
937 1217 1004 1275 et
1050 1220 1434 1295 argumento
1464 1235 1599 1276 non
1629 1213 1928 1276 dissimili
1961 1214 2118 1277 olim
2147 1216 2363 1278 idiotis
2390 1218 2523 1278 suis

314 1314 698 1397 persuadere
741 1314 954 1378 conati
1000 1322 1172 1393 sunt,
1205 1316 1491 1378 Matrem
1526 1317 1839 1379 Samuelis
1869 1319 2149 1396 Annam,
2183 1318 2261 1380 de
2298 1319 2520 1382 Cardi-

311 1419 562 1481 nalibus
587 1418 998 1502 prophetasse
1029 1418 1239 1482 verbis
1260 1418 1388 1482 illis
1401 1429 1443 1502 ⁰,
1476 1420 1738 1483 Domini
1765 1425 1910 1482 sunt
1947 1421 2250 1483 Cardines
2281 1422 2518 1484 terroe‘l.

315 1521 627 1586 Cardines
659 1522 745 1604 (id
768 1522 891 1604 est)
928 1522 1315 1600 Cardinales,
1342 1543 1534 1605 super
1553 1521 1788 1605 quibus
1812 1522 1923 1585 diu
1944 1524 2102 1606 jam,
2129 1545 2270 1606 quae
2300 1524 2521 1589 debuit

216 1673 261 1686 ....
316 1628 662 1710 quiescere,
711 1633 1006 1690 movetur
1053 1632 1244 1689 terra.
1350 1626 1568 1709 Magis
1629 1627 1819 1690 etiam
1876 1628 2135 1712 juvabo.
2227 1629 2416 1707 Nam,
2464 1632 2523 1693 si

216 1783 221 1787 .
322 1732 694 1794 Cardinales
742 1737 812 1793 ut
871 1732 1143 1794 homines
1195 1731 1682 1809 considerentur,
1739 1752 1778 1793 a
1825 1732 1959 1794 Deo
2007 1733 2141 1813 ipso
2194 1733 2261 1795 in
2310 1734 2521 1797 Adam

301 1836 610 1915 plasmati
656 1841 819 1913 sunt,
870 1840 930 1897 et
969 1833 1047 1896 ab
1104 1833 1265 1896 Orbe
1312 1834 1558 1896 condito
1605 1854 1797 1915 usque
1842 1835 1931 1896 ad
1976 1842 2255 1917 tempora
2305 1844 2521 1901 nostra

301 1937 753 2016 perdurarunt.
823 1938 1045 2018 Itaque
1068 1941 1196 1998 tam
1225 1941 1369 1997 sunt
1399 1936 1662 2016 antiqui,
1683 1957 1867 2016 quam
1898 1938 2189 2019 antiquus
2218 1946 2310 2001 est
2337 1940 2521 2002 Orbis

314 2041 469 2121 ipse.
560 2040 708 2106 Qua
751 2061 904 2123 ergo
947 2040 1199 2103 ratione
1236 2061 1274 2101 a
1309 2038 1569 2103 Christo
1613 2040 1842 2122 potuit,
1875 2041 2085 2123 potuit
2115 2042 2216 2104 vel
2247 2064 2285 2105 a
2325 2044 2517 2106 Para-

317 2143 457 2207 diso
486 2165 688 2226 usque
719 2164 1053 2206 arcessere.
1146 2143 1340 2209 Quod
1370 2142 1422 2205 si
1452 2149 1690 2221 autem,
1720 2148 1792 2205 ut
1833 2141 2518 2226 terra‘considerentur‚

322 2249 467 2329 (nec
496 2247 622 2309 alia
651 2253 953 2311 constant
982 2268 1195 2310 massa
1222 2247 1324 2310 vel
1349 2246 1738 2330 Cardinales)
1773 2247 1852 2310 ad
1884 2247 2163 2330 primum
2192 2249 2520 2314 Geneseos

316 2370 572 2413 versum
617 2350 883 2413 reducat
923 2350 1094 2428 licet,
1143 2349 1257 2413 ubi
1287 2351 1459 2412 Deus
1506 2350 1574 2413 in
1614 2352 1933 2432 principio
1982 2354 2218 2415 creavit
2264 2359 2517 2416 terram.

316 2453 486 2518 Vide
516 2473 682 2533 vero,
706 2475 790 2518 ne
820 2462 885 2518 et
916 2453 984 2518 id
1015 2474 1268 2537 quoque
1299 2453 1381 2517 ad
1409 2475 1547 2518 rem
1577 2454 1682 2533 sit,
1703 2454 1874 2538 quod
1897 2479 2028 2518 mm
2047 2456 2300 2519 Adama
2325 2457 2520 2539 (unde

314 2557 560 2620 scilicet
599 2556 946 2621 fabricatus
986 2563 1085 2620 est
1130 2556 1460 2621 hominem
1506 2557 1807 2641 primum)
1846 2565 2085 2623 terram
2115 2560 2519 2623 rubicundam

314 2659 652 2742 significet,
676 2659 843 2723 forte
862 2666 1077 2723 autem
1100 2667 1176 2722 ut
1204 2660 1515 2724 indicaret
1539 2660 1727 2725 nobis
1757 2662 2054 2739 colorem,
2077 2683 2202 2745 quo
2226 2662 2518 2745 tingendi

318 2784 358 2825 a
376 2764 552 2845 Papa
581 2762 955 2827 cardinales
988 2762 1108 2825 sui.
1201 2762 1378 2830 Quid
1408 2762 1585 2827 enim
1615 2762 1850 2841 obstat,
1870 2765 1928 2825 si
1958 2765 2425 2827 considerentur
2451 2772 2521 2827 ut

319 2865 701 2947 Presbyteri,
735 2866 893 2948 quin
933 2872 1000 2928 et
1044 2871 1114 2927 ut
1157 2867 1434 2929 homines
1465 2866 1933 2928 considerentur
1951 2868 1984 2929 ‚2
2073 2868 2247 2930 Nam
2296 2868 2518 2930 Cardi-

313 2969 490 3031 nales
532 2969 693 3031 nihil
731 2969 910 3030 aliud
939 2974 1103 3047 sunt,
1136 2990 1322 3051 quam
1361 2970 1635 3032 homines
1676 2969 2000 3033 Electores
2043 2976 2103 3033 et
2154 2972 2520 3036 Consiliarii

317 3071 686 3153 Pontificis‚·
752 3072 884 3155 qui,
935 3072 989 3135 si
1039 3080 1271 3154 praeter
1329 3093 1584 3135 sacrum
1643 3073 1934 3137 ordinem
1992 3075 2317 3139 Electores
2364 3077 2516 3156 sint,

313 3182 507 3237 emnt
559 3175 756 3238 etiam
807 3182 1041 3258 praeter
1089 3196 1341 3238 sacrum
1402 3175 1695 3240 ordinem
1755 3177 2220 3244 considerandi.
2327 3182 2520 3244 Sacer

315 3277 473 3342 ordo
492 3277 865 3342 Cardinales
894 3299 1028 3341 non
1057 3277 1248 3355 facit3
1292 3279 1529 3362 (plures
1550 3280 1724 3343 enim
1746 3279 1984 3345 faceret
2006 3305 2199 3366 quam
2222 3305 2338 3367 par
2355 3285 2511 3365 est3)

318 3381 514 3444 Sacer
547 3381 703 3445 ordo
742 3382 929 3464 proin
969 3383 1041 3444 in
1088 3382 1537 3446 Cardinalibus
1574 3384 2097 3465 considerandum,
2128 3408 2264 3451 non
2310 3387 2517 3470 magis

316 3504 513 3565 quam
544 3484 925 3548 Humanum
955 3505 1179 3568 genus,

400 3588 466 3649 2.
526 3586 767 3650 Electio
819 3587 1150 3669 Pontifici-s
1198 3595 1355 3665 erat,
1412 3610 1552 3672 quae
1605 3588 1758 3652 olim
1811 3589 2070 3672 quidem
2110 3591 2518 3655 cardinalem

314 3710 450 3753 non
498 3690 854 3768 constituit,
896 3691 1036 3776 jam
1087 3691 1443 3754 constituit.
1549 3691 1697 3769 Sed,
1740 3692 1842 3754 vel
1894 3692 1984 3755 sie
2034 3693 2093 3756 ei
2143 3693 2259 3756 ilia
2306 3692 2517 3757 ducite

314 3800 798 3875 argumentum.
894 3795 1042 3858 Hae
1092 3794 1266 3857 enim
1314 3796 1373 3857 si
1421 3795 1910 3873 considerentur,
1964 3817 2090 3879 qua
2136 3797 2517 3861 Pontificem

314 3896 671 3979 elegerunt,
731 3896 1054 3961 irruerent
1125 3898 1321 3962 nimis
1387 3898 1602 3976 multi,
1664 3918 1873 3962 omnes
1931 3899 2173 3963 scilicet
2231 3902 2300 3963 in
2359 3921 2520 3964 com-

313 4000 486 4062 muni
538 3999 718 4063 urbis
768 4000 1136 4085 Presbyteri
1187 4007 1254 4066 et
1295 4001 1591 4079 Diaconi,
1642 4007 1780 4064 tam
1826 4001 2075 4084 pullati,
2127 4024 2321 4086 quam
2364 4026 2517 4086 pur-

314 4102 563 4184 purati:
627 4111 940 4167 cresceret
991 4125 1301 4168 numerus
1352 4104 1556 4169 nimio
1603 4104 1749 4187 plus
1799 4127 1990 4188 quam
2041 4128 2175 4189 par.
2289 4108 2515 4192 Apage

312 4228 482 4284 vero,
530 4228 666 4270 non
717 4208 928 4291 placet
979 4209 1367 4271 considerari
1415 4216 1553 4273 tam
1606 4209 1867 4273 multos,
1959 4211 2124 4273 Nee·
2151 4212 2515 4293 Presbyteri

379 4426 398 4448 ‘
435 4417 591 4483 [Vide
631 4419 958 4468 Jacobatium
1003 4418 1066 4469 de
1113 4420 1371 4480 conciliis,
1529 4420 1550 4450 ‘¹
1588 4423 1613 4469 1
1641 4420 1774 4471 Sam.
1804 4422 1879 4486 [al
1905 4421 2049 4486 Reg]
2074 4424 2126 4472 ii.
2153 4426 2198 4472 8.

312 4483 401 4532 lib.
428 4485 459 4532 i.
509 4488 533 4544 5
572 4483 649 4532 De
688 4482 1203 4535 Cardinal.—Coneil.
1251 4491 1372 4534 tom.
1528 4493 1548 4516 ⁹
1585 4485 1680 4548 [cf.
1706 4485 1831 4536 Hor.
1855 4487 1946 4552 Ep.
1975 4487 2012 4537 Ι.
2041 4490 2082 4537 1.
2109 4488 2176 4552 9.]

313 4550 437 4598 xvii.
463 4563 511 4612 p.
529 4551 605 4597 22.
630 4549 722 4599 col.
751 4552 796 4599 1.
823 4549 901 4612 C.]

2655 2461 2741 2523 98
