3165 4959
723 326 849 387 116
1348 340 1434 387 AD
1479 338 1861 388 cmmmm
1904 337 2303 386 nmmum

721 498 1019 561 alterum.
1112 498 1259 564 Qua
1310 498 1484 561 enim
1535 499 1860 560 Electores
1905 503 2080 575 sunt,
2134 503 2285 559 sunt
2346 494 2754 565 Cardinales;
2802 511 2932 575 qua

722 603 1043 664 Electores
1117 610 1357 681 autem,
1436 624 1520 665 ne
1594 600 1972 690 perstringit
2035 600 2296 685 quidem
2339 625 2353 662 :
2434 620 2562 683 qua
2633 597 2927 674 Diaconi,

724 705 1103 785 Presbyteri,
1155 705 1288 768 imo
1332 705 1434 768 vel
1476 705 1796 785 Episcopi,
1845 703 2065 786 procul
2111 703 2349 766 absunt
2392 724 2430 765 a
2465 700 2927 763 Cardinalibus.

724 810 870 872 Nec
912 809 982 870 hi
1029 809 1368 892 quicquam
1415 810 1498 873 ad
1542 810 1953 870 Parmenonis
1995 805 2207 870 suem¹.
2299 809 2411 885 At,
2460 805 2539 869 de
2583 805 2684 869 his
2736 804 2930 867 modo

723 910 992 995 paginas
1023 910 1181 974 duas
1204 911 1449 996 implet,
1475 918 1659 974 extra
1690 912 1958 974 callemm
1989 919 2188 974 totuS.
2270 911 2513 974 Annon
2546 915 2766 972 autem
2797 929 2932 971 sce-

726 1036 881 1078 nam
927 1022 1134 1078 totam
1185 1015 1320 1078 risu
1369 1016 1587 1080 solvi?
1654 1021 1997 1098 postquam
2045 1013 2366 1097 aspiciunt
2416 1013 2524 1075 1118
2579 1013 2932 1075 testimonia

729 1120 997 1181 Petrum
1043 1125 1333 1198 veterum,
1387 1121 1492 1201 qui
1531 1120 1766 1202 primis
1817 1119 2166 1201 quingentis
2213 1118 2395 1181 annis
2431 1116 2805 1199 floruerunt,
2856 1116 2933 1178 de

728 1221 965 1303 Reyum
1008 1228 1069 1284 et
1105 1223 1533 1285 Cardinalium
1581 1222 2042 1303 comparatione
2087 1220 2514 1304 proferenda?
2560 1220 2687 1283 nisi
2732 1221 2828 1283 ita
2872 1219 2931 1283 ei

729 1324 960 1387 misere
987 1324 1238 1389 laboret
1269 1346 1476 1403 causa,
1520 1327 1608 1407 (et
1653 1325 1912 1408 quidem
1953 1324 2226 1406 laborat)
2263 1332 2336 1387 ut
2376 1323 2456 1387 de
2493 1324 2933 1386 Cardinalibus

732 1426 864 1489 suis
911 1427 1182 1510 probare
1231 1450 1364 1491 non
1423 1428 1646 1511 possit,
1693 1427 1815 1490 nisi
1866 1426 2091 1490 eadem
2137 1448 2330 1510 opera
2371 1426 2571 1507 Reyes
2615 1426 2932 1508 deprimat

730 1528 902 1592 infra
972 1551 1106 1592 11011
1172 1531 1517 1612 Epi-scopos
1589 1537 1866 1607 tantum,
1934 1529 2046 1592 sed
2104 1530 2205 1592 vel
2278 1529 2702 1609 Presbytero-9,
2775 1529 2934 1612 quin

731 1634 1048 1696 Diaconos
1076 1634 1245 1717 ipsos
1277 1656 1548 1717 quoque,
1582 1655 1717 1698 non
1748 1633 1891 1696 dico
1920 1634 2307 1711 Cardinales,
2341 1632 2453 1695 sed
2483 1632 2928 1696 Cardinalium.

733 1737 950 1818 Atque
993 1736 1116 1800 hoc
1158 1737 1298 1819 jam
1337 1736 1605 1800 molitur
1637 1735 2018 1814 Cardinalis,
2049 1735 2116 1799 id
2147 1735 2280 1818 agit
2311 1755 2425 1817 per
2456 1741 2641 1816 caput
2684 1735 2825 1813 hoc,
2857 1743 2934 1798 ut

735 1859 867 1902 non
913 1840 1045 1920 ipse
1095 1839 1285 1903 modo
1330 1840 1602 1922 Reyibns
1647 1859 1820 1921 pam
1880 1839 2044 1921 par?
2107 1838 2237 1901 imo
2289 1837 2575 1921 superior
2624 1838 2746 1914 sit3
2819 1836 2934 1901 sed

736 1942 969 2005 'Portus
999 1940 1196 2004 etiam
1219 1942 1562 2026 Presbyter
1586 1942 1641 2025 ej
1651 1964 1725 2004 us
1753 1942 2161 2018 Sacellanus3
2211 1941 2426 2020 etiam,
2448 1941 2714 2024 siquem
2738 1941 2934 2004 habet

734 2044 1073 2107 Tortulum
1119 2045 1502 2124 Diaconum,
1553 2045 1622 2108 hi
1678 2066 1931 2129 quoque
1979 2065 2202 2108 omnes
2248 2044 2572 2107 minorum
2618 2045 2932 2109 Gentium

736 2146 990 2224 Clerici,
1021 2146 1137 2209 tali
1185 2168 1260 2212 ac
1301 2154 1487 2210 tanta
1516 2146 1835 2230 dignitate
1865 2146 2118 2229 praediti
2149 2147 2302 2224 sint,
2333 2154 2408 2209 ut
2438 2147 2633 2210 etiam
2663 2148 2935 2229 Regibus

722 2247 1168 2330 praeferantur.
1259 2250 1561 2334 Namque
1592 2250 1686 2312 ita
1727 2249 1824 2312 1111
1866 2249 2154 2333 procedit
2186 2257 2658 2332 argumentum.
2743 2252 2933 2313 Pres-

736 2351 936 2434 byteri
965 2351 1347 2436 quicunque,
1383 2353 1652 2415 Diae-oni
1684 2353 2071 2436 quicunque,
2105 2351 2186 2415 ad
2224 2374 2430 2415 unum
2475 2373 2700 2416 omnes
2741 2354 2932 2436 Regi-

734 2454 857 2519 bus
915 2456 1189 2540 majores
1247 2465 1446 2521 sunt.
1524 2477 1741 2540 quare,
1801 2478 1935 2520 non
1995 2454 2264 2521 dubium
2324 2456 2480 2539 quin
2546 2456 2933 2521 Cardinales.

736 2560 949 2626 Quam
979 2559 1213 2623 misera
1243 2560 1497 2643 Regum
1528 2560 1833 2639 conditio,
1865 2568 1941 2623 ut
1969 2560 2105 2643 pati
2149 2560 2319 2623 hanc
2349 2560 2828 2639 contumeliam,
2859 2568 2935 2625 ut

732 2663 823 2727 ibi
869 2664 1078 2727 vivere
1128 2685 1389 2728 11888888
1447 2664 1753 2743 habeant,
1808 2664 1923 2727 ubi
1974 2664 2107 2727 haec
2165 2663 2259 2726 ita
2313 2663 2639 2747 disputare
2689 2663 2880 2728 liceat
2902 2667 2932 2728 ¹?

734 2767 1052 2831 Caesarem
1091 2788 1324 2851 nempe
1369 2774 1435 2831 et
1478 2769 1691 2851 Reges
1738 2767 2062 2850 subjectos
2096 2766 2401 2829 subselliis
2439 2767 2891 2848 Episcoporum
2911 2793 2933 2831 .-

732 2877 876 2934 tum
919 2872 1218 2935 arcendos
1247 2872 1666 2955 Presbyterio,
1698 2893 1782 2935 ne
1827 2871 2092 2934 sedeant
2136 2891 2285 2934 cum
2316 2871 2709 2953 Presbyteri-s
2725 2898 2744 2949 3
2792 2874 2935 2956 qui-

732 2972 998 3056 busque,
1029 2995 1164 3037 non
1200 2974 1390 3038 modo
1421 2981 1566 3057 post
1599 2974 2006 3056 Presbyter-os
2049 2973 2126 3036 de
2159 2979 2393 3055 patera
2438 2974 2635 3038 libare
2675 2995 2937 3039 11888888

735 3076 837 3152 sit,
888 3075 1020 3153 sed,
1075 3077 1299 3137 minori
1360 3096 1497 3138 cum
1557 3078 1686 3139 sint
1733 3082 2067 3158 potestate,
2117 3098 2311 3160 quam
2361 3078 2650 3157 Diaconi,
2703 3100 2786 3142 ne
2835 3080 2936 3142 vel

734 3180 1039 3241 Diaconis
1066 3186 1424 3258 occurrant,
1456 3180 1651 3243 etiam
1685 3180 1762 3242 ab
1792 3182 1922 3243 illis
1952 3181 2293 3244 coercendi.

828 3280 1048 3343 Sciant
1078 3301 1230 3363 ergo
1261 3281 1492 3346 dehinc
1523 3284 1732 3365 Reges
1763 3283 2130 3361 Christiani,
2163 3284 2442 3367 quando,
2474 3295 2540 3347 et
2570 3292 2714 3367 post
2743 3305 2937 3368 quem

739 3384 961 3462 bibere,
1010 3406 1135 3467 quo
1178 3384 1318 3447 1080
1358 3386 1660 3463 incedere,
1691 3386 1805 3449 ubi
1848 3387 2060 3449 sedere
2100 3386 2414 3451 debeant:
2460 3409 2714 3471 nempe,
2745 3388 2937 3470 paulo

736 3495 890 3552 ante
923 3487 1364 3564 Subdiaconos,
1416 3489 1530 3552 sed
1576 3497 1720 3572 post
1751 3490 2178 3553 Diaconos-um
2224 3491 2528 3555 ultimos:
2576 3490 2780 3555 sciant
2810 3512 2938 3574 quo

732 3593 893 3672 1080,
929 3614 1055 3676 quo
1101 3592 1306 3675 pretio
1352 3592 1588 3657 habeat
1633 3614 1740 3656 808
1789 3594 2016 3671 Roma,
2050 3615 2176 3677 quo
2224 3595 2443 3658 animo
2490 3594 2583 3658 ibi
2613 3595 2837 3658 Patres
2868 3594 2940 3657 in

734 3718 842 3761 eos
885 3697 1036 3760 sint.
1133 3696 1238 3760 Sic
1283 3696 1446 3760 solet
1486 3697 1679 3761 beare
1709 3697 1929 3779 Reyes,
1964 3698 2056 3761 sic
2086 3697 2206 3761 sibi
2238 3699 2569 3779 Principes
2598 3697 2940 3761 conciliare

736 3799 1118 3864 CardinaIiS.

822 3904 918 3967 Ut
948 3924 1098 3967 vero
1128 3902 1245 3967 hos
1276 3924 1499 3968 omnes
1530 3904 1621 3968 818
1651 3925 1844 3987 supra
1875 3905 2085 3987 Reges
2125 3904 2368 3983 efferat,
2399 3904 2724 3987 protrudit
2751 3904 2941 3968 nobis

730 4006 1122 4089 Episcopum
1197 4006 1612 4085 Nazianzeni,
1691 4005 2149 4091 Presbyterum
2225 4006 2516 4086 Martini,
2576 4007 2941 4071 Diaconum

733 4110 1178 4194 chrysostomi
1202 4136 1221 4189 3
1270 4110 1385 4174 sed
1415 4110 1600 4173 sibilo
1624 4111 1762 4193 jam
1794 4110 2219 4192 excipiendose,
2244 4111 2338 4173 ita
2366 4131 2535 4194 saepe
2563 4110 2942 4194 prodierunt

729 4212 799 4275 111
832 4233 1109 4290 scenam,
1142 4212 1235 4275 ita
1263 4212 1409 4295 plus
1440 4212 1671 4275 millies
1701 4212 1962 4295 explosi.
2012 4214 2138 4276 Vix
2168 4219 2266 4276 est
2297 4213 2469 4276 enim
2500 4213 2712 4295 legere
2731 4214 2774 4275 J
2777 4212 2943 4276 esui-

731 4325 869 4378 tam
918 4315 1029 4379 ubi
1075 4336 1209 4378 non
1254 4323 1612 4379 occurrant.
1706 4317 1881 4379 Nam
1923 4316 2093 4400 apud
2128 4316 2536 4381 cardinalem
2567 4316 2636 4379 in
2668 4318 2945 4381 Contro-

798 4488 809 4520 ¹
846 4491 1059 4554 [Erasm.
1076 4490 1224 4553 Adag
1262 4494 1450 4554 p..,186
1466 4497 1517 4541 ct
1536 4491 1787 4542 Plutarch.
1879 4507 1926 4556 p.
1953 4493 2063 4543 674.
2089 4491 2145 4541 B.
2170 4492 2247 4557 C.]

735 4552 905 4617 Symp.
944 4555 1032 4604 lib.
1065 4570 1109 4604 v.
1152 4555 1338 4612 Quoest.
1363 4558 1396 4605 i.
1440 4556 1551 4619 Op„
1590 4561 1712 4607 tom.
1735 4558 1788 4607 ii.
1944 4566 1977 4588 ¹¹¹
2018 4555 2229 4622 [111-118111.
2255 4556 2414 4620 Adag.
2439 4570 2487 4620 p.
2510 4556 2644 4620 210.]
