3165 4959
2352 113 2421 211 δ

689 300 817 359 408
1321 311 1406 355 An
1451 308 1834 355 effluimus
1877 307 2273 355 BELLARMINI

691 477 764 530 ut
794 466 1179 543 exclamarit,
1212 466 1379 530 Deus
1409 465 1576 543 bone,
1612 486 1796 546 quam
1826 466 2054 527 misera
2087 465 2360 527 conditio
2390 470 2480 527 est
2499 475 2525 514 ⁸
2548 466 2580 527 ‚2
2657 466 2912 528 Annon

683 573 828 653 jure
876 570 980 632 hic
1027 568 1336 632 exclamet
1376 567 1724 650 quispiam:
1813 568 1987 629 Deus
2015 567 2165 630 bone
2189 574 2214 628 l
2258 589 2449 649 quam
2478 589 2613 631 non
2642 579 2910 633 constat

649 682 654 688 ’
693 673 814 737 sibi
842 672 1240 737 Cardinalis?

371 1188 494 1251 [Per
511 1189 665 1240 Merc-

365 1254 542 1304 tricem

365 1320 509 1368 Anti-

367 1384 585 1433 christus

366 1448 588 1511 intelligi

365 1514 565 1577 potest]

452 2019 576 2080 295

757 825 877 877 Non
908 839 1052 889 posse
1085 860 1097 872 .
1134 861 1147 873 .
1183 838 1274 886 per
1307 861 1319 873 .
1355 859 1368 872 .
1404 823 1727 873 Meretricem
1760 823 1985 886 intelligi
2017 823 2396 873 Antichristum
2432 823 2708 886 probamus
2738 861 2751 871 .
2784 861 2795 871 .
2833 838 2906 873 ex

820 908 1074 956 sententia
1105 942 1118 955 .
1154 942 1166 954 .
1205 904 1432 955 Petrum.
1501 905 1676 956 Patres
1696 907 1834 955 enim
1857 905 2099 969 permulti
2121 920 2212 968 per
2232 920 2344 954 eam
2378 941 2391 954 .
2428 942 2439 955 .
2464 906 2771 967 intelligunt
2790 907 2907 954 uni-

822 988 1115 1036 versitatem
1138 987 1412 1050 impiorum
1439 1024 1450 1035 .
1484 1023 1498 1035 .
1535 1022 1547 1034 .
1584 1023 1597 1036 .
1633 986 1743 1035 Alii
1776 1023 1789 1035 .
1822 1023 1833 1035 .
1872 1023 1884 1035 .
1918 987 2134 1037 Romam
2156 986 2729 1051 imperantem-[Bell.
2750 987 2905 1050 Apol.

819 1084 911 1133 pro
933 1067 1112 1132 Resp]
1140 1083 1186 1131 p.
1207 1069 1316 1117 164.
1349 1067 1481 1132 [Op.,
1506 1071 1630 1117 tom.
1654 1068 1745 1117 vii.
1780 1066 1873 1117 col.
1899 1068 2009 1120 796.
2037 1067 2092 1117 C.
2110 1067 2203 1131 D.]

778 1185 908 1248 Per
937 1186 1337 1248 Meretricem
1364 1186 1797 1248 Antichristus
1826 1186 2093 1271 ingeni-qi
2122 1206 2244 1247 non
2259 1191 2491 1265 potest.
2541 1186 2703 1248 Sunt
2735 1189 2904 1250 enim

693 1290 768 1352 de
790 1291 1110 1369 Patribzae,
1136 1292 1242 1372 qui
1271 1292 1338 1353 iu
1365 1291 1723 1368 Meretrice,
1754 1291 2221 1352 universitatem
2248 1290 2577 1371 impiorum
2606 1290 2905 1354 denotari

690 1396 901 1457 volunt
919 1392 984 1459 ¹¹:
1029 1401 1173 1456 sunl
1214 1395 1346 1472 alii,
1394 1394 1499 1475 qui
1538 1394 1801 1455 Romam
1835 1391 2291 1473 imperantemi.
2383 1392 2552 1455 Vide
2581 1414 2733 1457 vero
2767 1395 2899 1473 hic,

692 1519 884 1580 quam
931 1519 1146 1580 aequus
1194 1498 1368 1560 Rex:
1446 1498 1771 1559 Neutrum
1809 1495 2038 1578 rejicit.
2121 1497 2341 1559 Potest
2380 1496 2451 1557 in
2502 1496 2731 1579 Capite
2779 1520 2901 1562 suo

692 1602 1030 1684 Impiorum
1087 1601 1470 1663 Universitas
1520 1601 1636 1662 illa
1682 1622 1816 1663 non
1862 1590 2266 1663 incommode
2318 1598 2659 1681 designari.
2750 1603 2902 1666 Nee

693 1705 866 1768 enim
910 1726 1056 1768 cum
1104 1704 1356 1781 dieitur,
1388 1705 1546 1776 Quot
1575 1705 1868 1781 homines,
1901 1709 1992 1766 tot
2020 1704 2336 1766 sententiae
2353 1700 2400 1781 ¹1,
2433 1702 2607 1765 alind
2637 1703 2899 1783 dicitur,

693 1831 883 1892 quam
926 1830 1092 1887 cum,
1132 1809 1290 1879 Quot
1334 1809 1565 1889 capita,
1599 1812 1689 1869 tot
1723 1827 1955 1870 sensus,
2049 1805 2401 1868 Familiaris
2432 1812 2528 1868 est
2566 1806 2681 1868 issa
2716 1808 2897 1871 Met-

692 1895 1148 1995 onymiascum
1183 1910 1497 1993 Hispania
1525 1909 1800 1992 (dicitur)
1840 1909 1942 1972 vel
1974 1909 2185 1972 Gallia
2214 1908 2339 1971 hoc
2371 1908 2656 1988 molitur,
2690 1911 2897 1992 Caput

691 2015 1022 2096 utriusque
1084 2014 1330 2090 GentiS,
1393 2020 1458 2075 et
1517 2013 1831 2087 columen,
1893 2012 1982 2094 (id
2030 2013 2150 2093 est)
2206 2013 2450 2093 Regem
2507 2012 2897 2096 intelligere.

691 2117 926 2180 Itidem
981 2118 1283 2179 Colluvies
1333 2117 1663 2197 impiorum
1722 2116 1923 2199 (quasi
1979 2117 2277 2197 Regnum
2326 2116 2484 2198 ejus)
2541 2138 2659 2198 pro
2713 2119 2897 2201 Rege

687 2219 1104 2284 Antichristo.
1199 2218 1326 2282 Sed
1373 2218 1636 2282 interim
1683 2219 2045 2282 meminerit
2089 2220 2340 2296 Lector,
2375 2239 2566 2299 quam
2614 2220 2715 2282 sui
2760 2243 2897 2284 non

1830 2404 1973 2455 dium
2001 2405 2300 2469 populorum
2334 2406 2503 2456 sedere
2537 2408 2902 2454 memoratur-,⁶

1829 2470 2034 2521 -Beda
2056 2473 2111 2520 in
2135 2473 2291 2536 Apoc.
2325 2488 2431 2536 cap.
2457 2472 2577 2521 xvii.
2614 2470 2726 2534 Op„
2766 2478 2893 2520 tom.

1830 2551 1876 2584 v.
1911 2537 2003 2585 col.
2022 2539 2131 2585 800.

1899 2602 1987 2664 (7.)
2024 2607 2053 2627 “
2071 2601 2185 2664 Ipsa
2207 2606 2282 2650 est
2304 2616 2482 2664 eorpus
2510 2602 2616 2650 eive
2647 2601 2896 2650 univemi-

1831 2671 1908 2714 tas
1931 2666 2219 2727 impiorum,
2243 2667 2330 2728 qui
2355 2667 2710 2715 fornicationes
2736 2674 2894 2727 atque

751 2417 774 2449 τ
811 2408 959 2473 [Bell.
985 2408 1132 2471 Apol.
1156 2423 1246 2471 pro
1270 2406 1416 2470 Resp.
1441 2421 1488 2470 p.
1512 2407 1591 2456 44.
1629 2406 1742 2469 Op„

689 2479 810 2524 tom.
835 2474 922 2523 vii.
957 2474 1048 2524 col.
1073 2474 1182 2525 729.
1209 2471 1285 2537 C.]

755 2539 777 2571 ¹¹
811 2540 920 2604 [(1.)
946 2540 1039 2588 “Si
1059 2540 1144 2588 ille
1162 2545 1304 2602 pater
1321 2538 1548 2587 omnium
1568 2538 1743 2599 impio-

688 2620 819 2664 rum,
837 2606 922 2667 qui
948 2611 1180 2667 operatur
1200 2604 1255 2651 in
1285 2603 1407 2652 filiis
1430 2602 1741 2661 diffidentiae,

689 2674 853 2719 mater
874 2685 985 2731 quae
1008 2672 1116 2718 est'?
1163 2668 1253 2717 Eat
1285 2667 1514 2730 quaedam
1549 2668 1744 2727 civitas,

690 2749 804 2796 quae
852 2734 1132 2796 Babylonia
1177 2733 1377 2788 dicitur,
1425 2733 1602 2781 civitae
1645 2730 1745 2779 ista

689 2801 899 2848 societas
936 2805 1012 2848 est
1056 2799 1283 2848 omnium
1328 2798 1640 2859 perditorum
1677 2796 1743 2844 ab

689 2864 880 2913 oriente
925 2879 1080 2926 usque
1123 2863 1188 2912 ad
1241 2861 1579 2918 occidentem;
1635 2860 1744 2923 ipsa

688 2927 841 2977 habet
885 2940 1094 2989 regnum
1140 2927 1503 2975 terrenum.”——
1518 2926 1566 2974 S.
1608 2929 1740 2988 Aug.

689 2991 863 3042 Enarr.
889 2992 943 3040 ii.
968 2994 1023 3041 in
1048 2993 1125 3040 ΡΒ.
1143 2993 1280 3039 xxvi.
1307 2995 1329 3050 ξ
1357 2993 1433 3040 18.
1471 2991 1581 3053 Op,
1617 2995 1739 3040 tom.

688 3056 754 3104 iv.
790 3057 900 3104 coll.
926 3059 1031 3105 180.
1059 3057 1116 3104 J).
1150 3059 1254 3104 181.
1278 3057 1339 3103 A.

755 3121 838 3183 (2.)
877 3118 1064 3182 Πόρνην
1085 3120 1135 3169 δὲ
1159 3124 1253 3180 οὐχ
1274 3117 1397 3168 οὕτω
1420 3120 1512 3178 τὴν
1534 3120 1743 3169 παλαιάν

686 3186 864 3244 Ῥώμην
919 3185 1248 3234 {nume-rex&
1292 3185 1390 3245 χρὴ
1431 3182 1635 3238 ἀκούειν,
1680 3186 1741 3235 ὥς

684 3250 774 3298 τὸν
811 3248 1021 3311 παρόντα
1053 3248 1491 3307 κόσμον.-Αι·θῒ,11.
1518 3250 1572 3297 in
1599 3248 1739 3297 Com-

684 3317 840 3363 ment.
888 3315 940 3361 in
997 3315 1151 3377 Apoc.
1208 3327 1312 3375 eap.
1348 3313 1444 3361 liii.
1504 3314 1587 3374 (ad
1631 3328 1736 3376 cap.

684 3377 996 3495 {viiJCapud
1042 3378 1233 3427 OEcum.
1293 3377 1402 3440 Op„
1446 3381 1566 3428 tom.
1593 3379 1645 3427 ii.
1681 3394 1730 3441 p.

749 3512 836 3572 (3.)
863 3513 893 3535 “
905 3508 1021 3572 Ipsa
1035 3507 1281 3557 malorum
1295 3508 1570 3557 multitudo
1586 3523 1738 3557 mere·

683 3573 788 3621 trix
812 3573 1326 3635 vocatur.”—·Haymo
1350 3573 1657 3622 Halberstat.
1681 3573 1735 3622 in

680 3639 838 3700 Apoe.
865 3638 988 3701 (cap.
1007 3638 1151 3700 xvii.)
1181 3639 1268 3686 lib.
1288 3639 1353 3687 vi.
1388 3638 1468 3687 fol,
1497 3640 1607 3686 149.
1632 3638 1680 3685 b.

738 3704 823 3767 (4.)
839 3708 870 3730 “
880 3703 1067 3751 Mulier
1079 3706 1185 3751 erat
1197 3702 1505 3752 circumdata
1518 3716 1739 3765 purpura

683 3803 695 3816 .
720 3804 732 3816 .
763 3805 772 3815 .
797 3768 916 3831 qula
931 3767 1176 3816 malorum
1202 3767 1429 3816 collectio
1454 3781 1652 3828 semper
1685 3780 1737 3815 se

681 3831 851 3882 studet
874 3833 1103 3882 decorare
1123 3831 1326 3893 gloria,”
1351 3830 1645 3881 &te—Rich.
1673 3831 1736 3880 de

682 3897 731 3946 S.
750 3896 881 3946 Vict.
899 3911 1050 3959 super
1065 3897 1214 3959 Apoe.
1252 3896 1338 3944 lib.
1353 3911 1399 3943 v.
1426 3897 1504 3957 Op
1524 3931 1535 3953 ,
1560 3910 1662 3958 par.
1679 3896 1732 3944 ii.

679 3976 728 4024 p.
755 3962 867 4013 270.
902 3962 993 4010 col.
1010 3964 1053 4010 1.
1075 3960 1130 4010 B.
1169 3960 1346 4010 Venet.
1373 3963 1516 4008 1592.

749 4028 834 4089 (5.)
884 4030 915 4052 “
938 4026 1124 4075 Mulier
1160 4040 1310 4088 quam
1349 4024 1524 4073 vidisti
1558 4061 1568 4072 .
1608 4065 1616 4072 .
1659 4030 1735 4073 est

681 4090 961 4140 multitudo
995 4105 1181 4152 magna
1211 4090 1495 4152 potentium
1533 4090 1733 4139 mnnita

681 4157 821 4205 omni
923 4169 1040 4204 rava
1107 4154 1486 4204 obstinatione.”
1520 4182 1579 4190 -
1609 4155 1731 4203 Ans.

683 4220 837 4270 Laud.
907 4235 1036 4270 narr.
1056 4219 1109 4267 in
1134 4221 1287 4283 Apoc.
1312 4233 1416 4281 cap.
1435 4219 1574 4279 xvii„
1598 4219 1732 4281 apud

682 4283 732 4335 S.
752 4286 873 4334 Ans.
899 4285 1044 4334 Cant.
1080 4284 1190 4348 Op„
1213 4288 1331 4333 tom.
1356 4285 1410 4332 ii.
1446 4298 1493 4346 p.
1519 4286 1629 4333 499.
1651 4284 1706 4333 B.

748 4350 833 4414 (6.)
871 4353 900 4376 “
918 4349 1237 4399 Perditorum
1281 4348 1574 4407 multitude,
1620 4363 1732 4410 quoe

680 4414 855 4463 relicto
870 4413 1101 4463 Creatore
1119 4413 1434 4463 daemonibus
1451 4427 1501 4462 sc
1520 4420 1732 4475 prostra-

677 4478 752 4524 vit
770 4479 1206 4539 constuprandam,
1227 4480 1282 4527 in
1303 4478 1533 4527 fluetibus
1550 4478 1730 4537 discer-

1829 2730 2231 2780 abominationes
2276 2731 2752 2779 adinvenerunt.”—
2764 2729 2894 2793 liup.

1830 2794 1967 2844 Tuit.
2014 2795 2069 2843 in
2114 2797 2270 2857 Apoc.
2323 2796 2448 2857 (cap.
2484 2795 2628 2856 xvii.)
2689 2794 2892 2843 Comm.

1830 2859 1919 2907 lib.
1944 2874 1993 2907 x.
2029 2859 2139 2922 Op..
2172 2864 2293 2908 tom.
2319 2860 2374 2907 ii.
2408 2875 2455 2921 p.
2515 2860 2593 2909 71.
2627 2859 2722 2907 eol.
2752 2861 2826 2922 1.]

1893 2923 1906 2955 ¹
1957 2924 2063 2988 [(1.)
2101 2927 2132 2950 “
2149 2923 2233 2972 Sic
2254 2928 2307 2973 et
2330 2924 2556 2985 Babylon
2577 2922 2715 2985 apud
2738 2923 2894 2974 Joan-

1827 3003 1945 3038 nem
1959 2992 2204 3048 nostrum,
2216 2988 2457 3038 Romanae
2472 2988 2610 3036 urbis
2621 2989 2788 3050 figura
2798 2998 2893 3049 est,

1826 3053 2038 3116 proinde
2060 3058 2112 3101 et
2132 3068 2346 3116 magnae,
2369 3058 2421 3102 et
2450 3068 2604 3115 regno
2635 3054 2890 3116 superine,

1827 3124 1879 3167 et
1921 3123 2205 3168 sanctorum
2257 3117 2639 3167 debellatricis?
2661 3145 2729 3154 —-
2752 3118 2891 3167 Tert.

1826 3182 2177 3246 adv-..rumam
2210 3183 2280 3232 ix.
2307 3183 2418 3246 Op„
2443 3184 2620 3246 p.193.
2640 3182 2811 3242 A.B.;
2835 3189 2891 3232 et

1825 3247 1914 3296 lib.
1948 3248 2020 3296 iii.
2056 3248 2166 3297 adv,
2207 3247 2354 3297 Marc.
2379 3263 2483 3311 cap.
2510 3247 2620 3295 xiii.
2659 3247 2774 3310 Op„
2805 3263 2891 3311 pp.

1829 3314 1941 3361 404.
1962 3313 2022 3361 D.
2048 3316 2157 3362 405.
2181 3313 2243 3360 A.
2268 3312 2448 3361 iisdem
2472 3313 2575 3362 fere
2596 3312 2783 3361 verbis.

1893 3379 1981 3440 (2.)
2019 3377 2178 3435 “Hie,
2214 3383 2352 3440 puto,
2386 3378 2523 3427 loeus
2555 3378 2781 3426 sanctior
2812 3384 2895 3427 est

1824 3442 2388 3556 ssffifflffifflffiz
2415 3442 2893 3569 dzuffi¹⁰15³31¹2³333

1823 3570 2125 3633 displiceret.
2194 3570 2328 3633 Lege
2361 3571 2706 3635 Apocalypsin
2738 3571 2773 3619 J
2777 3588 2889 3621 oan-

1824 3638 1920 3696 nie,
1943 3641 1995 3685 et
2018 3635 2140 3699 quid
2173 3635 2236 3684 de
2268 3636 2481 3686 muliere
2515 3641 2811 3699 purpurata.
2834 3644 2889 3686 et

1823 3702 2011 3763 scripta
2068 3701 2123 3750 in
2178 3700 2286 3764 ejus
2341 3701 2503 3750 fronte
2552 3701 2887 3763 blasphemia,

1823 3765 2346 3891 emm...
2361 3766 2817 3878 ..Ἑῖὲωῇῗὲὲῑκ
2832 3779 2887 3815 0.

1822 3893 2111 3957 Bp.Pau1ae
2154 3899 2207 3944 et
2251 3867 2520 3943 Eustochii'
2548 3893 2613 3943 ad
2656 3895 2884 3944 namen.

1821 3957 1955 4022 apud
1998 3957 2153 4022 Epist.
2192 3959 2240 4009 S.
2269 3959 2411 4008 Hier.
2451 3959 2541 4022 Ep.
2580 3959 2705 4007 xlvi.
2750 3960 2893 4009 Vall-

1825 4024 1905 4085 (al.
1941 4026 2084 4088 xvii.)
2134 4031 2252 4073 sect.
2295 4027 2340 4072 2.
2391 4025 2501 4087 Op„
2546 4027 2670 4071 tom.
2707 4024 2740 4072 i.
2788 4026 2885 4076 col.

1822 4091 1930 4138 206.
1981 4088 2044 4137 A.
2135 4092 2166 4114 “
2189 4087 2475 4137 Secundum
2533 4088 2885 4151 Apocalypsin

1819 4152 2032 4203 Joannis
2075 4154 2131 4202 in
2174 4154 2338 4202 fronte
2381 4157 2671 4216 purpuratae
2727 4168 2888 4203 mere-

1820 4219 1963 4267 tricis
1980 4219 2222 4281 scriptum
2242 4221 2318 4266 est
2332 4232 2516 4266 nomen
2531 4217 2887 4279 blasphemiae,

1820 4283 1873 4332 id
1897 4289 1974 4331 est
1996 4282 2171 4331 Romae
2204 4281 2567 4331 aeternae.”—S.
2595 4280 2739 4330 Hier.
2785 4283 2883 4345 Ep.

1819 4348 1951 4397 cxxi.
1979 4347 2111 4397 Van.
2150 4346 2231 4409 (al.
2256 4347 2359 4409 eli.)
2394 4345 2457 4396 ad
2488 4346 2658 4406 Algae.
2686 4346 2880 4403 Quaest.

1819 4413 1886 4460 xi.
1925 4413 2035 4475 Op„
2070 4417 2192 4461 tom.
2217 4412 2250 4460 i.
2285 4411 2379 4460 eol.
2404 4409 2611 4470 8820]

1882 4477 1903 4507 ¹¹
1940 4477 2157 4544 [Terent.
2186 4476 2383 4525 Phorm.
2415 4474 2480 4523 11.
2507 4477 2550 4522 4.
2579 4473 2681 4536 14]
