3165 4959
674 346 758 409 82
1303 358 1389 404 An
1433 354 1815 404 cAnmNAms
1858 352 2255 401 mmmmm

766 518 868 580 17.
903 516 1148 596 Papam
1180 513 1540 595 dispensare
1570 517 1788 575 contra
1819 510 2230 573 obedientiam
2257 508 2640 571 subditorum
2666 536 2683 569 :
2715 505 2888 591 saci-

678 620 799 682 lius
829 623 1035 680 autem
1063 616 1151 695 id,
1185 636 1369 698 quam
1401 621 1621 679 contra
1651 615 2060 678 obedientiam
2091 613 2544 675 Monachorum
2565 623 2626 674 ¹¹¹.

766 724 870 786 18.
919 722 1114 784 Posse
1141 740 1279 782 eum
1308 720 1639 800 Principes
1669 738 1900 800 coyere,
1933 718 2022 779 ad
2049 718 2238 798 leyem
2267 716 2543 799 aliquam
2560 717 2892 797 politicam

665 824 1016 908 ferendam,
1048 823 1173 885 nisi
1201 824 1393 885 velint
1424 822 1844 884 anathematis
1871 821 2115 883 vinculo
2146 819 2402 901 alligari
2424 828 2474 882 ⁰.

769 932 874 993 19.
921 928 1070 991 Non
1099 946 1230 990 esse
1260 927 1592 1007 Principes
1637 947 1680 989 a
1710 925 1845 988 Deo
1874 924 2176 988 secundos
2213 924 2290 986 de
2311 924 2485 1004 jure,
2517 943 2631 987 nec
2659 924 2784 986 nisi
2815 924 2893 986 de

663 1030 847 1116 facto
876 1033 1113 1104 solum;
1159 1050 1272 1094 nec
1324 1051 1365 1092 a
1411 1031 1540 1093 solo
1581 1029 1717 1093 Deo
1746 1033 2122 1110 potestatem
2172 1048 2350 1090 snam
2400 1028 2531 1090 illis
2578 1028 2742 1107 dari,
2780 1047 2894 1090 nec

678 1136 1033 1199 immediate
1054 1162 1073 1197 .·
1118 1140 1190 1197 ut
1224 1135 1516 1210 (scilicet)
1552 1153 1688 1195 eam
1718 1131 1904 1194 habet
1932 1130 2235 1211 Pontifex·
2256 1143 2303 1195 ⁰.

766 1241 876 1302 20.
920 1238 1070 1302 Non
1099 1238 1460 1319 conjunctas
1489 1256 1620 1300 esse
1647 1236 2001 1298 Ecclesiam
2030 1240 2091 1297 et
2114 1234 2416 1297 Politiam
2443 1235 2686 1298 vinculo
2717 1233 2895 1297 bene-

679 1343 979 1418 volentioe,
1020 1340 1136 1404 sed
1169 1341 1585 1422 subjectionis,
1614 1344 1685 1402 ut
1714 1339 2005 1402 Ecclesia
2033 1337 2410 1419 Reipublicae
2444 1338 2670 1418 praesit
2690 1364 2709 1400 :
2755 1336 2894 1401 Nec

682 1447 1033 1509 convenisse
1083 1446 1151 1507 in
1194 1464 1401 1523 unum,
1449 1449 1520 1506 ut
1567 1443 1727 1506 duas
1771 1441 2194 1523 Respublicas,
2242 1440 2358 1503 sed
2397 1446 2468 1503 ut
2514 1441 2804 1522 spiritum
2833 1447 2893 1503 et

684 1569 932 1613 carnem
955 1560 1004 1626 P,
1036 1568 1270 1630 nempe
1308 1554 1385 1609 ut
1421 1546 1696 1611 Politica
1733 1544 2026 1610 membra
2069 1544 2151 1608 ab
2191 1542 2640 1606 Ecclesiastiea
2677 1551 2892 1626 potes-

681 1659 820 1715 tate
862 1658 1114 1714 motum
1163 1671 1443 1728 omnem,
1477 1655 1541 1712 et
1575 1669 1836 1711 sensum
1866 1647 2150 1731 recipere
2195 1646 2509 1710 debeant:
2554 1667 2676 1710 nec
2705 1646 2894 1710 aliter

685 1775 878 1837 quam
906 1753 1170 1817 baculos
1201 1759 1268 1816 et
1312 1751 1621 1815 cadavera
1649 1751 1730 1814 ab
1760 1772 1837 1815 ea
1864 1751 2127 1815 moveri.
2219 1749 2396 1817 Quid
2434 1749 2632 1815 habet
2673 1750 2745 1813 in
2787 1751 2893 1814 his

672 1857 997 1939 peculiare
1046 1856 1188 1919 Rex
1230 1860 1441 1918 noster
1459 1856 1492 1917 ?
1522 1854 1677 1937 quid
1724 1874 1859 1917 non
1907 1874 2045 1917 cum
2090 1854 2352 1936 reliquis
2394 1854 2784 1935 conjunctam
2827 1861 2894 1918 et

684 1979 996 2023 commune
1014 1959 1048 2022 ‚2

749 2067 887 2119 Nam
909 2082 1071 2131 neque
1092 2066 1334 2117 Summus
1356 2065 1594 2117 Pontifex
1618 2066 1674 2116 in
1708 2065 1955 2117 Brevibus
1975 2066 2081 2117 suis
2103 2065 2168 2116 ad
2192 2065 2479 2116 Catholicos
2499 2066 2710 2130 Anglos,
2731 2080 2895 2130 neque

813 2164 907 2212 ego
931 2150 987 2198 in
1010 2147 1241 2214 Epistola
1264 2163 1380 2199 mea
1408 2148 1473 2199 ad
1497 2147 1736 2211 Amhipr.
1764 2147 1990 2212 Angliae,
2011 2147 2046 2198 J
2048 2152 2374 2199 uramentum
2410 2147 2745 2214 quodcunque
2767 2147 2894 2198 fide-

812 2230 976 2281 litatis
994 2230 1397 2295 improbavimus
1413 2247 1492 2290 3=

356 2331 535 2395 [Quale
555 2331 642 2382 διι-
770 2322 831 2386 1.
885 2323 1157 2386 Frustra
1200 2327 1419 2386 autem
1467 2322 1715 2385 laborat
1746 2320 2128 2398 cardinalis,
2162 2319 2319 2383 dum
2359 2319 2714 2399 contendit,
2746 2320 2896 2385 Non

353 2402 641 2525 ffissffiffi?
680 2425 1024 2508 improbari
1077 2426 1274 2508 Papae
1333 2425 1732 2509 quodcunque
1793 2426 2263 2507 juramentum;
2318 2423 2450 2489 imo
2495 2424 2896 2507 quodcunque

355 2527 626 2593 Pontifex]
684 2529 904 2612 Regiae
943 2529 1247 2613 potestati
1291 2528 1483 2608 favet,
1516 2528 1879 2611 improbari,
1927 2530 2325 2611 quodcunque
2369 2549 2503 2592 non
2549 2529 2644 2592 ita
2686 2529 2895 2592 modi-

682 2633 964 2710 ficatum,
988 2640 1066 2695 ut
1093 2632 1261 2695 nihil
1281 2632 1353 2695 in
1383 2653 1460 2695 eo
1489 2639 1812 2710 caveatur,
1837 2639 2063 2696 eontra
2084 2632 2431 2694 Romanam
2456 2631 2896 2721 Tyrannidem,

682 2757 810 2819 quo
859 2736 1078 2798 minus
1130 2757 1247 2820 pro
1300 2735 1620 2799 arbitratu
1667 2756 1802 2814 suo,
1838 2736 2157 2799 Caesarem
2204 2741 2270 2797 et
2318 2735 2531 2816 Reges
2574 2741 2898 2818 potestate

683 2846 895 2903 exuat.
989 2839 1153 2902 Haec
1193 2860 1335 2902 eam
1375 2840 1508 2903 vim
1554 2838 1837 2904 habent:
1890 2837 2146 2921 probari
2195 2836 2455 2919 aliquod
2500 2836 2688 2916 forte,
2738 2837 2897 2901 dum

683 2963 768 3006 ne
792 2944 984 3026 Papae
1013 2943 1084 3006 in
1115 2964 1190 3006 eo
1217 2964 1450 3006 manus
1479 2942 1783 3026 ligentur,
1813 2943 1927 3006 sed
1958 2950 2032 3005 ut
2063 2941 2123 3005 ei
2152 2962 2402 3024 semper
2430 2941 2756 3025 integrum
2787 2942 2896 3021 sit,

686 3066 835 3108 cum
864 3046 1055 3124 volet,
1088 3066 1237 3108 cum
1270 3046 1483 3110 visum
1512 3045 1727 3125 fuerit,
1761 3045 2035 3130 grassari
2077 3045 2151 3108 in
2181 3045 2514 3128 Principes
2542 3071 2555 3108 ε
2604 3044 2719 3108 ubi
2747 3066 2898 3110 vero

687 3148 767 3210 ad
819 3148 1038 3211 omnia
1093 3148 1411 3232 imperata
1467 3156 1703 3232 praesto
1749 3170 1883 3213 non
1932 3148 2083 3227 sint,
2131 3148 2488 3231 impingere
2536 3147 2757 3213 statim
2804 3149 2898 3213 eis

685 3250 947 3314 haeresis
970 3257 1193 3315 notam
1225 3251 1525 3335 aliquam,
1545 3252 1835 3316 Ecclesia
1862 3252 2163 3335 primum,
2188 3265 2330 3336 post
2348 3251 2617 3335 imperio
2643 3272 2896 3329 exuere,

685 3353 857 3435 quod
904 3353 1149 3417 factum
1180 3353 1507 3418 Friderico
1541 3355 1690 3433 11³1,
1746 3355 2073 3419 Ludovico
2125 3356 2376 3420 Bavaro
2395 3364 2439 3434 ἲ,
2490 3354 2894 3420 Caesaribus:

686 3459 727 3520 J
729 3457 928 3521 oanni
975 3458 1354 3521 Navarreno
1372 3467 1412 3536 ⁸,
1457 3457 1787 3523 Ludovioo
1831 3458 2016 3522 X11.‘
2074 3458 2303 3524 Galliae
2353 3457 2661 3543 Regibus.
2752 3459 2897 3524 Nee

684 3562 859 3626 enim
890 3561 1233 3643 improbum
1263 3561 1421 3645 quid
1448 3562 1520 3625 in
1550 3562 1669 3626 tali
1702 3563 1744 3625 J
1747 3568 2106 3627 uramento.

745 3748 778 3770 ¹¹¹
816 3738 974 3803 [lbid.
998 3754 1102 3803 cap.
1128 3739 1287 3789 xxvii.
1311 3739 1405 3790 col.
1424 3741 1532 3790 952.
1558 3739 1621 3790 D.
1830 3754 1934 3789 non
1982 3743 2154 3789 tamen
2195 3739 2410 3802 integra,
2451 3740 2507 3789 in
2544 3740 2610 3789 vi.
2645 3739 2894 3791 Decretal.

827 3803 956 3853 Ibid.
980 3819 1085 3868 cap.
1110 3805 1285 3854 xxxix
1312 3805 1405 3855 ool.
1430 3808 1540 3855 988.
1566 3804 1630 3855 D.
1831 3804 1921 3854 lib.
1935 3805 1990 3854 ii.
2014 3804 2114 3853 Tit.
2134 3804 2238 3853 xiv.
2275 3804 2384 3854 ‘De
2406 3810 2534 3855 sent.
2562 3810 2615 3855 et
2639 3820 2692 3855 re
2718 3805 2897 3868 judic!

835 3869 964 3918 Ibid.
1004 3884 1111 3932 cap.
1141 3870 1247 3918 viii.
1293 3870 1405 3919 coll.
1444 3870 1552 3922 879.
1591 3870 1662 3930 0.,
1690 3874 1742 3920 et
1830 3884 1938 3931 cap.
1960 3870 2014 3918 ii.
2052 3869 2198 3933 Corp.
2224 3870 2334 3919 Jur.
2363 3870 2484 3920 Can.
2524 3874 2644 3920 tom.
2670 3871 2746 3920 iii.
2777 3870 2894 3920 coll.

683 3949 788 3997 cap.
814 3949 859 3982 ν.
884 3934 995 3983 coll.
1022 3937 1131 3984 868.
1151 3933 1212 3983 D.
1239 3937 1350 3984 869.
1376 3935 1497 4057 Ag„
1829 3933 2178 4047 376—380.l³a

747 4008 769 4038 Ρ
806 3998 965 4062 [Ibid.
991 4014 1083 4062 cap
1084 3999 1163 4049 .ii.
1178 3999 1271 4049 col.
1290 4003 1387 4050 850
1513 4014 1606 4063 cap
1608 4000 1741 4049 .viii.
1893 3999 2091 4064 ¹·[Vide
2176 3999 2348 4063 yna.ld
2359 3999 2701 4050 conaAunal.
2714 3998 2893 4049 Barou.

682 4064 775 4113 eol.
805 4066 915 4140 882.
940 4064 1019 4123 1).,
1043 4078 1148 4126 cap.
1177 4064 1290 4113 xiii.
1325 4065 1417 4114 col.
1447 4068 1556 4114 906.
1582 4065 1645 4114 A.
1663 4063 1743 4125 D.,
1832 4068 1951 4113 tom.
1969 4080 2050 4113 xv.
2075 4064 2272 4114 adanu.
2291 4067 2434 4125 1323,
2453 4064 2605 4114 Num.
2623 4080 2744 4113 xxx.
2767 4079 2890 4128 seq..

682 4143 786 4192 cap.
808 4128 929 4178 xvii.
954 4101 1046 4178 eol.
1064 4131 1172 4179 919.
1191 4128 1348 4189 Α-0.,
1368 4144 1472 4194 cap.
1488 4144 1611 4179 xxx.
1630 4130 1742 4180 coll.
1829 4132 1883 4178 et
1907 4129 2106 4178 Bullam
2128 4129 2272 4179 Joan.
2302 4103 2476 4179 XXII.
2506 4129 2641 4192 apud
2666 4128 2893 4179 Goldast.

683 4196 794 4245 958.
819 4193 884 4243 D.
909 4197 1020 4244 959.
1038 4193 1132 4257 A.]
1832 4194 2002 4243 Const.
2043 4194 2225 4259 Imper.
2275 4194 2386 4245 Par.
2410 4195 2445 4244 i.
2470 4210 2519 4259 p.
2545 4196 2623 4245 98.
2662 4193 2889 4244 Francos

833 4259 910 4308 De
932 4258 1467 4309 Exeommunicatione
1500 4258 1993 4320 Frid.11.1607.]

680 4322 796 4372 vide
859 4324 946 4372 ull.
974 4324 1083 4373 xiii.
1113 4324 1261 4386 Greg.
1285 4324 1375 4374 IX.
1393 4324 1736 4374 ‘Rationalis’
1887 4323 2056 4388 ·[AEl.
2073 4326 2195 4373 Ant.
2219 4324 2448 4375 Nebriss.
2461 4324 2524 4374 do
2544 4323 2687 4374 Bello
2704 4321 2889 4374 Nam.

682 4386 869 4437 Bullar.
905 4387 1048 4437 Rom.
1090 4392 1212 4439 tom.
1237 4390 1268 4438 i.
1296 4404 1387 4466 pp.
1407 4391 1487 4449 79,
1511 4391 1590 4440 80.
1657 4388 1734 4439 De
1820 4388 1910 4438 lib.
1926 4389 1959 4437 i.
1986 4404 2092 4452 cap.
2117 4392 2161 4438 3.
2187 4390 2270 4439 fol.
2294 4391 2454 4440 lxxvi.
2480 4389 2575 4503 a]

682 4451 1006 4502 damnatione
1054 4458 1106 4502 et
1136 4453 1198 4502 de
1236 4455 1451 4503 ositione
1493 4453 1734 4517 ejusdem,
1891 4452 2159 4517 [Spond.
2198 4454 2344 4506 Cont.
2387 4457 2539 4504 Anna
2613 4454 2795 4505 Baton.
2837 4455 2894 4505 in

683 4514 813 4564 Buu.
838 4517 911 4564 iii.
940 4517 1110 4566 Innoc.
1136 4469 1271 4567 IVP‘
1256 4518 1364 4567 ‘Ad
1398 4520 1444 4567 A
1449 4520 1738 4582 postolieae.
1824 4533 1939 4572 ann.
1961 4521 2103 4570 1512.
2132 4518 2287 4571 Νιιιιι.
2312 4535 2434 4571 xxv.
2457 4525 2580 4570 tom.
2600 4520 2651 4569 ii.
2675 4535 2760 4584 pp.
2779 4522 2891 4580 297,

680 4579 806 4629 ibid.
828 4594 914 4644 pp.
938 4582 1015 4638 85,
1034 4584 1118 4638 86,
1156 4597 1268 4645 quse
1292 4597 1487 4647 quoque
1509 4584 1738 4646 habetur,
1826 4583 1958 4648 298.]
