3165 4959
905 339 1272 388 Ammonia
1315 304 1679 390 immissio.
1803 390 1810 397 ,
2264 331 2392 397 397

255 497 552 548 Communis
595 496 847 560 expositio
892 494 1265 546 Catholieorum
1309 500 1535 546 veterum
1580 500 1674 560 est,
1710 495 1809 548 Per
1841 498 2122 549 Draconem
2167 501 2393 563 intelligi

318 577 620 627 Diabolum:
670 592 761 640 per
803 576 1023 640 priorem
1068 577 1299 635 bestiam,
1346 578 1729 628 universitatem
1774 578 2077 642 impiorum:
2115 594 2207 643 per
2243 584 2393 644 caput

318 658 470 721 huius
500 658 675 707 bestiae
697 658 916 710 occisum
938 661 991 706 et
1019 657 1336 717 reviviscens,
1360 657 1735 708 Antichristum
1755 695 1768 709 .
1794 695 1807 710 .
1833 695 1845 708 .
1870 676 1911 709 ,ε
1946 675 2037 723 per
2064 661 2390 724 posteriorem

319 739 536 788 bestiam
579 737 934 802 praedicatores
972 741 1027 788 et
1069 738 1339 801 Apostolos
1383 738 1706 789 Antichristi.
1729 775 1744 790 .
1768 776 1780 789 .
1806 777 1818 789 .
1843 777 1857 789 .
1883 740 1959 790 De
1998 740 2296 792 Churactere
2339 748 2393 793 et

320 833 531 870 numero
567 818 793 867 nominis
827 831 935 867 rem
971 818 1074 868 fore
1111 817 1359 878 abditam,
1393 823 1446 868 et
1481 819 1812 883 incognitam,
1850 819 2010 870 donec
2043 821 2392 872 Antichristus

319 900 790 966 appueat—[Bell.
807 899 957 963 Apol.
981 913 1073 962 pro
1097 898 1267 963 Resp]
1289 914 1338 963 p.
1356 903 1467 950 168.
1492 899 1629 964 [Op.,
1645 904 1767 950 tom.
1782 901 1872 951 vii.
1895 903 1987 952 col.
2006 901 2117 954 793.
2143 901 2197 953 C.
2215 902 2307 966 D.]

277 1002 436 1065 Post
482 998 615 1082 agit
659 999 1097 1082 interpretem.
1189 999 1276 1062 Et
1306 999 1374 1061 in
1408 1000 1701 1063 Dracone
1745 1002 2080 1065 Diabolum
2123 1004 2391 1085 intelliyi
2420 1010 2708 1075 [Quomodo

161 1105 377 1187 jubet,
409 1105 477 1166 in
508 1103 729 1185 priore
755 1102 976 1164 Bestia
1004 1102 1469 1165 universitatem
1496 1104 1845 1184 impiorum,
1868 1105 1936 1168 in
1958 1106 2163 1187 capite
2191 1107 2391 1169 occiso
2414 1090 2662 1203 affiman-

184 1216 250 1271 et
295 1209 695 1271 reviviscente
744 1205 1205 1268 Antichristum
1225 1232 1244 1266 .·
1292 1207 1359 1268 in
1392 1209 1747 1287 posteriore
1787 1208 2008 1271 Bestia
2059 1209 2393 1289 Apostolos

183 1312 595 1376 Antichristi.
692 1309 868 1373 Nam
927 1309 1007 1374 de
1063 1310 1425 1373 charactere
1489 1311 1588 1393 (ut
1642 1310 1919 1394 videtur)
1982 1333 2115 1376 non
2170 1312 2393 1395 liquet.

184 1415 551 1478 Videamus
576 1413 733 1497 jam,
768 1412 922 1496 quid
950 1411 1103 1475 huic
1121 1412 1524 1494 Expositioni
1554 1413 1933 1492 Cardinalis,
1966 1422 2032 1478 et
2065 1415 2218 1499 quid
2246 1406 2397 1479 nos-

184 1527 311 1582 trae
358 1517 575 1600 Regis,
629 1516 905 1579 intersit.
996 1515 1155 1578 Non
1197 1514 1292 1577 ita
1335 1516 1616 1579 multum
1646 1517 2082 1600 discrepantes
2122 1520 2396 1602 reperiet

188 1622 450 1699 Lector,
498 1619 672 1704 quin,
714 1619 767 1681 si
807 1617 1167 1682 Cardinalis
1221 1618 1388 1681 hanc
1440 1618 1763 1697 admittat,
1811 1620 2083 1703 Regiam
2134 1621 2397 1705 rejicere

185 1747 329 1789 non
369 1723 590 1807 possit.
682 1721 999 1787 Convenit
1040 1722 1108 1783 in
1147 1721 1438 1784 Dracone
1467 1722 1801 1786 Diabolum
1834 1724 2128 1807 intelligi.
2223 1725 2401 1792 Quid

185 1830 365 1892 enim
425 1849 558 1891 non
609 1826 950 1890 conveniat
1008 1825 1132 1890 hoc
1188 1825 1360 1888 inter
1416 1825 1866 1890 Christianos?
1956 1828 2272 1910 Expresse
2328 1829 2397 1892 id

172 1931 431 1994 ,dicitur
473 1930 548 1993 in
583 1929 801 2010 Capite
844 1927 1286 2004 antecedente,
1335 1928 1628 1990 Dracone
1673 1929 2007 1991 Diabolum
2057 1930 2394 2014 designari.

189 2036 478 2098 Bestiam
526 2033 935 2114 septicipitem
991 2032 1148 2115 poni
1194 2033 1331 2095 vult
1377 2053 1504 2114 pro
1555 2034 1961 2097 universitate
2005 2036 2332 2117 impiorum
2349 2048 2395 2100 ⁸.

191 2139 340 2202 Nec
374 2136 655 2199 multum
686 2136 826 2198 Rex
872 2133 1119 2213 abnuit,
1165 2134 1413 2199 addidit
1457 2135 1668 2214 mod0,
1701 2158 1849 2201 cum
1880 2146 2046 2201 esset
2085 2145 2227 2201 tum
2257 2141 2394 2202 uni-

186 2242 458 2304 versitas
515 2239 626 2302 ina
675 2238 794 2302 sub
840 2239 1119 2301 Romano
1168 2239 1458 2319 Imperio,
1510 2247 1685 2303 recte
1723 2240 1794 2303 in
1843 2243 2247 2305 universitate
2288 2243 2400 2306 illa

194 2346 475 2408 Romam
515 2340 807 2425 exprimi.
896 2340 1020 2404 Per
1065 2346 1295 2421 septem
1330 2343 1556 2422 Capita
1595 2343 1808 2425 (unico
1846 2343 1957 2408 illo
1998 2353 2279 2428 excepte,
2319 2345 2399 2409 de

191 2469 322 2531 quo
351 2446 567 2510 minus
595 2443 943 2528 convenit),
976 2464 1085 2508 sex
1130 2443 1391 2528 reliquis
1441 2464 1572 2523 seoe,
1620 2466 1763 2527 quae
1800 2444 1871 2508 in
1902 2446 2109 2510 Roma
2136 2468 2400 2531 praeces-

191 2559 432 2630 serant,
464 2551 697 2633 (Roma
719 2549 915 2613 etiam
935 2548 1236 2629 Etlmica)
1264 2549 1586 2630 reyiminis
1598 2546 1848 2630 somus
1867 2548 2156 2612 indicari.
2217 2545 2401 2614 Pres-

192 2656 329 2718 sius
380 2662 598 2717 autem
646 2653 788 2732 hoc,
821 2659 887 2715 et
931 2652 1137 2734 magis
1181 2651 1263 2714 ad
1307 2659 1606 2715 naturam
1647 2652 1937 2731 Visionis,
1972 2673 2163 2735 quam
2207 2654 2402 2735 siquis

193 2759 289 2822 sic
317 2755 655 2821 indefinite
700 2763 892 2839 atque
936 2754 1307 2818 indistincte
1352 2755 1580 2838 capiat,
1622 2776 1738 2838 pro
1767 2757 2095 2837 impiorum
2125 2757 2397 2820 colluvie.

194 2863 346 2926 Hoc
392 2859 575 2925 nobis
622 2859 932 2923 indicium
981 2857 1136 2922 fecit
1177 2859 1398 2920 Bestia
1442 2857 1614 2941 apud
1657 2858 1995 2923 Danielem
2038 2879 2171 2922 non
2220 2859 2399 2922 dissi-

192 2964 391 3042 milis,
424 2984 463 3026 a
484 2984 609 3046 quo
628 2964 671 3026 J
674 2982 913 3026 oannes
942 2960 1246 3025 formulas
1273 2960 1578 3042 loquendi
1607 2982 1742 3024 non
1759 2960 2027 3026 obscure
2043 2968 2397 3025 mutuatur.

192 3068 391 3131 Illam
427 3086 577 3129 vero
622 3065 791 3148 apud
822 3063 1161 3128 Danielem
1191 3064 1409 3125 Pardo
1447 3064 1710 3125 similem
1738 3065 2038 3143 Bestiam,
2071 3064 2173 3128 cui
2205 3066 2401 3145 pedes
2511 3060 2640 3125 287

189 3171 352 3247 ursi,
385 3189 454 3232 os
480 3169 727 3246 Leonis,
776 3187 969 3230 nemo
1006 3165 1201 3248 (quod
1240 3165 1458 3247 sciam)
1507 3165 1823 3249 interpres
1862 3166 2064 3247 aliter,
2097 3188 2289 3250 quam
2320 3168 2401 3231 de

189 3273 577 3336 Monarckia
630 3270 859 3353 aliqua,
919 3269 1380 3352 interpretatus
1431 3275 1527 3333 est
1578 3291 1887 3353 unquam.
1976 3272 2134 3337 Non
2185 3279 2401 3336 autem

191 3375 534 3459 quisquam
574 3374 671 3437 ita
713 3372 928 3450 crude,
960 3377 1037 3434 ut
1080 3372 1410 3452 impiorum
1453 3372 1670 3436 nescio
1701 3394 1893 3455 quam
1938 3375 2404 3438 universitatem

192 3479 555 3542 denotaret.
666 3475 861 3540 Unde
921 3476 964 3538 J
967 3494 1206 3539 oannes
1262 3475 1585 3556 loquendi,
1651 3476 1803 3540 inde
1862 3475 2213 3559 desumpsit
2266 3479 2403 3540 Rex

192 3580 664 3664 interpretandi
704 3578 1010 3642 formulas
1054 3597 1218 3654 suas,
1251 3596 1509 3659 operam
1547 3577 1618 3639 in
1661 3597 1737 3640 eo
1782 3598 1963 3640 suam
1994 3597 2178 3659 aequo
2206 3579 2404 3641 cuivis

192 3683 420 3747 lectori
470 3682 874 3766 probaturus.
973 3682 1192 3761 Caput,
1236 3679 1403 3760 quod
1433 3679 1700 3742 occisum
1735 3681 1966 3760 primo,
1998 3684 2282 3742 curatum
2312 3687 2404 3744 est

195 3787 417 3864 denuo,
450 3783 615 3867 Regi
644 3791 760 3868 est,
793 3791 891 3847 est
927 3789 994 3846 et
1024 3781 1370 3860 cardinali,
1402 3782 1861 3845 Antichristus.
1957 3783 2182 3847 Unum
2213 3784 2405 3847 modo

196 3889 560 3956 discrimen.
650 3887 965 3951 Fabulam
1001 3885 1176 3950 enim
1217 3884 1323 3949 hic
1353 3884 1585 3968 occipit
1618 3884 1994 3964 cardinalia,
2027 3893 2094 3949 et
2133 3886 2403 3969 figmen-

194 3999 342 4054 tum
382 4011 653 4068 merum‚
696 3989 776 4054 de
814 3988 978 4070 ficta
1018 3994 1227 4051 morte
1268 3988 1670 4067 Antichristi,
1710 3987 1873 4096 ficta
1918 3990 2400 4054 resurreetione.

198 4094 366 4161 Quis
420 4092 688 4157 tandem
757 4091 882 4155 hoc
940 4091 1036 4154 illi
1095 4089 1413 4174 expedivit
1434 4092 1465 4153 ¹?
1567 4091 1729 4157 Quis
1788 4092 2081 4176 expedire
2139 4094 2350 4177 potuit
2370 4095 2400 4156 ?

198 4199 660 4279 Prophetarum
710 4216 868 4279 opus
920 4194 1064 4272 hoc,
1119 4214 1251 4258 non
1302 4195 1591 4257 Patrum.
1681 4196 1826 4259 Nec
1878 4197 2051 4260 enim
2102 4204 2202 4260 tot
2254 4204 2403 4260 ante

197 4300 573 4365 centenariis
590 4320 783 4382 quam
813 4303 1202 4375 nasceretur,
1233 4297 1601 4361 mortalium
1633 4298 1774 4381 quis
1790 4300 2127 4362 vaticinari
2154 4299 2401 4382 potuit:

197 4425 317 4468 nec
363 4425 514 4468 cum
571 4410 764 4467 natus
814 4402 953 4485 jam
1000 4408 1118 4479 est,
1171 4406 1307 4464 arte
1357 4400 1492 4464 ulla
1539 4402 1640 4465 vel
1679 4404 2000 4486 Astroloyi
2044 4403 2403 4486 praedicere,

1006 4547 1029 4569 ·
1063 4537 1229 4602 [Vide
1250 4537 1397 4600 insu,
1420 4552 1469 4602 p.
1494 4538 1630 4602 408·]
