3165 4959
1029 281 1398 330 nomem
1442 282 1807 332 amponsm.
2407 275 2536 336 423

303 420 551 499 tatem:
599 435 951 518 plurimum
1000 457 1076 500 ex
1113 457 1189 500 eo
1237 442 1445 513 aucta,
1491 437 1660 520 quod
1702 438 1967 502 missum
2014 461 2079 503 se
2124 440 2204 503 ad
2255 442 2530 506 Gentiles

304 536 568 601 diceret.
646 539 809 605 Quae
837 538 1009 601 illius
1040 560 1157 602 vox
1187 540 1389 622 igitur
1418 540 1679 602 clamori
1708 560 1968 604 causam
2002 540 2226 606 dedit¹.
2308 543 2526 626 Negat

299 640 550 705 factum
580 641 949 724 Apostolus,
983 641 1276 706 convinci
1318 663 1386 705 se
1420 643 1603 725 petit.
1695 643 1872 707 Nam
1913 643 1993 707 de
2025 645 2525 711 Resurrectione

302 763 441 808 non
469 751 664 827 negat
703 745 1002 823 credere3
1046 744 1114 807 id
1152 751 1371 827 negat,
1413 745 1555 828 (etsi
1596 746 1833 825 credat,
1866 746 1987 810 etsi
2032 754 2097 810 et
2137 747 2405 830 doceat,)
2447 768 2523 813 eo

299 847 477 911 facto
522 868 589 910 se
634 847 974 931 quicquam
1019 868 1310 930 peccasse
1339 848 1411 911 in
1457 850 1810 914 Caesarem:
1866 849 2156 933 Capitale
2198 850 2266 914 id
2309 852 2521 914 neuti-

301 971 500 1033 quam
529 971 686 1030 esse,
718 972 839 1015 nec
869 951 1238 1035 Majestatis
1266 951 1417 1016 inde
1445 973 1631 1016 reum
1662 974 1729 1017 se
1758 953 1977 1036 peragi
2019 954 2321 1036 potuisse.
2396 957 2521 1019 At-

303 1074 429 1136 que
464 1053 603 1117 haec
646 1060 955 1137 perpetua
996 1055 1135 1138 ejus
1178 1054 1488 1137 depulsio,
1586 1055 1879 1120 Alteram
1924 1056 2098 1120 enim
2137 1056 2315 1120 illam
2345 1056 2519 1121 illius

298 1155 760 1236 defensionem,
794 1159 1186 1221 Pharisaeum
1221 1178 1351 1221 esse
1385 1179 1470 1238 se,
1503 1160 1816 1222 Pharisaei
1832 1158 2062 1240 filium,
2082 1159 2374 1240 judicari
2404 1181 2516 1222 an-

300 1267 424 1323 tem
442 1261 518 1323 de
540 1263 989 1325 resurrectione
1016 1269 1453 1342 mortuorum&
1473 1283 1549 1327 eo
1572 1262 1907 1327 obtentam
1930 1262 2109 1326 novit
2134 1262 2513 1341 cardinalis,

298 1370 395 1442 ut,
418 1363 695 1427 abeunte
712 1363 1032 1429 hincinde
1051 1364 1121 1427 in
1144 1372 1358 1448 partes
1379 1365 1690 1443 Concilio,
1710 1365 1956 1429 facilius
1979 1364 2285 1429 declinari
2303 1372 2515 1447 posset

295 1466 633 1550 utriusque
661 1466 961 1549 impetus,
992 1473 1077 1545 et,
1110 1468 1221 1551 qui
1249 1468 1555 1532 innocens
1585 1474 1772 1548 esset,
1802 1466 2079 1532 liberari.
2137 1469 2229 1532 At
2258 1469 2512 1532 Tertul-

297 1569 421 1645 lus,
462 1568 596 1651 (qui
625 1569 794 1633 solus
822 1570 1111 1653 legitime
1142 1571 1482 1653 accusavit)
1521 1570 1891 1654 perstrinxit
1921 1569 2179 1653 quidem
2209 1569 2288 1634 de
2322 1572 2513 1634 Secta

297 1672 616 1750 nonnihil,
648 1672 762 1736 sed
791 1672 1001 1755 Caput
1030 1672 1125 1736 illi
1152 1673 1279 1736 fuit
1307 1674 1380 1736 in
1412 1674 1836 1752 accusatione,
1870 1672 2039 1756 quod
2084 1693 2233 1737 eum
2249 1672 2511 1755 pestife-

294 1797 434 1838 rum
481 1777 784 1839 hominem
829 1778 1220 1856 invenissent,
1270 1778 1375 1858 qui
1435 1778 1775 1839 concitaret
1836 1776 2053 1839 turbas
2109 1777 2177 1838 in
2223 1776 2507 1839 universo

300 1879 483 1957 Orbe,
532 1881 755 1961 quique
813 1886 1033 1943 auctor
1077 1880 1401 1943 seditionis
1458 1886 1672 1942 esset2.
1759 1879 2143 1961 Adjecerunt
2195 1885 2400 1941 autem
2447 1885 2509 1941 et

290 1983 519 2060 Judaei,
552 1984 842 2061 dicentes,
867 1984 1019 2046 Hcec
1048 1984 1142 2046 ita
1171 2003 1237 2045 se
1266 1983 1544 2046 habere⁸.
1622 1983 1911 2050 Quaestio
1940 1992 2092 2065 er'go
2120 1982 2211 2046 ibi
2243 1982 2321 2045 de
2344 1982 2506 2044 sedi·

293 2086 460 2149 tione
509 2085 651 2163 fuit,
684 2093 835 2149 ante
883 2087 963 2149 de
1001 2086 1245 2167 Templo
1285 2086 1536 2166 violata,
1581 2084 1738 2149 facti
1784 2093 2091 2169 utraque:
2139 2084 2220 2149 de
2275 2083 2506 2168 quibus
2533 2094 2631 2160 [De
2653 2093 2800 2151 sacto,

293 2191 604 2272 legitimus
630 2190 865 2267 Judeoe,
899 2197 976 2254 ut
1007 2191 1237 2267 Caesar,
1270 2190 1364 2252 ita
1394 2192 1641 2254 Praeses
1672 2189 1958 2268 Caesaris,
2001 2189 2227 2271 (Paulo
2258 2188 2500 2271 itaque,
2532 2155 2815 2286 Qssgffim]

292 2313 505 2356 coram
535 2313 603 2356 eo
635 2294 896 2356 libenter
923 2314 1039 2376 pro
1071 2314 1138 2357 se
1169 2291 1680 2375 satisfacienteb.)
1779 2293 2013 2356 Coram
2044 2292 2235 2355 Festo
2267 2300 2506 2368 autem,

291 2398 522 2459 multas
543 2403 604 2462 et
626 2417 853 2479 yraves
883 2417 1107 2460 causas
1136 2396 1528 2477 objecerunt5
1576 2395 1795 2477 quales
1813 2415 1983 2473 vero,
2004 2401 2071 2458 et
2101 2395 2283 2477 cujus
2314 2414 2507 2477 gene-

289 2502 400 2580 ris,
437 2502 597 2566 scias
637 2522 714 2565 ex
748 2500 934 2565 Pauli
972 2500 1364 2583 depulsione,
1408 2498 1576 2581 quod
1611 2519 1805 2579 neque
1843 2499 1912 2559 in
1956 2498 2167 2578 leqem,
2209 2517 2401 2578 neque
2440 2498 2509 2558 in

296 2605 628 2685 Templum,
651 2625 843 2686 neque
864 2606 932 2667 in
955 2605 1278 2683 Caesarem,
1305 2603 1633 2684 quicquam
1651 2605 1976 2682 peccasset
1989 2609 2031 2663 ⁰.
2106 2600 2335 2663 Festus
2357 2620 2506 2662 vero

287 2707 575 2792 objectas
605 2728 737 2772 non
767 2707 1066 2791 negabat,
1098 2706 1209 2770 sed
1238 2726 1392 2788 quas
1419 2706 1696 2786 probare
1725 2725 1847 2767 non
1864 2708 2183 2784 poterant.
2274 2703 2506 2784 Neque

284 2821 511 2874 tamen
547 2811 627 2874 de
670 2811 1132 2875 resurrectione
1163 2808 1406 2874 Christi
1434 2807 1691 2873 volebat
1723 2806 2237 2890 Hierosolymam
2287 2826 2505 2868 ascen-

285 2913 438 2978 dere
469 2914 763 2993 Paulum,
796 2915 905 2978 sed
936 2914 1012 2976 de
1040 2915 1140 2976 his
1169 2914 1280 2992 ait,
1311 2933 1544 2995 nempe
1573 2910 1654 2974 de
1685 2909 1931 2974 caeteris
1962 2929 2234 2993 quoque,
2262 2929 2404 2991 quae
2432 2908 2504 2970 in

292 3017 624 3098 Templum,
644 3018 889 3100 Leyem,
916 3018 1239 3094 Caesarem,
1266 3015 1593 3079 admisisse
1623 3035 1771 3078 eum
1790 3011 2112 3076 criminati
2142 3017 2312 3074 sunt.
2376 3009 2503 3074 De-

283 3120 503 3203 nique,
531 3119 726 3184 verba
752 3120 891 3203 ipsa
919 3127 1257 3184 contextus
1286 3117 1658 3200 scrupulum
1697 3135 1959 3180 omnem
1999 3114 2310 3178 eximunt.
2396 3113 2510 3174 Ad

290 3222 595 3285 Tribanal
628 3223 895 3285 Caesaris
936 3228 1054 3300 sta,
1084 3222 1173 3284 ibi
1204 3241 1299 3283 me
1339 3226 1579 3302 oportet
1608 3219 1899 3302 judicari
1914 3215 1964 3282 ἃ.
2056 3217 2204 3281 Imo
2234 3217 2321 3279 ibi
2351 3221 2504 3294 stas,

279 3326 389 3388 ubi
419 3332 480 3388 te
509 3346 631 3389 non
669 3331 910 3407 oportet
935 3324 1245 3406 judicari,
1277 3324 1424 3388 infit
1454 3322 1830 3388 Cardinalis.
1921 3322 2064 3385 Nec
2093 3320 2267 3383 enim
2298 3320 2504 3401 leqiti-

280 3449 421 3491 mus
453 3428 665 3492 Judeae
711 3429 943 3505 Caesar,
996 3448 1116 3491 nec
1162 3428 1499 3509 leyitimum
1539 3423 1885 3502 Tribuna13
1938 3421 2203 3505 proinde
2253 3442 2373 3484 nec
2418 3421 2498 3485 ab

281 3531 396 3595 illo
440 3537 680 3612 oportet
723 3539 810 3609 te,
862 3550 981 3593 nec
1032 3529 1201 3612 apud
1254 3528 1554 3592 Tribunal
1598 3527 1756 3610 ejus,
1791 3525 2103 3606 judicari.
2194 3523 2319 3600 Ita,
2365 3544 2498 3586 non

279 3635 476 3699 modo
520 3633 790 3703 Caesaris
838 3633 1117 3696 tribunal
1159 3630 1396 3714 dejicit,
1437 3629 1548 3692 sed
1588 3636 1654 3692 et
1684 3627 1887 3691 Paulo
1933 3626 2039 3689 hic
2068 3625 2381 3707 Apostolo
2426 3626 2496 3687 in

276 3738 509 3801 faciem
566 3736 806 3800 resistit
865 3735 1240 3812 Cardinalis,
1300 3742 1375 3796 ut
1434 3732 1639 3793 Paulo
1700 3728 2000 3810 Pontifici
2074 3727 2491 3811 gratificetur.

275 3839 560 3922 Alioqui,
591 3859 861 3921 usquam
889 3839 995 3901 hic
1021 3838 1194 3920 leget
1223 3835 1297 3900 τὸ
1327 3833 1467 3899 δέον
1496 3834 1838 3915 leqitimum
1867 3852 2001 3895 esse
2026 3832 2059 3894 ‚2
2105 3827 2246 3894 δέον
2274 3838 2487 3892 autem

276 3944 492 4022 fuisse,
524 3943 709 4005 illum
738 3942 827 4004 ad
859 3942 1126 4005 Coesaris
1162 3939 1462 4004 Tribunal
1493 3937 1786 4019 judicari
1804 3963 1825 4009 ;
1874 3934 1954 3997 ad
1985 3934 2174 4017 quod,
2207 3934 2259 3995 si
2290 3934 2489 4014 leyiti-

274 4069 441 4110 mam
464 4068 598 4110 non
616 4046 763 4125 fuit,
781 4046 1184 4129 illegitimam
1207 4042 1696 4127 appellationem
1716 4037 2096 4122 interposuit
2115 4036 2494 4120 Apostolus:
2601 4032 2731 4093 306

470 4258 493 4282 ¹
550 4252 663 4300 Act.
689 4249 891 4314 Apoea]
912 4249 1041 4298 xxii.
1062 4249 1143 4298 22.
1618 4239 1642 4272 ¹³
1700 4240 1855 4368 Ibid.]
1877 4255 1995 4289 xxv.
2020 4240 2063 4290 7.

474 4324 495 4356 Y
555 4314 681 4364 Ibid.
727 4316 876 4363 xxiii.
897 4318 943 4364 6.
1620 4313 1638 4337 ⁶
1699 4305 1830 4354 Ibid.
1878 4320 1978 4354 ver.
2003 4306 2048 4352 8.

471 4389 493 4412 ⁸
525 4251 704 4508 {Ibid.}
727 4379 868 4428 xxiv.
893 4382 937 4428 5.
1619 4369 1640 4400 ‘¹
1676 4372 1790 4419 Aet.
1816 4385 1930 4417 xxv.
1953 4372 2026 4416 10.

474 4449 494 4471 ¹
550 4444 678 4494 Ibid.
727 4459 828 4493 ver.
854 4447 898 4491 9.
