3165 4959
422 2380 698 2447 [Min-acula

455 2447 652 2497 uaedam

463 2512 632 2563 arthu-

419 2578 597 2639 sinna]

752 346 841 407 30
1380 361 1466 405 An
1512 355 1894 405 CARDINAms
1938 353 2335 405 BELLARMIM

743 519 882 602 jam
914 524 1084 594 ante,
1116 516 1187 578 in
1218 523 1487 597 utraque
1517 513 1869 578 Academia
1887 513 2434 596 cantabrigiensi²
2461 523 2528 576 et
2558 513 2965 592 Oxoniensiss,

752 621 995 704 agitata
1046 620 1154 682 diu
1209 640 1329 695 res,
1372 639 1445 681 ac
1493 618 1795 681 conclusa
1839 616 2105 679 tandem
2154 616 2381 679 fuisset
2417 617 2582 699 (lege
2634 615 2850 679 divina
2894 616 2962 678 id

755 724 920 807 Regi
960 723 1262 804 licuisse.)
1360 725 1421 785 6.
1472 723 1638 785 Cum
1685 720 1850 783 nihil
1895 719 2128 783 horum
2173 719 2241 782 in
2286 720 2524 801 angulo
2568 728 2822 802 gestum
2855 720 2963 794 sit,

751 829 866 891 sed
896 828 964 890 in
997 827 1154 892 urbe
1186 825 1397 909 Regni
1427 824 1731 908 primaria
1769 824 1858 906 (in
1889 845 2016 906 qua
2046 830 2112 887 et
2145 823 2561 886 Carthusiani
2599 823 2694 886 illi
2725 823 2965 886 Mona-

751 931 1017 993 sterium
1051 951 1239 993 suum
1270 928 1621 1008 habebant)
1658 926 1811 1009 quid
1842 947 2019 1009 opus,
2055 927 2199 988 Sive
2228 927 2330 988 lea·
2360 926 2571 989 divina
2603 928 2962 1007 permittat,

748 1034 878 1096 sive
927 1033 1101 1094 non?
1188 1033 1498 1094 Poterant
1543 1031 1718 1093 enim
1760 1030 1904 1113 lege
1951 1029 2165 1092 divina
2207 1029 2307 1093 vel
2359 1029 2636 1092 maxime
2688 1029 2961 1111 permis-

752 1154 897 1197 sum
928 1134 1241 1196 affirmare
1273 1132 1639 1196 consiliarii
1665 1158 1679 1194 :
1725 1153 1846 1195 nec
1876 1139 2194 1215 poterant,
2225 1131 2294 1194 id
2323 1131 2417 1194 ita
2458 1152 2612 1208 csse,
2647 1132 2961 1195 Monachi

750 1243 883 1299 tres
910 1237 1226 1319 ignorare.
1319 1234 1496 1300 Quid
1535 1255 1685 1298 vero
1730 1256 1911 1316 opus,
1944 1234 2090 1296 Non
2120 1255 2268 1297 curo
2298 1235 2647 1296 Ecclesiam
2666 1236 2700 1295 ?
2790 1234 2960 1296 Cum

752 1339 1108 1402 Ecclesiam
1140 1337 1568 1420 Anglicanam
1599 1338 1985 1415 universam,
2018 1359 2166 1401 cum
2195 1344 2295 1401 tot
2324 1336 2637 1400 haberent
2673 1357 2961 1400 summos

750 1441 940 1520 virOS,
983 1440 1359 1504 eruditionis
1401 1440 1593 1504 laude
1631 1441 1847 1523 (quam
1889 1442 2020 1505 late
2071 1446 2249 1524 patet
2300 1440 2471 1503 orbis
2520 1439 2953 1521 Christianus)

751 1543 1149 1607 notissimos:
1200 1542 1623 1605 Warhamum
1655 1544 2205 1619 cantuariensem,
2232 1543 2437 1605 Leum
2460 1540 2959 1619 Eboracensem,

752 1647 1154 1709 Tonstallum
1200 1646 1725 1726 Dunelmensem,
1777 1648 2212 1711 Stokesleium
2253 1644 2758 1723 Londinensem,
2791 1645 2962 1708 Gar-

751 1746 1048 1810 dinerum
1060 1748 1601 1827 wintoniensem,
1623 1750 2075 1833 Longlandum
2095 1749 2635 1827 Lincolniensem,
2655 1749 2959 1812 Westum

750 1849 1094 1927 Eliensem,
1194 1850 1492 1914 Clercum
1567 1852 2094 1933 Bathoniensem,
2192 1853 2509 1932 Hethum,
2602 1854 2957 1931 Bonerum,

752 1951 1040 2032 Foxium,
1074 1954 1337 2018 clerum
1367 1955 1643 2039 denique
1673 1964 1887 2020 totum
1903 1984 1924 2036 ς
1971 1979 2131 2041 quos
2172 1957 2379 2021 tribus
2422 1957 2564 2020 istis
2594 1957 2859 2020 misellis
2890 1965 2959 2019 et

750 2057 1113 2120 semidoctis
1150 2058 1491 2122 Monachis
1531 2066 1947 2143 opponerent.
2041 2060 2399 2143 Quisquam
2442 2066 2515 2122 ut
2559 2059 2696 2123 haec
2736 2059 2958 2123 credat

755 2162 1168 2226 Carthasiano
1214 2185 1331 2246 pro
1382 2163 1814 2227 Cartha-sienis
1864 2164 2014 2241 suiS,
2046 2173 2272 2228 contra
2322 2164 2723 2226 Consiliarios
2770 2164 2959 2245 Reqis

750 2265 1135 2329 mentienti?

841 2371 900 2430 1.
948 2367 1184 2432 Credat
1217 2388 1370 2451 ergo
1400 2377 1467 2432 et
1495 2368 1626 2449 illa,
1660 2391 1800 2452 quae
1830 2370 1899 2433 in
1931 2370 2156 2433 eodem
2185 2368 2380 2433 librob
2409 2369 2648 2451 ubique
2680 2377 2954 2448 scatent,

748 2472 1102 2536 mendacia.
1194 2473 1295 2537 De
1336 2495 1453 2538 suo
1487 2473 1578 2537 ibi
1611 2473 1887 2558 quodam
1919 2474 2415 2551 Commonaeho,
2448 2473 2558 2556 qui
2587 2473 2958 2556 peregrina·

748 2585 854 2640 tus
895 2577 967 2640 in
1015 2584 1255 2641 terram
1304 2585 1613 2656 sanctam,
1660 2585 1876 2659 captus
1925 2579 2014 2640 ibi
2062 2578 2140 2640 ab
2184 2578 2497 2660 Ayarenis
2547 2584 2666 2655 est,
2715 2581 2957 2641 carceri

750 2683 1040 2762 traditus,
1085 2682 1390 2765 postridie
1442 2683 1684 2746 scilicet
1728 2684 2094 2746 occidendus
2119 2711 2137 2744 .·
2208 2682 2340 2761 ubi,
2394 2703 2542 2746 cum
2590 2683 2954 2766 Imaginem

751 2787 1073 2869 quandam
1104 2787 1286 2851 Divoe
1321 2787 1680 2849 Catharinae
1713 2786 1783 2848 in
1819 2785 2064 2848 aedibus
2106 2786 2238 2848 suis
2274 2785 2559 2868 paternis
2588 2787 2953 2868 cogitasset,

752 2912 1021 2974 eamque
1051 2892 1285 2954 crebris
1326 2892 1615 2972 suspiriis
1649 2911 1772 2970 pro
1813 2891 2173 2953 liberatione
2215 2890 2577 2967 invocasset,
2611 2911 2685 2954 ac
2714 2892 2781 2952 in
2810 2912 2956 2972 sup·

744 2995 1081 3073 plicatione
1121 2994 1234 3055 illa
1273 3014 1388 3055 sua
1430 2993 1749 3056 incidisset
1788 2995 1856 3055 in
1888 3013 2205 3065 somnum3
2251 2994 2568 3075 eviyilans,
2616 2995 2849 3056 invenit
2891 3016 2958 3057 se

752 3097 818 3158 in
847 3098 1138 3177 paternis
1181 3096 1418 3159 cedibus
1465 3102 1608 3158 ante
1654 3098 1984 3179 imayinem
2027 3098 2202 3158 illam
2248 3096 2479 3174 sedere,
2498 3117 2621 3177 per
2659 3099 2956 3160 immensa

750 3200 946 3262 maris
990 3205 1050 3261 et
1102 3205 1413 3262 tem-aram
1461 3201 1670 3280 spatia
1706 3200 1907 3262 sabito
1953 3201 2343 3277 translatum,
2376 3220 2498 3262 non
2546 3200 2679 3262 sine
2719 3202 2955 3284 grandi

754 3302 1074 3365 mirac-alc.

838 3408 901 3469 2.
950 3403 1274 3469 Grandius
1303 3406 1465 3470 illud
1494 3414 1737 3470 tamen.
1827 3406 2126 3471 Eundem
2152 3428 2404 3490 quoque
2428 3406 2673 3490 Tynzbi
2703 3416 2955 3489 raptum

751 3511 1015 3592 quodam
1058 3516 1327 3591 tempore
1359 3513 1426 3574 in
1464 3512 1864 3588 Paradisum,
1916 3511 2021 3573 ubi
2071 3511 2310 3573 audivit
2353 3510 2540 3573 verba
2588 3512 2955 3594 ineffabilia,

760 3614 1007 3696 (eadem
1066 3614 1508 3697 proculdubiO,
1559 3636 1702 3699 quae
1755 3615 2017 3696 Paulus)
2074 3615 2288 3694 etiam,
2343 3615 2515 3697 quod
2567 3615 2768 3678 Paulo
2822 3639 2958 3681 non

751 3718 994 3796 datum,
1046 3719 1270 3781 multos
1320 3718 1407 3780 ibi
1457 3719 1708 3800 aqnovit
1742 3716 2104 3798 familiares
2151 3717 2296 3778 olim
2341 3736 2502 3778 suos.
2603 3716 2689 3779 Et
2735 3719 2958 3782 scribit

756 3821 871 3902 (ait
902 3821 1284 3904 Cardinalis)
1320 3843 1393 3884 ea
1425 3821 1643 3903 quibus
1686 3819 1974 3900 interfuit
1994 3846 2013 3881 .·
2063 3819 2174 3902 qui
2217 3819 2435 3901 raptui
2476 3824 2697 3883 tamen
2746 3821 2844 3884 illi
2887 3824 2958 3885 in

752 3925 1126 3989 Paradisum
1163 3926 1400 4008 (eredo)
1434 3948 1567 3990 non
1599 3926 1939 3990 interfuitc.

814 4119 839 4147 ²
874 4111 1035 4176 [Vide
1053 4111 1339 4162 Academiae
1351 4113 1558 4163 Cantab.
1574 4112 1806 4162 determi-
1893 4116 1999 4162 tom
2035 4112 2108 4161 iii.
2131 4127 2215 4176 pp.
2242 4111 2354 4171 775,
2379 4111 2517 4175 776.]

748 4179 1006 4227 nationem
1024 4177 1260 4227 adversus
1274 4182 1621 4241 suprematum
1640 4177 1803 4240 Papae.
1959 4175 1982 4207 b
2015 4177 2209 4242 [Passio
2237 4177 2379 4225 xviii.
2414 4176 2866 4228 carthusianorum
2903 4179 2958 4229 in

750 4242 902 4292 wilk.
930 4242 1077 4292 Conc.
1103 4247 1222 4292 tom.
1243 4243 1315 4291 iii.
1376 4257 1422 4306 p.
1441 4244 1553 4302 771,
1576 4244 1638 4293 77
1642 4241 1716 4305 2.]
1895 4241 2069 4304 Regno
2091 4241 2296 4302 Anglioe
2334 4243 2442 4303 (per
2471 4241 2772 4293 Mam-itiam
2798 4244 2961 4294 Chan-

815 4315 836 4336 ·
862 4306 1024 4369 [Vide
1041 4306 1306 4357 protestat.
1324 4258 1474 4356 gniv.
1496 4306 1657 4356 Oxou.
1674 4306 1806 4370 quod
1892 4308 2007 4369 ney)
2032 4307 2166 4370 apud
2183 4306 2375 4356 Histor.
2389 4307 2586 4370 aliquot
2601 4310 2765 4358 nostri
2782 4309 2960 4359 saeculi

750 4370 1005 4420 Romanus
1034 4370 1196 4433 Episc.
1238 4386 1341 4420 non
1378 4372 1532 4421 habet
1564 4372 1807 4435 majorem
1892 4375 2187 4433 martyrum.
2237 4371 2324 4420 Mo
2394 4375 2469 4420 nt.
2531 4372 2705 4436 1550.]
2758 4388 2869 4438 cap.
2911 4375 2956 4427 7.

748 4436 971 4497 aliquam
985 4434 1240 4497 jurisdict.
1272 4436 1372 4484 sibi
1394 4451 1424 4486 a
1441 4437 1548 4487 Deo
1571 4436 1805 4486 collatam
1893 4435 2076 4486 Guliel.
2101 4436 2312 4499 Tynzbi.
2365 4435 2447 4484 fol.
2473 4438 2676 4501 xxxiva]

748 4499 805 4547 in
848 4498 943 4546 hoc
984 4512 1139 4560 regno
1184 4499 1402 4562 Angliae,
1447 4517 1596 4564 quam
1644 4502 1809 4562 quivis
1959 4509 1978 4531 ⁶
2013 4500 2132 4566 Cap.
2147 4501 2340 4553 eodem.
2377 4502 2488 4565 [sol.
2516 4517 2670 4553 xxxv.
2689 4500 2758 4566 a]

690 4591 693 4596 >
746 4563 1125 4612 aliusextemus
1136 4563 1806 4626 Episcopus.—Wilk,Couc.
