3165 4959
694 268 822 336 '258
1323 287 1408 334 An
1453 287 1836 336 cumminas
1879 288 2276 336 summm

827 456 984 492 unum
1000 456 1182 505 corpus
1201 442 1376 503 simus,
1392 441 1486 492 hoc
1502 442 1705 503 sufficit,
1721 448 1781 493 ut
1793 445 1853 494 de
1867 458 1969 493 uno
1987 437 2117 508 pan'e
2136 440 2729 508 participemua—[Bell.
2749 439 2903 503 Apol.

827 537 920 587 pro
942 522 1111 588 Resp]
1134 538 1181 587 p.
1200 524 1310 574 103.
1334 523 1467 588 [Op.,
1489 528 1611 574 tom.
1637 525 1723 574 vii.
1747 524 1839 575 eol.
1857 526 1885 577 7
1890 527 1967 575 62.
1986 524 2070 589 D.]

784 622 876 685 At
892 623 1089 702 paulo
1119 619 1290 703 2⁶⁷4er
1320 621 1575 699 dicitur,
1607 623 1806 686 Unum
1837 643 2059 705 corpus
2088 643 2319 698 sumus,
2351 622 2458 703 qui
2489 622 2566 683 de
2593 641 2713 683 uno
2729 640 2902 701 pane

685 726 1148 806 participamus
1167 750 1193 799 ,-
1244 745 1437 806 neque
1467 726 1543 788 de
1579 727 1787 789 Calice
1818 727 2063 809 aliquid
2086 726 2357 789 addidit.
2452 725 2582 788 Sed
2611 732 2677 788 et
2704 726 2901 805 paulo

697 829 908 894 adhuc
938 828 1203 911 inferius
1232 829 1347 893 ubi
1389 831 1534 913 plus
1581 832 1918 908 momenti,
1961 832 2132 912 (cum
2174 851 2252 893 ex
2296 829 2583 912 professo
2619 837 2768 910 agat
2805 829 2901 892 ibi

699 933 779 995 de
809 931 1232 1010 Eucharistia,
1265 953 1402 1014 cap.
1435 933 1545 1015 xi.)
1598 933 1833 1016 septies
1880 934 2136 995 calicem
2177 931 2427 994 addidit
2465 934 2669 1012 pani3
2719 932 2902 1013 quasi

696 1057 833 1099 non
864 1034 1155 1112 sufficiat,
1185 1041 1259 1098 ut
1291 1033 1371 1098 de
1391 1056 1561 1116 pane
1592 1036 1728 1099 solo
1756 1034 2235 1118 participemus.
2327 1035 2415 1096 Et
2444 1033 2675 1110 adhuc,
2703 1034 2902 1114 paulo

697 1136 979 1218 inferius,
1010 1138 1233 1199 Omnes
1261 1157 1374 1199 nos
1403 1137 1560 1201 dicit
1592 1138 1944 1219 baptizatos
1972 1139 2040 1199 in
2068 1157 2190 1199 uno
2221 1136 2488 1217 Spiritu,
2511 1142 2572 1198 et
2603 1156 2808 1197 omnes
2836 1137 2905 1196 in

697 1262 819 1304 uno
845 1241 1089 1322 Spiritu
1104 1245 1363 1322 potatos
1379 1238 1415 1305 s.
1514 1243 1760 1305 Omnes
1783 1242 2097 1324 (inquam)
2125 1245 2402 1322 potatos„
2431 1260 2555 1303 nec
2586 1239 2666 1302 de
2696 1248 2902 1323 pastu,

698 1347 800 1410 vel
819 1367 1008 1426 pane,
1041 1346 1287 1427 aliquid
1326 1346 1597 1409 addidit.
1689 1348 1832 1410 Nec
1863 1367 1940 1409 ea
1967 1351 2188 1409 tamen
2216 1344 2488 1408 fortasse
2516 1345 2701 1422 ratiO,
2736 1344 2905 1427 quod

701 1449 899 1533 aliqui
942 1471 981 1513 a
1021 1469 1207 1532 pane,
1256 1470 1294 1512 a
1337 1449 1469 1513 vini
1514 1449 1723 1531 specie
1767 1450 1925 1511 nulli
1973 1469 2040 1511 se
2085 1447 2493 1510 abstinebant.
2585 1448 2905 1529 Denique,

699 1553 800 1617 vel
829 1575 905 1617 eo
934 1553 1074 1636 ipso
1099 1552 1456 1616 Cardinalis
1484 1553 1648 1630 loc0,
1680 1558 1993 1615 notarunt
2018 1550 2453 1615 Lovanienses
2483 1549 2556 1612 in
2586 1551 2905 1633 margine,

699 1657 770 1720 in
792 1656 1286 1740 Exemplaribus
1304 1656 1691 1738 quibusdam
1724 1655 1979 1739 apponi,
2013 1656 2100 1718 Et
2121 1654 2198 1716 dc
2226 1673 2348 1716 ano
2372 1654 2564 1716 calice
2582 1663 2627 1715 ⁸.
2693 1654 2910 1736 AEque

701 1761 875 1823 enim
922 1780 1062 1823 uvae
1110 1759 1335 1822 multae
1388 1758 1471 1822 ad
1529 1759 1795 1822 calicem
1856 1778 2062 1820 unum
2109 1764 2536 1833 concurrunt,
2583 1778 2659 1819 ac
2707 1778 2910 1839 grana

700 1862 907 1924 multa
945 1861 1029 1923 ad
1068 1881 1319 1943 panem.
1415 1861 1813 1942 Synecdoclte
1842 1859 2186 1943 utrobique
2216 1867 2336 1937 est,
2369 1868 2435 1923 et
2471 1866 2745 1942 utraque
2787 1859 2907 1922 sub

698 1986 830 2028 una
873 1963 1117 2047 species
1160 1962 1566 2047 intelligitur.
1660 1965 1882 2047 Atque
1929 1964 2004 2041 si,
2049 1970 2125 2026 ut
2164 1983 2366 2026 unum
2407 1983 2636 2044 corpus
2683 1962 2906 2039 simus,

702 2066 1067 2149 requiritur,
1115 2072 1189 2128 ut
1241 2086 1442 2148 pane:
1505 2072 1580 2128 ut
1627 2087 1797 2129 unus
1846 2066 2106 2149 spiritus
2158 2066 2376 2144 simne,
2424 2073 2489 2128 et
2540 2065 2607 2127 id
2657 2086 2910 2149 quoque

700 2168 1064 2252 requiritur,
1095 2175 1170 2232 ut
1200 2190 1331 2232 uno
1362 2167 1557 2231 calice
1588 2167 2064 2251 participemus,

764 2304 954 2355 Scribit
977 2305 1028 2353 S.
1044 2303 1145 2354 Leo
1168 2303 1270 2353 Ser.
1286 2303 1352 2353 iv.
1377 2302 1440 2352 de
1458 2301 1867 2365 Quadragesima.
1883 2338 1896 2351 .
1913 2338 1927 2352 .
1945 2337 1958 2349 .
1979 2302 2284 2360 Manicheos,
2309 2306 2368 2351 ut
2384 2302 2560 2352 Romae
2583 2317 2613 2352 a
2636 2302 2911 2352 Catholicis

829 2386 1106 2435 internosci
1131 2399 1237 2435 non
1257 2388 1477 2450 possent,
1499 2384 1676 2434 solitos
1699 2399 1813 2433 cum
1839 2382 2115 2434 Catholicis
2138 2397 2320 2449 panem
2343 2382 2675 2433 Eucharistiae
2696 2398 2911 2444 sumere,

839 2483 871 2519 a
886 2467 1039 2518 calice
1054 2482 1169 2518 vero
1188 2466 1296 2533 [leq.
1310 2465 1501 2531 autem]
1515 2463 1810 2517 abstinax-eh.
1848 2464 1991 2523 Quod
2008 2465 2051 2515 si
2068 2465 2402 2515 necessarium
2419 2464 2595 2514 fuisset
2609 2481 2667 2515 eo
2683 2469 2912 2529 tempore

840 2548 1209 2599 Eucharistlam
1231 2549 1324 2598 sub
1340 2552 1551 2611 utraque
1569 2548 1733 2611 specie
1756 2562 1968 2606 sumere,
1993 2551 2045 2596 et
2062 2561 2237 2596 omnes
2257 2546 2430 2597 fideles
2452 2561 2563 2597 eam
2586 2547 2678 2597 sub
2701 2552 2913 2611 utraque

840 2631 1006 2695 specie
1021 2667 1034 2680 .
1054 2666 1067 2680 .
1082 2630 1404 2693 accepissent,
1427 2643 1592 2693 neque
1617 2628 1889 2678 Manichaei
1911 2628 2068 2678 latere
2089 2628 2389 2691 potuissent,
2411 2630 2499 2691 qui
2521 2643 2552 2677 a
2571 2629 2693 2677 vino
2713 2643 2914 2692 semper

838 2711 1161 2762 abstinebant
1174 2728 1187 2772 ;
1231 2714 1283 2761 et
1319 2709 1368 2761 S.
1387 2709 1722 2774 Epiphanius,
1744 2713 1797 2759 et
1822 2708 1872 2759 S.
1895 2709 2217 2771 Augustinus
2248 2709 2385 2759 inter
2418 2724 2608 2759 errores
2643 2709 2915 2759 Manichae-

839 2807 981 2843 orum
1005 2797 1366 2852 numerassent,
1382 2791 1754 2841 Eucharistiam
1776 2775 1972 2840 sumere
1994 2789 2088 2839 sub
2110 2805 2212 2841 una
2232 2790 2630 2855 specie—[Bell.
2646 2790 2797 2854 Apol.
2822 2806 2914 2855 pro

840 2872 1014 2937 Resp]
1049 2888 1097 2938 p.
1123 2874 1234 2922 104.
1269 2871 1402 2937 [Op.,
1420 2877 1542 2923 tom.
1561 2873 1650 2922 vii.
1673 2872 1785 2922 coll.
1805 2872 1915 2924 762.
1936 2871 1999 2921 D.
2019 2872 2129 2922 763.
2155 2870 2241 2935 A.]

389 2976 680 3055 [ismicpaei
795 2968 859 3029 A
886 2968 1211 3030 Nazaraeis
1260 2966 1437 3044 abe0,
1495 2968 1677 3050 (quos
1723 2966 1828 3029 vix
1880 2973 2103 3028 tamen
2152 2964 2456 3028 credibile
2508 2971 2624 3043 est,
2664 2966 2915 3031 Troade

387 3056 641 3155 {ffiffim
707 3066 901 3131 fuisse
961 3068 1219 3147 multos,
1281 3068 1383 3131 vel
1436 3068 1781 3150 Corinthi.)
1909 3069 2159 3150 Sequor
2210 3067 2643 3146 cardinalem,
2705 3070 2816 3150 qui
2877 3093 2919 3133 a

386 3171 531 3218 ristia
552 3183 603 3218 ΒΘ
711 3171 753 3232 J
756 3171 953 3234 udaeis
990 3172 1128 3255 jam
1166 3171 1421 3249 transit,
1463 3172 1546 3234 ad
1586 3172 1945 3235 Haereticos
1977 3172 2376 3236 Manichaeos
2405 3197 2418 3234 :
2468 3173 2532 3239 id
2569 3180 2808 3252 autem,
2840 3184 2920 3238 ut

387 3248 587 3346 ἓξὲξ.
709 3294 831 3336 non
868 3273 1137 3355 defixisse
1164 3274 1285 3335 sibi
1315 3273 1539 3336 doceat
1570 3275 1807 3336 Patres
1844 3275 1912 3335 in
1950 3280 2154 3338 vetere
2182 3275 2491 3338 Ecclesia.
2582 3276 2675 3339 Hi
2703 3297 2920 3359 neque

385 3360 544 3426 bant]
711 3377 931 3441 vinum
974 3376 1304 3455 bibebant,
1338 3397 1417 3439 ex
1459 3376 1690 3439 haeresi
1733 3398 1864 3440 sua.
1954 3377 2113 3440 Non
2157 3383 2379 3441 tamen
2424 3378 2840 3443 abstinebant
2878 3402 2921 3443 a

713 3481 947 3544 Calice.
1038 3480 1214 3543 Nam
1244 3479 1314 3542 in
1346 3478 1757 3542 Eucharistia
1785 3479 2044 3561 sanguis
2063 3487 2201 3542 erat
2233 3501 2469 3558 metue,
2502 3502 2636 3544 non
2666 3482 2918 3558 vinum,

711 3590 778 3645 et
803 3581 1058 3664 (amissa
1080 3583 1217 3665 jam
1248 3580 1380 3643 vini
1410 3581 1669 3661 natura)
1697 3582 1954 3662 sanquis
1976 3581 2297 3661 Principis
2328 3583 2502 3659 lucis,
2532 3604 2666 3646 non
2696 3590 2920 3647 autem

722 3685 819 3766 (ut
862 3705 1010 3747 cum
1041 3683 1261 3746 vinum
1299 3684 1489 3766 esset)
1524 3683 1780 3763 sanquis
1812 3682 2135 3762 Principis
2164 3683 2554 3745 tenebrarum
2570 3683 2605 3747 i.
2683 3684 2789 3748 Sic
2819 3684 2924 3748 illi

789 3832 805 3862 ¹
835 3835 862 3881 1
889 3832 1000 3882 Cor.
1022 3833 1112 3880 xii.
1138 3833 1217 3883 13.
1857 3831 1971 3881 ideo
1992 3836 2172 3882 vestrae
2189 3836 2365 3881 notum
2388 3834 2599 3883 facimus
2614 3836 2924 3895 sanctitati,''

777 3906 801 3937 ⁸
837 3897 928 3961 [In
951 3900 978 3946 1
998 3897 1107 3946 Cor.
1123 3913 1174 3945 κ.
1194 3898 1269 3948 17.
1294 3896 1427 3960 apud
1447 3896 1579 3946 Bibl.
1605 3896 1768 3957 Sacra,
1855 3905 1950 3945 etc.
1986 3899 2046 3945 ut
2088 3897 2143 3945 in
2184 3901 2326 3945 textu
2365 3913 2478 3961 pag.
2519 3900 2736 3962 seq—S.
2760 3898 2920 3949 Leon.

712 3962 869 4010 Antv.
891 3959 1055 4023 1583]
1857 3960 2015 4010 Serm.
2052 3961 2161 4010 xlii.
2209 3961 2336 4011 Ball.
2379 3964 2461 4025 (al.
2493 3964 2583 4012 xli.
2628 3963 2690 4013 de
2729 3963 2921 4020 Quadr.

778 4024 801 4056 '¹
836 4025 889 4090 [“
912 4027 1140 4087 Cumque
1165 4024 1230 4075 ad
1253 4025 1522 4088 tegendam
1556 4025 1769 4075 infideli·
1856 4025 1942 4083 ir.)
1978 4040 2084 4088 cap.
2113 4040 2158 4074 v.
2200 4025 2309 4087 Op„
2343 4031 2466 4076 tom.
2492 4027 2525 4076 i.
2557 4028 2648 4077 col.
2669 4029 2781 4077 161.
2855 4027 2922 4077 In

711 4094 870 4140 tatem
894 4104 1034 4139 suam
1059 4090 1244 4138 nostris
1275 4090 1495 4139 audeant
1529 4090 1769 4139 interesse
1855 4088 1993 4138 Edit.
2037 4089 2271 4139 Ballerin.
2296 4092 2447 4141 verba
2481 4090 2704 4141 ‘Notati
2724 4098 2771 4140 et
2797 4108 2924 4155 pro—

710 4155 1055 4214 oonventibus,
1107 4155 1183 4204 ita
1235 4155 1291 4203 in
1345 4159 1769 4204 sacramentorum
1857 4153 1989 4212 diti,’
2021 4169 2135 4217 quse
2207 4157 2343 4205 ostea
2376 4156 2432 4205 in
2464 4159 2611 4205 textu
2633 4162 2922 4217 occurrunt,

712 4219 1065 4268 communione
1098 4233 1150 4266 se
1187 4222 1490 4281 temperant,
1526 4222 1584 4267 ut
1620 4219 1770 4267 inter·
1855 4219 2176 4268 omittuntur.

711 4281 850 4340 dum,
892 4297 955 4331 ne
994 4283 1196 4345 penitus
1233 4284 1388 4332 latere
1424 4297 1524 4332 non
1558 4283 1769 4346 possint,
1923 4280 1935 4313 ¹
1970 4281 2022 4346 [“
2046 4282 2169 4339 Quae
2191 4286 2335 4332 tanta
2350 4285 2601 4346 perversio
2623 4287 2714 4343 est,
2738 4284 2923 4334 vinum

712 4361 794 4394 ore
817 4346 1030 4407 indigno
1066 4345 1256 4396 Christi
1282 4348 1474 4410 Corpus
1506 4348 1771 4410 accipiant,
1858 4351 2035 4460 gutare
2079 4347 2146 4395 fel
2194 4348 2440 4412 principis
2487 4349 2924 4399 tenebrarum.”——

712 4409 1018 4470 Sanguinem
1057 4415 1226 4459 autem
1270 4410 1633 4475 redemptionis
1666 4425 1774 4459 nos·
1899 4447 1910 4459 .
1936 4412 2067 4474 Aug.
2092 4411 2154 4461 de
2190 4411 2418 4460 Moribus
2453 4412 2674 4464 Manich.
2699 4419 2818 4463 sect.
2839 4417 2923 4463 44.

710 4477 804 4518 tras
834 4471 1034 4521 haurire
1058 4475 1265 4533 omnino
1288 4474 1558 4525 declinent.
1627 4475 1772 4532 Quod
1863 4475 1973 4539 Op,
1995 4481 2118 4526 tom.
2143 4476 2174 4524 i.
2200 4477 2294 4526 ool.
2319 4479 2461 4527 1182.
2484 4476 2569 4540 A.]
