3165 4959
927 1041 1032 1105 An
1079 1043 1296 1106 CAPUT
1339 1041 1772 1105 UNDncmtm.
2565 1041 2695 1103 238

406 1253 481 1302 De
506 1253 677 1303 Enoch
699 1260 752 1304 et
774 1253 901 1304 Elia.
970 1254 1118 1320 [Bell.
1143 1256 1290 1319 Apol.
1308 1271 1400 1320 pro
1424 1255 1570 1319 Resp.
1597 1256 1689 1319 Op.
1715 1259 1837 1305 tom.
1860 1255 1946 1304 vii.
1969 1255 2060 1305 001.
2088 1255 2196 1305 783.
2221 1252 2312 1315 Α]

1051 1389 1148 1451 De
1177 1390 1397 1452 Enoch
1428 1395 1489 1452 et
1517 1390 1693 1451 Elia.

1154 1633 1559 1643 ——-——

323 1818 444 1868 Non
479 1833 589 1867 eam
623 1817 817 1882 primus
852 1819 1177 1881 excogitavit,
1199 1818 1285 1869 sed
1320 1833 1351 1868 a
1373 1854 1386 1868 .
1411 1855 1423 1867 .
1450 1855 1461 1866 .
1488 1816 1630 1868 Beda
1658 1816 2175 1884 desumpsit-[Bell.
2202 1815 2349 1880 Apol.
2371 1830 2465 1880 pro

387 1899 554 1963 Resp]
577 1915 624 1963 p.
651 1900 759 1949 140.
784 1899 915 1965 [Op.,
938 1904 1062 1949 tom.
1086 1900 1174 1949 vii.
1199 1899 1290 1949 001.
1318 1900 1427 1951 783.
1454 1896 1530 1963 0.]

341 2005 427 2068 'IN
476 2006 850 2072 Quaestione
894 2007 971 2069 de
1015 2007 1248 2070 duobus
1283 2007 1581 2085 Testibus‚
1626 2007 1853 2070 saltem
1894 2007 2018 2071 hoc
2060 2007 2260 2071 habet
2299 2008 2459 2085 Rex,
2510 2026 2607 2084 Qui
2630 2028 2736 2075 sint

257 2109 358 2172 vel
388 2130 464 2172 ex
496 2130 603 2172 ore
632 2110 832 2193 ipsius
865 2110 1246 2188 cardinalis,
1277 2132 1361 2174 ne
1392 2132 1507 2193 pro
1537 2110 1859 2173 Novatore
1886 2111 2220 2189 habeatur,
2247 2119 2323 2174 ut
2354 2110 2465 2194 qui
2524 2106 2587 2141 ¹²⁰
2600 2086 2795 2157 mm]

260 2234 398 2274 non
433 2233 550 2276 suo
587 2213 667 2276 de
711 2213 973 2277 cerebro
1016 2214 1145 2276 ista
1187 2212 1589 2292 confinxerit,
1622 2213 1735 2277 sed
1763 2214 2011 2278 Bedam
2056 2222 2314 2279 secutus
2358 2214 2461 2278 sit.

263 2316 393 2381 Qui
422 2316 556 2399 ipse
587 2316 768 2380 Beda
805 2338 938 2380 non
982 2318 1356 2399 eoecoyitarit
1387 2325 1629 2394 tamen,
1660 2338 1781 2381 nec
1817 2317 1897 2381 de
1942 2339 2012 2381 se
2054 2318 2181 2382 ista
2210 2318 2463 2393 dixerit,

263 2419 377 2483 sed
415 2420 751 2490 Ticonium
798 2428 1058 2485 secutus
1105 2421 1209 2485 sit.
1306 2422 1494 2503 (lajas
1524 2421 1769 2503 quidem
1803 2421 2104 2484 Auctoris
2147 2428 2208 2486 et
2250 2442 2363 2485 nos
2401 2423 2469 2483 in
2509 2495 2513 2500 ,

263 2526 379 2587 hoc
418 2545 598 2606 opere
647 2544 892 2587 sensum
937 2525 1135 2587 secuti
1152 2534 1197 2587 ⁸.
1286 2526 1662 2603 Auctorem,
1706 2545 1742 2587 e
1784 2530 2017 2604 septem
2059 2526 2292 2606 reyulis
2336 2524 2469 2586 suis

263 2629 418 2692 satis
459 2627 800 2711 insignem,
840 2648 1030 2711 quem
1076 2635 1142 2691 et
1185 2628 1257 2690 in
1302 2627 1441 2690 aliis
1488 2648 1610 2691 nec
1649 2628 2060 2710 Augustinus
2104 2629 2243 2711 ipse
2288 2628 2470 2710 sequi

264 2731 349 2795 sit
381 2730 783 2814 dedignatus.
874 2732 961 2794 Et
992 2751 1141 2794 vero
1172 2730 1368 2793 etiam
1396 2729 1468 2793 in
1497 2730 1620 2793 hac
1648 2731 1790 2814 ipsa
1817 2731 2371 2814 interpretatione,
2398 2737 2472 2793 ut

262 2835 335 2897 in
392 2834 472 2896 iis
534 2833 1032 2897 Commentariis
1093 2832 1389 2916 legimus,
1444 2853 1589 2916 quae
1637 2833 1814 2897 inter
1868 2833 2225 2916 Augustini
2284 2854 2476 2916 opera

265 2935 622 3000 habentur:
668 2935 795 2998 nisi
831 2957 1002 2999 unus
1038 2935 1338 3018 idemque
1370 2935 1479 2999 hie
1515 2936 1766 2999 Auctor
1807 2936 1916 3015 sit,
1945 2936 2070 2999 alio
2112 2943 2306 3019 atque
2348 2935 2474 2999 alio

260 3040 543 3103 nomine.
630 3038 1063 3122 Apocalypsin
1088 3039 1348 3121 quidem
1373 3044 1433 3101 et
1456 3039 1759 3102 vivaciter
1776 3039 2105 3116 intellexit,
2127 3045 2187 3102 et
2208 3039 2479 3102 veridice

259 3143 440 3218 satis,
471 3141 903 3222 Catholiceque
934 3140 1227 3202 disseruit
1244 3138 1292 3203 ¹².
1383 3140 1642 3203 Duobus
1670 3140 1969 3218 Testibus,
1989 3139 2057 3203 id
2087 3147 2207 3219 est,
2244 3140 2479 3203 duobus

269 3244 678 3307 Testamentis
695 3252 739 3304 ⁰.
802 3242 909 3306 Sic
938 3243 1367 3326 Augustinus,
1400 3243 1521 3316 Qui
1548 3249 1742 3320 stant,
1776 3243 1887 3322 ait,
1919 3265 2041 3306 non
2069 3245 2175 3326 qui
2203 3245 2477 3323 stabunt,

265 3398 280 3412 .
335 3396 350 3410 .
402 3397 417 3411 .
464 3353 527 3410 et
556 3347 782 3410 habent
812 3348 924 3424 ait,
955 3367 1076 3409 non
1106 3347 1430 3410 habebunt.
1515 3348 1658 3410 Hoc
1687 3347 1825 3410 ideo
1857 3348 2032 3426 dicit,
2065 3349 2212 3429 quia
2244 3354 2482 3429 tempus

263 3452 435 3534 quod
459 3470 621 3513 nunc
666 3450 897 3531 agitur,
928 3450 1306 3532 siymficavit
1320 3448 1364 3513 d.
1457 3451 1760 3532 Tempus,
1795 3450 1968 3533 quod
2007 3472 2182 3514 nune
2228 3451 2476 3533 agitur:

261 3576 400 3618 non
460 3554 614 3616 olim
662 3562 908 3636 agetur,
962 3574 1038 3616 ex
1096 3560 1316 3616 mente
1360 3552 1746 3617 CardinaliS.
1837 3555 1925 3617 Et
1985 3574 2064 3616 ex
2111 3553 2479 3635 Augustino

264 3655 637 3719 Primasius.
707 3655 964 3718 Duobus
993 3655 1295 3719 Testibus.
1367 3655 1550 3727 Quod
1574 3662 1666 3718 est
1698 3657 1858 3718 enim
1887 3656 2181 3732 Joannes,
2213 3658 2329 3718 hoc
2359 3655 2479 3718 duo

264 3766 473 3839 testes,
504 3761 578 3823 id
618 3766 731 3837 est,
763 3760 1055 3823 Ecclesia
1101 3759 1335 3822 duobus
1386 3759 1794 3822 Testamenti-s
1825 3760 2188 3840 praedicans
2232 3766 2293 3822 et
2323 3780 2478 3840 pro-

253 3867 550 3946 phetans.
641 3864 729 3926 Et
783 3863 1028 3942 habent,
1075 3862 1186 3941 ait,
1240 3883 1363 3926 non
1415 3863 1741 3941 habebunt,
1789 3869 2086 3944 tanquam
2138 3862 2316 3924 modo
2360 3879 2482 3926 non

265 3968 555 4031 habeant.
647 3969 734 4031 Et
764 3974 930 4049 post.
1024 3967 1301 4029 Proinde
1343 3966 1511 4048 quod
1537 3986 1660 4028 non
1696 3962 2049 4046 defuturis,
2080 3964 2195 4026 sed
2220 3965 2296 4026 de
2312 3984 2481 4044 proe-

263 4070 543 4134 sentibus
565 4072 840 4152 loquitur
864 4071 1092 4148 dicens,
1121 4070 1245 4132 ‘Hi
1266 4076 1412 4133 sunt
1439 4118 1453 4131 .
1479 4118 1493 4132 .
1519 4118 1532 4132 .
1561 4069 1682 4132 duo
1712 4068 2145 4132 candelabra&
2174 4115 2190 4129 .
2227 4115 2241 4129 .
2273 4116 2286 4129 .
2308 4067 2488 4138 Quod

334 4247 359 4269 ⁸
391 4239 510 4288 Bed.
532 4239 717 4302 Prolog
750 4240 805 4288 in
826 4239 1031 4302 Apooel.
1053 4238 1188 4304 [Op.,
1206 4243 1328 4288 tom.
1418 4239 1618 4302 positio,
1668 4237 1912 4287 'richonio
1946 4237 2098 4298 vulgo
2149 4237 2360 4297 tributa,
2411 4252 2482 4287 re-
2515 4287 2518 4290 ,

268 4321 317 4353 v.
337 4304 428 4353 001.
455 4303 587 4368 763.]
1419 4318 1536 4352 vera
1568 4318 1633 4352 ex
1661 4302 1932 4361 Victorini,
1956 4302 2205 4360 Tichonii,
2231 4302 2480 4361 Primasii,

338 4367 362 4400 δ
398 4369 528 4418 lbid.
1423 4367 1591 4420 Bedae,
1629 4367 1941 4429 aliorumque
1985 4367 2362 4417 commentariis
2404 4377 2481 4416 est

338 4442 358 4465 ²
390 4432 964 4498 [Pseudo-Augustinus]
984 4432 1137 4484 Hom.
1152 4433 1259 4482 viii.
1278 4433 1334 4482 in
1420 4431 1982 4483 consarcinata—Vide
2015 4432 2165 4482 Cavei
2207 4431 2355 4481 nist·
2379 4432 2478 4482 hit.

271 4499 432 4561 Apoc.
500 4498 635 4562 apud
680 4498 731 4549 S.
772 4499 905 4561 Aug.
947 4498 1057 4612 Olp„
1097 4503 1218 4548 tom.
1259 4498 1332 4546 iii.
1423 4502 1545 4546 tom.
1570 4498 1603 4546 i.
1628 4512 1677 4560 p.
1697 4495 1830 4559 29⁴1]

272 4566 459 4627 Appen
496 4601 508 4613 .
542 4563 634 4614 001.
662 4566 804 4617 3129.
834 4564 893 4613 D.
1024 4579 1097 4613 aec
1118 4579 1233 4613 vero
1257 4578 1336 4612 ex·
1487 4561 1509 4591 ‘¹
1545 4562 1698 4627 [lbid.
1733 4563 1825 4611 col.
1852 4564 1993 4613 3130.
2021 4563 2080 4612 A.
2106 4562 2190 4626 R]
