3165 4959
639 324 767 385 292
1264 337 1348 382 AD
1393 334 1775 389 csRmNAus
1816 332 2211 381 Bmsnmm

640 490 811 572 quod
840 492 1197 553 insusurrat
1240 490 1299 552 ei
1341 489 1544 572 quivis
1590 487 1928 570 transfuga
1943 515 1962 566 3
2012 487 2244 551 deinde
2291 487 2512 550 aculeo
2560 485 2852 562 dimiss0,

639 613 761 655 non
805 599 897 655 est
935 593 1241 655 sollicitus
1290 593 1366 654 de
1411 613 1500 670 re,
1550 612 1671 655 nec
1713 592 1802 653 ad
1846 593 2022 653 illum
2053 593 2353 672 pertinet,
2400 591 2482 653 de
2526 590 2697 666 laess,
2744 589 2858 651 vel

642 696 908 759 alterius
925 695 1134 776 fama,
1166 695 1265 759 vel
1278 696 1416 777 fide
1446 717 1579 758 sua.
1676 695 1782 757 Sic
1817 696 2040 758 Romae
2071 694 2395 772 scribitur,
2428 694 2519 755 sic
2546 693 2800 756 vivitur.

707 846 810 895 Hic
833 883 845 895 .
869 884 880 895 .
907 884 917 894 .
947 847 1051 896 Rex
1085 847 1260 896 eadem
1296 847 1405 896 luce
1438 808 1669 895 vei-itatis
1704 846 1909 908 negavit
1944 844 2241 894 Pontificem
2283 844 2567 893 Romanum
2607 844 2856 893 Ecclesia

776 929 1034 978 Universae
1059 945 1162 979 esse
1188 930 1531 988 Monet-eham,
1565 945 1664 992 qua
1694 929 1945 992 Spiritum
1976 929 2217 977 Sanctum
2249 927 2520 977 affirmavit
2541 962 2555 976 .
2578 964 2589 974 .
2613 963 2626 976 .
2652 927 2857 976 Christi

774 1010 1030 1059 vicarium
1055 1011 1402 1074 esse—[Bell.
1424 1012 1572 1074 Apol.
1600 1025 1690 1074 pro
1715 1009 1882 1074 Rasa]
1905 1025 1953 1073 p.
1977 1012 2080 1059 121.
2109 1010 2244 1073 [Op.‚
2267 1015 2387 1060 tom.
2409 1009 2498 1058 vii.
2521 1009 2614 1059 ool.
2629 1010 2740 1059 772.
2761 1007 2858 1070 1).]

347 1136 579 1185 Pontifex
729 1118 1104 1193 Monarcha,
1139 1125 1204 1180 et
1234 1118 1614 1180 Monarchia
1649 1117 1943 1179 Εεείεεὶω
1973 1138 2011 1179 a
2044 1116 2330 1178 Sandero
2371 1122 2543 1192 sunt,
2575 1122 2641 1177 et
2683 1117 2859 1177 San-

319 1200 612 1314 cssffaessffsp
646 1222 782 1284 deri
817 1230 1007 1301 patre
1039 1223 1323 1299 Diabolo,
1371 1244 1410 1283 a
1458 1221 1742 1284 tenebris
1794 1219 2132 1296 mendacii,
2180 1241 2312 1282 non
2359 1221 2493 1281 tuce
2537 1220 2855 1281 veritatis.

321 1327 542 1391 narem]
648 1325 948 1407 Namque
993 1325 1130 1388 haec
1159 1324 1401 1404 fumosi
1441 1325 1651 1404 typki⁸
1681 1323 1962 1398 nomina,
1995 1330 2061 1385 et
2094 1324 2221 1400 luz‘,
2255 1329 2321 1384 et
2363 1321 2525 1385 liber
2561 1322 2861 1383 veritatis

649 1428 951 1510 dispellit.
1057 1428 1269 1492 Quam
1320 1429 1514 1489 lucem
1555 1425 1915 1489 cardinalis
1968 1425 2023 1488 si
2069 1426 2294 1501 rideat,
2343 1424 2423 1487 ab
2470 1424 2620 1506 igne
2666 1423 2859 1487 fatuo

650 1529 923 1593 Sanderi
952 1530 1173 1592 lumen
1205 1529 1327 1592 sibi
1357 1527 1685 1604 accendat,
1719 1536 1912 1611 atque
1941 1529 2009 1589 in
2041 1548 2117 1591 eo
2149 1526 2456 1590 ambulet.

713 1671 842 1721 Cum
866 1671 1117 1721 ordinarie
1142 1671 1351 1720 inferior
1381 1670 1466 1731 sit,
1490 1671 1577 1732 qui
1606 1670 1813 1719 alterius
1839 1670 1973 1719 vices
1993 1670 2143 1732 gerit,
2166 1684 2226 1719 eo
2248 1669 2390 1731 cujus
2422 1670 2557 1718 vices
2586 1670 2736 1731 gerit,
2760 1706 2772 1718 .
2800 1706 2815 1718 .
2843 1706 2857 1719 .

778 1758 910 1803 certe
934 1756 976 1802 si
1001 1753 1220 1815 Spiritus
1250 1752 1462 1802 Sanctus
1488 1752 1681 1801 Christi
1714 1752 1848 1800 vices
1879 1752 2013 1813 gerit
2045 1752 2100 1798 in
2135 1750 2357 1799 Ecclesia
2386 1749 2619 1811 regenda,
2646 1749 2863 1801 Christo

778 1834 986 1883 inferior
1007 1833 1336 1897 erit—[Bell.
1361 1833 1509 1895 Apol.
1533 1847 1625 1895 pro
1651 1830 1818 1895 Resp.]
1840 1846 1887 1894 p.
1912 1834 2019 1880 121.
2044 1830 2177 1895 [Op.‚
2199 1836 2320 1880 tom.
2346 1831 2431 1880 vii.
2456 1832 2548 1879 eol.
2574 1831 2682 1882 772.
2709 1830 2796 1894 1).]

329 1943 575 2006 [Spiritus
734 1931 876 1994 Nee
916 1931 980 1993 id
1020 1951 1188 2012 aegre
1217 1930 1381 1993 feret
1412 1929 1794 2007 cardinalia,
1828 1930 1904 2007 si,
1936 1950 2082 1992 cum
2131 1929 2360 2011 Regna
2397 1929 2626 1991 mundi
2654 1950 2862 1993 nemo

322 2010 547 2068 Sanetus,
647 2055 818 2096 unus
847 2033 1235 2110 moderetur,
1266 2054 1457 2096 nemo
1480 2033 1887 2096 moderandis
1917 2054 2033 2115 par
2062 2032 2161 2110 sit,
2186 2053 2306 2096 nec
2335 2054 2539 2095 unum
2571 2032 2859 2115 aliquem

323 2087 609 2187 (ὲῗῖτιίιὲἕω
646 2157 865 2217 parem
905 2143 1207 2218 putemus
1239 2136 1674 2199 Ecclesiamm
1716 2137 1931 2218 (quam
1970 2135 2100 2197 late
2141 2142 2319 2217 patet
2359 2118 2553 2216 orbis)
2589 2136 2859 2198 univer-

326 2202 572 2314 3¹:33an
650 2239 828 2300 sitati
874 2238 1190 2320 regendae.
1285 2238 1354 2301 Si
1384 2238 1738 2315 Christum,
1773 2245 1839 2301 et
1893 2238 2003 2319 qui
2048 2259 2085 2299 a
2133 2238 2394 2301 Christo
2444 2238 2677 2300 missus
2728 2250 2859 2315 est,

326 2330 527 2441 Ψῗῖῑῗω
652 2341 978 2422 Spiritum,
998 2342 1236 2423 absque
1261 2342 1385 2404 alio
1418 2341 1668 2404 Vicario
1701 2362 2041 2423 quoquam,
2066 2361 2335 2423 praeesse
2359 2342 2677 2422 patiamur
2700 2341 2861 2404 huic

327 2409 381 2442 m
401 2393 568 2458 enon]
651 2445 905 2508 muneri
922 2469 941 2520 ς
991 2445 1044 2508 si
1084 2444 1373 2509 contenti
1422 2443 1672 2507 duobus
1731 2444 1852 2522 his,
1890 2444 2161 2507 tutiores
2220 2464 2339 2507 nos
2383 2441 2679 2527 denique,
2726 2444 2858 2508 sub

650 2546 851 2611 ductu
882 2549 1159 2629 Spiritus
1200 2549 1439 2625 Sancti,
1487 2568 1680 2629 quam
1733 2547 1853 2610 sub
1886 2547 2232 2629 Pontifici-s,
2279 2567 2419 2609 esse
2467 2555 2855 2610 statuamuS.

652 2649 867 2711 Sensit
915 2649 1145 2730 stringi
1197 2670 1263 2711 se
1323 2648 1685 2712 cardinalis
1730 2648 1857 2725 hie,
1907 2649 2204 2710 novitiam
2251 2669 2404 2730 ergo
2453 2651 2730 2710 haeresim
2782 2661 2859 2712 et

647 2771 944 2831 nuperam
991 2757 1395 2814 commentus
1446 2759 1563 2813 est.
1664 2750 1876 2832 Siquis
1915 2750 2221 2830 Spiritum
2268 2751 2566 2813 Sanctum
2616 2751 2861 2813 Christi

647 2854 811 2915 vices
839 2856 1085 2934 explere
1126 2854 1315 2930 dicat,
1349 2873 1416 2915 eo
1447 2854 1580 2933 ipso
1616 2854 1921 2934 Spiritum
1958 2853 2203 2915 Christo
2235 2851 2592 2932 inferiorem
2623 2855 2856 2918 dicere.

649 2956 1034 3019 Diffidenter
1062 2964 1282 3017 tamen
1316 2955 1453 3019 hoc.
1546 2956 1702 3018 Non
1733 2957 1908 3018 enim
1941 2955 2236 3032 absolute,
2270 2957 2380 3019 sed
2404 2959 2722 3021 ordinarie
2751 2960 2858 3019 in-

632 3057 938 3138 feriorem
985 3078 1134 3133 esse,
1174 3059 1279 3138 qui
1308 3059 1474 3120 vices
1508 3059 1773 3121 alterius
1793 3064 1998 3141 yerat.
2035 3075 2058 3086 ⁶
2092 3059 2428 3121 Ordinarie
2450 3062 2484 3122 .?
2528 3081 2654 3143 qua
2695 3082 2858 3124 voce

648 3159 1002 3221 meditatur
1044 3160 1284 3242 fugam,
1328 3160 1525 3242 siquis
1568 3169 1820 3242 premat
1867 3162 2122 3225 arctius.
2214 3163 2492 3224 Missum
2523 3184 2561 3224 a
2592 3163 2858 3227 Christo

653 3261 984 3344 Spiritum,
1017 3282 1151 3324 non
1198 3262 1461 3342 negabit
1511 3263 1712 3344 (scie.)
1818 3265 2156 3326 Ordinarie
2201 3272 2417 3327 autem
2458 3263 2720 3344 inferior
2757 3273 2860 3328 est

648 3365 942 3439 mittente,
976 3365 1080 3444 qui
1109 3365 1383 3427 mittitur
1402 3392 1420 3427 .·
1463 3386 1717 3448 nempe,
1749 3373 1823 3428 ut
1847 3368 2284 3449 Apostolorum
2306 3367 2575 3449 collegio
2599 3369 2854 3447 PetruS,

648 3488 687 3529 a
718 3488 843 3550 quo
874 3467 1096 3529 missus
1124 3468 1192 3529 in
1224 3466 1622 3531 Samariams.
1695 3470 1976 3533 Missum
2009 3476 2226 3532 autem
2262 3469 2591 3552 Spiritum,
2624 3471 2706 3534 ad
2743 3472 2854 3533 V*-

650 3569 890 3631 cariam
923 3588 1191 3648 operam,
1223 3576 1298 3631 ut
1333 3570 1400 3631 in
1432 3572 1790 3633 memoriam
1835 3572 1926 3632 eis
1966 3577 2284 3633 revocaret
2297 3581 2341 3647 Β,
2380 3592 2521 3653 quae
2554 3572 2855 3636 Christus

650 3670 933 3749 dixerat3
980 3691 1119 3750 nec,
1153 3693 1192 3734 a
1219 3674 1562 3754 semetipso,
1594 3674 1709 3736 sed
1744 3694 1782 3734 a
1820 3674 2066 3736 Christo
2111 3678 2525 3753 accepturum,
2559 3694 2690 3755 quoe
2719 3676 2858 3737 illis

650 3772 1058 3846 annuncieth;
1105 3795 1188 3838 ne
1232 3774 1355 3837 hoe
1398 3775 1655 3860 quidem
1700 3774 1982 3858 negabit.
2072 3776 2160 3838 Et
2193 3776 2344 3858 quid
2386 3775 2528 3852 hoc,
2559 3796 2858 3839 revocare

649 3877 717 3937 in
760 3882 1018 3938 mentem
1052 3898 1183 3957 quoe
1219 3878 1503 3940 Christus
1533 3879 1805 3956 dioeerat,
1841 3900 1880 3941 a
1930 3879 2177 3941 Christo
2223 3880 2503 3959 accipere
2546 3899 2677 3960 quoe
2720 3881 2857 3942 illis

650 3979 998 4053 annunciet,
1029 3978 1224 4055 aliud,
1257 4001 1450 4061 quam
1479 3982 1644 4043 vices
1672 3982 1916 4061 eaptere
1935 3982 1967 4042 ‚9
2056 3982 2378 4044 Paracleti
2406 4001 2647 4043 nomen
2693 3980 2856 4064 quid

649 4078 823 4140 aliud
853 4088 1059 4156 sonat,
1093 4102 1285 4162 quam
1315 4082 1707 4145 Advocatum
1725 4085 1758 4144 ?
1846 4084 2207 4146 Advocatus
2246 4083 2397 4166 quid
2428 4083 2622 4160 aliud,
2656 4105 2854 4166 quam

648 4181 913 4245 alterius
944 4183 1110 4245 vices
1139 4185 1501 4267 explentem
1517 4186 1547 4247 ?
1637 4185 1725 4247 Et
1755 4185 2116 4248 Advocatus
2155 4192 2363 4248 noster
2397 4187 2697 4265 Christus,
2730 4209 2854 4252 nee

647 4281 834 4346 nobis
864 4291 1083 4347 tamen
1125 4286 1325 4368 (puto)
1362 4287 1643 4350 inferior.
1737 4288 2057 4370 Denique,
2092 4309 2209 4351 nec
2247 4308 2401 4351 voce
2437 4288 2576 4371 ipsa
2611 4290 2852 4353 Vicarii

712 4457 732 4480 ⁶
759 4450 922 4572 {Vide
944 4466 1106 4514 supra..
1129 4468 1177 4515 p.
1199 4457 1274 4503 91.
1298 4460 1401 4505 not.
1422 4455 1482 4518 ¹¹.]
1857 4465 1881 4496 ⁸
1933 4457 1965 4505 J
1969 4471 2077 4505 osn.
2102 4457 2203 4504 xiv.
2228 4458 2305 4505 26.

709 4510 727 4540 ¹
781 4512 894 4561 Act.
919 4515 1097 4576 Apost.
1122 4518 1226 4565 viii.
1256 4518 1354 4580 14.]
1865 4520 1886 4570 ¹¹.
1914 4456 2084 4583 [Noun.
2111 4521 2211 4569 xvi.
2239 4455 2335 4582 15.]]
