3165 4959
1164 330 1251 377 AD
1295 330 1651 380 wewam.
2368 318 2516 380 xxxi

303 486 604 568 ingenuae
649 485 1145 549 concertationis
1186 486 1439 569 legibus
1487 488 1706 552 minus
1747 487 1966 553 tribui.
2059 487 2297 566 Etiam,
2330 487 2518 553 obliti

306 588 349 651 J
349 589 482 651 uris
514 589 852 666 Gentium,
885 587 1019 671 Ipsi
1056 590 1275 672 (quam
1305 590 1405 653 vel
1436 589 1708 655 Barbari
1735 592 2144 674 venerantur)
2180 591 2519 675 Majestati

304 712 435 755 non
464 711 749 775 parcere,
780 712 1009 774 parum
1039 692 1141 770 Ei,
1162 691 1262 755 vel
1292 692 1476 770 nihil,
1510 692 1779 773 deferre,
1810 702 1878 758 et
1905 695 2001 757 ita
2030 694 2299 778 quisque
2323 694 2519 758 mini-

304 815 506 872 mum,
540 801 616 857 ut
653 794 792 877 ipse
834 793 1091 857 minimi
1121 802 1222 858 est
1251 803 1318 859 et
1346 794 1556 859 nihili.
1650 797 1804 859 Huc
1831 797 1971 881 jam
2001 795 2277 861 deducta
2304 818 2405 861 res
2437 796 2518 860 ab

306 896 733 961 Adversariis.

392 1000 573 1063 Nam
613 999 787 1083 quod
817 999 1230 1067 cardinalem
1260 999 1729 1065 Bellarminum
1769 1001 1902 1087 (qui
1948 1008 2093 1086 post
2136 1002 2518 1067 Pontificem

304 1103 556 1185 primus
585 1102 940 1166 immiscuit
972 1125 1040 1168 se
1069 1103 1171 1167 liti
1200 1103 1371 1182 huic,
1403 1117 1470 1168 et
1501 1105 1685 1188 quasi
1712 1106 1902 1170 Aries
1933 1107 2167 1190 Gregis
2212 1106 2515 1183 secuturi,

306 1205 376 1269 in
420 1214 754 1270 certamen
800 1205 1060 1289 prodiit)
1096 1215 1414 1271 exsortem
1461 1216 1528 1272 et
1566 1217 1965 1292 postremum
1994 1210 2346 1287 nominem,
2384 1230 2518 1273 non

307 1308 649 1372 mirabere.
758 1309 828 1372 Is
880 1309 1261 1373 Doctrinam
1305 1310 1475 1374 hanc
1526 1312 1886 1375 evertendis
1944 1312 2241 1396 Imperiis
2298 1320 2521 1375 natam

308 1432 518 1495 nuper
563 1411 920 1476 revocavit:
969 1413 1038 1475 Is
1081 1412 1140 1476 ei
1177 1413 1628 1495 promovendae
1674 1415 1842 1495 (laxa
1883 1416 2022 1498 jam
2061 1415 2309 1496 catena)
2345 1422 2522 1478 totus

312 1515 653 1579 incumbit.
746 1517 960 1580 Quam
1012 1522 1234 1579 tamen
1291 1516 1527 1599 (credo)
1584 1517 1894 1581 tractabit
1953 1518 2189 1582 dehinc
2248 1518 2519 1594 cautius,

310 1626 651 1702 postquam
679 1618 850 1687 tanti
878 1618 1003 1681 sibi
1029 1618 1206 1682 videt
1235 1619 1505 1698 stetisse,
1552 1620 1728 1703 quod
1757 1641 1964 1703 nuper
1993 1620 2152 1684 adeo
2178 1620 2522 1684 infeliciter

310 1722 589 1786 tentavit
617 1722 689 1785 in
718 1722 1107 1786 Barclaium.
1178 1723 1370 1789 Quod
1400 1722 1575 1787 enim
1606 1725 1818 1788 Causa
1838 1725 2204 1808 Anglicana
2229 1725 2359 1806 (cui
2387 1746 2520 1787 non

311 1826 512 1889 alium
541 1826 613 1889 in
644 1827 843 1889 finem
884 1826 964 1889 ab
1003 1825 1194 1890 initio
1238 1826 1509 1908 ingessit
1553 1829 1646 1910 se)
1682 1827 1923 1891 frustra
1952 1828 2032 1892 ab
2071 1850 2148 1892 eo
2176 1828 2518 1911 flagitarat,

310 1937 386 1993 ut
414 1930 488 1991 in
516 1929 935 2011 quaestionem
967 1929 1047 1992 de
1086 1929 1309 2013 Papali
1334 1929 1406 1991 in
1439 1929 1684 2013 Regnis
1711 1931 2521 2014 transferendiS„Regibus

311 2031 689 2096 abdicandis
739 2040 1077 2115 potestate,
1120 2032 1316 2095 altius
1368 2053 1435 2095 se
1476 2032 1887 2112 demitteret3
1935 2041 2231 2118 suscepta
2278 2034 2521 2098 refuta-

311 2136 491 2199 tione
524 2129 827 2199 Hominis
865 2137 1004 2219 jam
1035 2135 1346 2211 defuncti,
1380 2136 1490 2218 qui
1520 2137 1904 2220 respondere
1935 2159 2069 2201 non
2107 2143 2344 2222 posset,
2376 2143 2521 2200 tan-

313 2238 463 2303 dem
509 2238 686 2301 ultro
735 2239 1059 2321 praestitit.
1165 2239 1295 2302 Sed
1347 2239 1760 2322 respondebit
1811 2241 1913 2304 vel
1958 2241 2337 2305 defunctus:
2401 2240 2522 2303 etsi

311 2343 480 2406 nihil
510 2364 692 2426 opus,
723 2364 837 2425 pro
868 2363 994 2425 quo
1024 2340 1223 2405 totius
1244 2362 1409 2425 pene
1434 2342 1628 2406 Orbis
1649 2342 1998 2407 Christiani
2020 2344 2091 2407 in
2111 2343 2520 2408 Cardinalem

315 2446 607 2510 Censura
664 2445 918 2510 abunde
968 2445 1107 2528 jam
1166 2445 1322 2509 satis
1380 2446 1807 2530 responderit.
1921 2449 2289 2513 Tractatum
2348 2470 2519 2526 eum,

313 2550 525 2613 multo
555 2571 751 2633 quam
779 2551 1152 2631 Apate-qiam
1180 2551 1337 2634 ejus,
1362 2551 1603 2634 justius
1644 2552 1896 2630 dixeris,
1926 2553 2407 2634 Responsionem
2438 2553 2527 2614 ad

314 2654 511 2736 Regis
546 2653 801 2716 Cuneos.
900 2653 1114 2718 Quam
1155 2662 1374 2716 autem
1414 2675 1642 2737 parum
1683 2653 1962 2739 benigne
2003 2662 2301 2738 acceptus
2340 2656 2524 2719 labor

315 2756 385 2819 in
416 2778 494 2819 eo
526 2755 907 2833 Cardinalis,
941 2756 1082 2838 quis
1107 2755 1363 2820 nescit?
1455 2757 1553 2819 Ut
1586 2756 1718 2838 qui,
1747 2764 1884 2820 tam
1928 2758 2137 2820 multa
2178 2756 2270 2820 ibi
2314 2758 2522 2840 indig-

316 2860 581 2923 nissime
612 2867 678 2923 et
711 2859 1032 2942 derogarit
1065 2859 1306 2942 Regiae,
1339 2865 1406 2923 et
1437 2860 1752 2941 arrogarit
1798 2860 2154 2924 Pontifieiae
2183 2863 2486 2943 potestati
2508 2879 2534 2923 r

317 2986 440 3027 nec
468 2962 774 3026 metuerit
802 2983 919 3046 pro
951 2963 1300 3026 Catholicis
1330 2943 1766 3046 Dogm‘atibus
1793 2964 2058 3028 Semina
2093 2964 2525 3029 defectionum

319 3076 385 3131 et
413 3066 851 3150 proditionum
879 3072 1016 3128 tam
1047 3067 1260 3149 palam
1291 3066 1639 3150 divulgare,
1661 3067 1855 3131 etiam
1885 3068 2058 3132 unde
2078 3069 2263 3134 Cives
2289 3069 2526 3153 perditi

319 3170 751 3253 patrocinium
783 3167 905 3232 sibi
935 3190 973 3231 a
1003 3168 1362 3252 Religionis
1391 3170 1596 3252 speeie
1628 3171 1969 3255 arripiant:
2015 3180 2093 3236 ut
2119 3173 2352 3236 merito
2381 3180 2527 3235 tan-

323 3274 469 3337 dem
506 3271 951 3348 intolerabilis,
987 3272 1150 3335 Orbi
1199 3271 1590 3352 Christiano,
1622 3274 1773 3337 fidei
1820 3274 2166 3338 Catholicae
2212 3274 2529 3358 Magister

313 3377 664 3461 judicetur.
752 3376 896 3439 Nec
933 3376 1073 3458 jam
1112 3374 1306 3438 unius
1353 3376 1565 3458 Regni
1603 3377 1940 3454 Gallicani,
1974 3377 2087 3441 sed
2131 3384 2197 3441 et
2243 3378 2525 3460 plurium

315 3480 578 3564 judiciis
606 3485 869 3542 notatus
909 3479 1012 3557 sit,
1045 3485 1111 3542 et
1141 3479 1310 3561 apud
1350 3500 1498 3543 suos
1527 3480 1835 3543 Romano·
1845 3481 2197 3543 Catholicos
2224 3480 2527 3543 inimicus

322 3584 526 3648 civilis
576 3582 959 3646 obedientiae
1008 3581 1248 3660 audiat,
1302 3589 1369 3645 et
1419 3603 1552 3645 non
1602 3582 2000 3648 auctoritatis
2046 3583 2260 3660 modo,
2307 3582 2417 3645 sed
2461 3591 2528 3646 et

324 3687 688 3751 securitatis
717 3706 792 3748 ac
822 3685 1046 3748 salutis
1077 3684 1317 3768 Regiae.

410 3790 586 3854 Mihi
626 3810 796 3867 vero,
841 3789 913 3852 in
949 3789 1383 3872 Responsione
1434 3788 1557 3851 hac
1609 3786 1805 3851 levior
1853 3786 2113 3850 futurus
2165 3794 2302 3850 erat
2346 3785 2530 3851 labor

320 3894 581 3978 (itidem
612 3900 679 3956 et
706 3892 829 3956 tibi
858 3893 1118 3975 Lector)
1155 3913 1297 3974 quae
1338 3892 1607 3974 sparsim
1652 3890 1759 3953 hic
1801 3898 2141 3954 recummt
2175 3891 2344 3974 apud
2373 3892 2529 3955 Car-

323 3997 610 4062 dinalem
650 3994 873 4059 eadem
914 3994 995 4057 de
1038 4015 1109 4058 re
1148 3994 1363 4071 totieS,
1397 3993 1480 4057 ad
1519 4000 1697 4057 certa
1726 3993 1954 4075 Capita
1982 3994 2337 4057 revocandi.
2428 3994 2531 4072 Id,

328 4122 458 4184 quo
495 4100 716 4162 minus
756 4099 829 4161 in
868 4097 1079 4180 priore
1120 4096 1335 4174 fuerit,
1370 4118 1495 4179 quo
1536 4096 1752 4158 minus
1792 4104 1858 4158 et
1894 4095 1966 4158 in
2006 4097 2129 4159 hac
2175 4095 2534 4179 praestitum

325 4204 431 4281 sit,
456 4203 705 4266 faciunt
732 4200 1090 4284 importuni
1122 4199 1402 4283 quidam,
1425 4199 1535 4283 qui
1566 4198 1913 4264 desultorie
1944 4198 2198 4281 singula
2225 4198 2534 4280 legentes,

322 4304 437 4370 ubi
468 4306 540 4368 in
569 4304 811 4388 aliquid
834 4302 1202 4367 Adversarii
1224 4303 1389 4366 forte
1417 4302 1737 4379 incidunt,
1758 4301 1862 4364 cui
1892 4300 2115 4365 eodem
2146 4301 2369 4364 statim
2396 4302 2538 4366 loco

330 4410 484 4492 (quo
507 4414 877 4491 exspectant
896 4406 1042 4489 ipsi)
1065 4404 1393 4489 responsio
1411 4426 1546 4468 non
1570 4404 1927 4489 subjicitur,
1949 4404 2092 4488 (etsi
2110 4403 2263 4468 alibi
2281 4405 2538 4469 abunde

325 4512 620 4594 satisfiat)
658 4518 880 4575 actum
915 4510 1197 4573 clamant
1228 4509 1310 4572 de
1340 4528 1565 4573 causa:
1613 4507 1774 4572 illud
1804 4509 2178 4572 Herculeum
2222 4507 2438 4586 fuisse,
2471 4516 2537 4571 et
