3165 4959
692 309 777 370 24
1322 325 1404 373 An
1447 324 1830 374 omnmnts
1873 323 2271 373 emmim

692 499 888 561 quam
926 478 1051 541 vim
1100 478 1402 558 habeant,
1433 487 1581 564 post
1623 481 1822 545 visuri
1866 502 2121 545 sumus:
2176 501 2260 543 an
2299 478 2538 542 scilicet
2575 477 2897 554 Pontifex,

693 603 826 645 non
858 603 897 644 a
926 582 1182 646 Christo
1212 583 1399 646 Alius
1427 585 1547 663 sit;
1597 585 1699 667 (de
1728 606 1856 668 quo
1884 584 2130 648 nemini
2161 582 2429 647 dubium
2459 587 2557 645 est
2579 582 2619 665 :)
2656 581 2786 660 sed,
2812 603 2900 644 an

694 686 880 747 Alius
909 686 991 748 sit
1022 685 1101 748 ab
1132 686 1544 750 Antichristo.

781 789 999 871 Atque
1040 789 1197 867 haec,
1231 790 1592 854 Cardinalis
1635 791 1799 854 acies
1841 791 2068 874 prima,
2105 791 2176 852 in
2220 812 2347 874 qua
2385 788 2559 853 vides
2609 789 2897 871 (Lector)

696 889 973 953 Triarios
1021 891 1179 973 ejuS,
1230 911 1387 973 quos
1435 914 1673 974 magno
1710 892 1957 977 judicio
2000 892 2244 975 selegit,
2295 892 2365 954 in
2409 890 2701 974 primam,
2757 910 2906 972 quae

697 994 1008 1057 acerrima
1082 995 1244 1057 solet
1317 1016 1473 1073 esse,
1550 997 1915 1060 coitionem.
2034 997 2132 1059 Ut
2204 993 2904 1058 Transubstantiationi

697 1096 905 1178 primo
937 1103 1199 1159 cautum
1231 1097 1335 1160 sit.
1425 1099 1611 1176 Tum,
1646 1098 1895 1175 PetruS,
1929 1104 2005 1161 ut
2035 1096 2398 1160 Monarcha
2428 1096 2532 1159 sit.
2622 1096 2800 1178 Papa
2825 1103 2908 1158 ut

700 1199 1141 1262 Antichristus
1171 1220 1256 1263 ne
1287 1199 1392 1263 sit.
1440 1201 1568 1263 Pro
1595 1201 1825 1283 prim0,
1855 1201 1997 1262 Hoc
2025 1206 2117 1262 est
2149 1220 2370 1281 corpus
2389 1220 2608 1264 meum.
2654 1200 2777 1262 Est
2812 1200 2905 1281 (id

701 1302 822 1384 est)
849 1322 971 1365 non
992 1308 1103 1379 est,
1127 1304 1249 1365 nisi
1271 1303 1704 1367 convertatur&
1777 1305 2206 1369 Convertatur
2222 1304 2312 1384 (id
2334 1306 2452 1388 est)
2474 1304 2906 1366 transubstan-

702 1406 893 1467 tietur
934 1406 1002 1467 in
1047 1426 1267 1488 empus
1308 1427 1525 1485 meum,
1557 1414 1628 1469 ut
1668 1414 1835 1470 recte
1863 1408 2038 1471 docet
2088 1409 2428 1470 Concilium
2456 1408 2907 1485 ffldentimcm,

704 1510 870 1572 Sess.
906 1511 1059 1572 13¹³.
1120 1510 1247 1572 Pro
1277 1511 1595 1574 secundo:
1643 1512 1844 1579 Pasce
1872 1511 1972 1595 (id
2001 1512 2121 1594 est)
2157 1513 2352 1593 Regio
2391 1532 2558 1574 more
2587 1513 2825 1593 impera
2847 1521 2906 1573 ¹¹.-

706 1613 917 1695 Reges
952 1610 1291 1695 proscribe,
1321 1613 1638 1694 proculca,
1670 1621 1901 1677 macta.
1991 1614 2116 1677 Pro
2158 1614 2387 1677 tertio:
2433 1615 2619 1676 Alius
2658 1613 2747 1696 (id
2775 1616 2905 1695 est)

702 1716 1150 1777 Antichristus.
1238 1715 1469 1777 Tribus
1498 1715 1602 1777 his
1643 1714 1849 1794 salvia,
1881 1736 1982 1779 res
2014 1715 2381 1780 Christiana
2419 1724 2581 1780 stat:
2628 1716 2910 1799 negatiS,

705 1818 985 1894 labascit,
1032 1818 1167 1879 Hui
1212 1838 1395 1898 quam
1446 1818 1567 1881 cito
1589 1824 1650 1879 ⁰!
1703 1819 1852 1881 'Pria
1897 1819 2034 1882 haec
2083 1819 2192 1902 qui
2236 1819 2557 1898 defendat,
2603 1821 2773 1903 Ajax
2821 1819 2910 1881 sit

703 1919 855 1983 fidei
884 1919 1302 1984 Christianae:
1346 1920 1477 1986 Qui
1507 1941 1707 1999 secus,
1740 1921 2019 2004 expungi
2049 1923 2290 2005 stylum
2318 1922 2431 2000 illi,
2456 1944 2539 1985 ne
2569 1922 2750 1984 Fidei
2777 1923 2909 1984 De-

691 2024 917 2106 fensor
948 2024 1050 2087 sit.
1117 2024 1246 2087 Hic
1275 2031 1372 2087 est
1401 2024 1577 2088 enim
1609 2025 1939 2089 cardinali
1966 2025 2191 2107 Tripos
2220 2025 2723 2101 Christianitatis
2754 2046 2909 2089 suae.

771 2193 970 2243 Omitto
1004 2199 1200 2253 caetera,
1242 2208 1357 2256 quae
1393 2193 1498 2244 Rex
1538 2194 1597 2243 in
1619 2230 1631 2243 .
1656 2232 1668 2244 .
1694 2232 1706 2244 .
1733 2194 2037 2244 Praefatione
2060 2229 2073 2243 .
2096 2228 2110 2240 .
2135 2229 2148 2242 .
2172 2196 2341 2256 negat,
2384 2196 2446 2242 ut
2489 2191 2914 2242 Intercessionem

836 2273 1149 2336 Sanctorum,
1185 2274 1412 2335 Missam,
1451 2275 1824 2338 Purgatorium‚
1869 2274 2238 2337 Indulgentiae,
2281 2276 2363 2322 διο.
2442 2273 2566 2331 Quae
2610 2274 2700 2336 qui
2738 2278 2913 2335 negat,

835 2372 952 2407 eum
997 2356 1315 2408 Catholicum
1350 2395 1362 2408 .
1387 2394 1400 2407 .
1425 2394 1438 2407 .
1474 2373 1578 2408 non
1617 2372 1723 2408 esse
1756 2392 1770 2407 .
1796 2393 1808 2407 .
1832 2392 1845 2406 .
1880 2372 1984 2406 non
2028 2356 2192 2405 solum
2237 2355 2376 2405 docti
2414 2355 2502 2405 sed
2534 2356 2692 2405 etiam
2731 2355 2916 2405 idiotae

835 2436 1243 2501 sciunt—[Bell.
1266 2437 1416 2501 Apol.
1439 2452 1532 2502 pro
1554 2437 1732 2502 Resp.]
1758 2451 1807 2502 p.
1832 2439 1877 2487 6.
1901 2435 2048 2501 [Op.,
2071 2440 2195 2486 tom.
2218 2436 2305 2485 vii.
2330 2435 2424 2486 col.
2447 2436 2556 2488 708.
2581 2434 2738 2500 ΑΒ]

802 2571 1048 2633 Omittit
1099 2575 1321 2633 caetera
1342 2597 1362 2632 .-
1408 2576 1664 2653 poterat
1709 2576 1775 2632 et
1825 2570 1971 2648 ista,
2015 2590 2151 2632 non
2198 2569 2435 2631 minus,
2524 2568 2683 2631 Non
2736 2568 2916 2633 enim

706 2679 842 2736 tam
874 2671 1179 2756 speciosa,
1210 2680 1285 2736 ut
1313 2672 1417 2736 vel
1454 2673 1526 2735 in
1560 2673 1733 2736 calce
1776 2671 1944 2751 libri,
1975 2672 2215 2735 nedum
2261 2671 2332 2734 in
2360 2672 2573 2736 fronte
2614 2672 2916 2736 collocari

706 2799 867 2861 opus
913 2786 1100 2842 esset.
1193 2778 1601 2861 Quanquam,
1649 2798 1791 2860 quae
1838 2775 1944 2839 hic
1996 2775 2150 2840 dicit
2202 2777 2483 2838 omittere
2526 2796 2612 2853 se,
2666 2778 2765 2858 (ut
2817 2786 2919 2840 est

707 2880 887 2944 labili
946 2881 1278 2963 memoria)
1334 2881 1607 2944 resumit
1659 2885 1804 2963 post
1851 2879 2090 2942 omnia.
2206 2879 2295 2941 Et
2346 2900 2465 2941 nos
2509 2878 2620 2957 ibi,
2667 2887 2744 2941 ut
2789 2879 2916 2943 hoc

699 2983 839 3064 jam
883 2981 1025 3045 loco
1068 2983 1228 3058 haec,
1274 2981 1369 3043 ita
1409 2981 1521 3043 illo
1573 2981 1769 3042 etiam
1812 2979 1926 3042 illa
1969 2981 2170 3042 omitti
2212 2980 2516 3062 potuisse,
2564 2980 2783 3043 nescio
2830 3002 2918 3044 an

705 3084 920 3146 idiotis
970 3084 1122 3164 ejus,
1178 3082 1444 3144 eruditis
1501 3082 1732 3164 (spero)
1786 3081 2116 3165 probaturi
2175 3103 2414 3144 sumus.
2528 3083 2686 3145 Non
2740 3085 2918 3146 enim

706 3184 950 3271 (credo)
1002 3184 1130 3246 illis
1189 3183 1410 3246 scribit
1464 3184 1605 3246 haec
1662 3191 1799 3247 tam
1846 3184 2144 3262 elumbia,
2194 3205 2315 3247 nec
2375 3183 2549 3247 aliud
2599 3191 2740 3249 toto
2791 3186 2919 3248 hoc

708 3288 944 3370 scripto
989 3307 1104 3349 suo
1134 3285 1387 3349 videtur
1431 3306 1639 3368 agere,
1673 3307 1867 3368 quam
1910 3293 1986 3349 ut
2014 3285 2258 3348 Idiotas
2296 3307 2439 3349 suos
2482 3295 2818 3350 conservet
2846 3288 2919 3350 in

706 3389 1032 3452 Idiotismo
1060 3408 1191 3451 82⁶0.

772 3543 918 3600 Quod
938 3541 1078 3600 fides,
1102 3554 1254 3605 quam
1276 3540 1387 3591 Rex
1407 3539 1651 3602 defendit,
1672 3556 1775 3591 non
1803 3543 1965 3606 possit
1984 3554 2101 3593 vere
2133 3543 2236 3593 dici
2261 3543 2538 3604 Catholica,
2563 3567 2625 3588 =

381 3707 538 3819 ί[ἰξιὶιιιιω
561 3704 632 3755 sit
801 3685 1129 3751 Quorsum
1158 3704 1306 3747 vero
1334 3683 1672 3765 negotium
1703 3681 1825 3745 sibi
1856 3683 1995 3764 jam
2027 3681 2136 3745 det
2169 3682 2547 3759 CardinaIiS,
2578 3689 2655 3745 ut
2684 3681 2923 3764 probet

455 3784 507 3819 88

386 3834 517 3884 cath
518 3833 587 3884 oli
589 3832 683 3896 Q]
710 3809 842 3851 non
896 3807 1053 3865 esse,
1104 3807 1296 3868 quam
1355 3786 1495 3848 Rex
1549 3783 1856 3861 defendit,
1919 3785 2302 3847 catholicam
2338 3785 2534 3867 fidem
2555 3813 2574 3847 :
2625 3785 2810 3863 Quae,
2866 3786 2925 3849 si

719 3890 1078 3953 Christiana
1106 3911 1241 3953 non
1271 3897 1389 3966 est,
1418 3889 1738 3950 Catholica
1763 3908 1899 3950 esse
1929 3908 2062 3951 non
2090 3889 2351 3971 potest?
2400 3890 2600 3952 Recte
2623 3888 2798 3951 enim
2830 3888 2926 3952 sic

711 3992 998 4078 procedit
1042 3991 1518 4073 consequentia,
1568 3990 1716 4052 Non
1759 3990 2146 4078 Christiana,
2200 4011 2322 4053 non
2373 4012 2525 4074 ergo
2572 3991 2921 4055 Catholica.

709 4099 804 4160 At
833 4095 1060 4160 vitiose
1086 4094 1200 4157 illa
1226 4094 1418 4171 illius,
1444 4114 1594 4156 cum
1612 4094 1845 4157 'Portus
1876 4101 2063 4171 esset,
2096 4094 2248 4157 C'um
2280 4115 2404 4156 non
2430 4096 2514 4157 sit
2544 4096 2924 4173 Catholicae,

711 4353 792 4401 nis
808 4351 872 4401 ad
890 4351 1193 4401 credendum
1205 4351 1533 4401 necessariam
1548 4351 1765 4414 urgere.”
1919 4359 1943 4382 ¹¹
2011 4351 2143 4401 Vide
2167 4367 2331 4415 supra,
2356 4366 2406 4415 p.
2433 4353 2510 4400 19.
2535 4354 2640 4400 not.
2664 4349 2693 4398 ¹.

713 4416 924 4465 —Praef.
948 4415 1116 4477 Mon]
1143 4431 1192 4478 p.
1217 4418 1293 4465 66.
1376 4452 1388 4465 .
1408 4415 1515 4479 70.]
1923 4418 1948 4443 0
2007 4415 2206 4466 Terent.
2230 4415 2518 4467 Eunuchi.
2542 4417 2586 4464 2.
2611 4416 2690 4465 98.

711 4290 952 4349 volutam,
990 4291 1233 4350 tanquam
1270 4286 1506 4337 omnibus
1529 4285 1767 4337 Christia-
1915 4295 1950 4318 ¹³
1977 4286 2140 4478 {Vide
2162 4302 2328 4351 supra,
2347 4301 2397 4350 p.
2418 4289 2496 4337 16.
2520 4290 2625 4335 not.
2648 4286 2724 4477 a}

722 4525 729 4530 ,
783 4477 796 4508 ¹
826 4478 988 4541 [Vide
1012 4493 1175 4541 supra,
1198 4493 1245 4540 p.
1264 4481 1338 4528 15.
