3165 4959
671 320 758 384 96
1302 336 1387 383 AD
1431 329 1813 384 cfflmNAms
1855 332 2254 382 emmim

765 491 894 556 Sed
922 511 1152 575 neque,
1185 492 1240 555 si
1269 491 1349 555 de
1378 492 1572 555 Petro
1603 491 1922 569 convenit,
1955 489 2060 553 cui
2100 489 2344 553 dictum
2375 495 2476 552 est
2507 510 2547 552 a
2576 488 2877 568 Domino,

675 597 877 659 Pasce
922 616 1062 658 oves
1106 616 1276 658 meas
1300 625 1318 662 .·
1365 595 1445 659 de
1477 594 1806 676 Pwtffice,
1854 595 2025 677 quod
2071 594 2126 657 is
2170 594 2239 656 in
2287 614 2365 656 eo
2412 592 2585 655 dicto
2629 592 2879 656 factove

676 699 853 763 Petri
881 719 1198 762 successor
1228 699 1331 777 sit,
1365 699 1587 762 statim
1616 697 1973 763 conveniet.
2063 698 2175 759 Ad
2211 697 2368 760 ovile
2404 697 2640 760 Christi
2674 697 2880 777 perti-

673 824 818 866 nere
861 824 927 867 se
954 804 1096 866 Rea·
1139 804 1358 882 credit,
1390 803 1502 866 sed
1532 803 1733 865 credit
1771 799 1943 865 Ovi-le
1979 803 2234 879 Christi,
2273 802 2371 882 (ut
2415 800 2583 864 male
2628 801 2767 884 jam
2811 801 2880 862 in

673 907 980 991 religione
1028 908 1225 971 sentit
1266 906 1605 989 Pontifex,)
1641 907 1804 970 nihil
1849 907 1931 970 ad
1976 927 2126 970 eum
2165 906 2502 987 pertinere.
2592 906 2780 983 Τωιι,
2827 905 2881 966 si

677 1011 1089 1076 Orthodoxus
1135 1019 1316 1089 esset,
1364 1032 1497 1074 non
1537 1011 1620 1073 ad
1647 1011 1834 1073 Illum
1878 1011 2102 1093 magis,
2136 1031 2328 1093 quam
2369 1009 2527 1072 alios
2560 1011 2881 1090 pertinere

675 1115 969 1178 crederet.
1064 1116 1506 1178 Successorem
1535 1114 1716 1177 Petri
1757 1114 1985 1192 ullum,
2016 1114 2116 1176 vel
2159 1113 2229 1176 in
2259 1113 2650 1194 Apostolatu,
2682 1113 2783 1176 vel
2811 1113 2881 1175 in

673 1219 1038 1300 Apostolica
1070 1224 1383 1299 potestate
1411 1240 1545 1283 non
1577 1219 1795 1296 credit,
1829 1219 2197 1281 Romanum
2226 1217 2618 1300 Episcopum
2649 1227 2881 1280 neutro

673 1321 865 1386 modo
887 1342 1335 1386 successorem.
1404 1323 1638 1405 Neque
1666 1329 1888 1384 tamen
1918 1321 1999 1384 de
2028 1320 2340 1383 Catlzedra
2362 1319 2543 1383 litem
2573 1319 2875 1398 movebit,

678 1425 836 1507 quin
866 1425 947 1489 de
975 1426 1297 1488 Doctrinae
1328 1424 1746 1488 successione.
1835 1425 1993 1488 Non
2038 1423 2213 1487 enim
2259 1422 2343 1486 ad
2386 1423 2583 1501 Petri,
2630 1422 2712 1486 ad
2756 1423 2881 1486 alia

667 1528 806 1611 jam
844 1550 1102 1612 pascua,
1133 1528 1364 1593 abduci
1411 1549 1549 1591 oves
1580 1528 1822 1592 Christi
1868 1549 1908 1590 a
1953 1528 2248 1591 Romano
2276 1527 2612 1610 EpiscopO,
2645 1533 2710 1590 et
2742 1527 2880 1611 qui-

677 1632 824 1696 dem
853 1633 1117 1697 nociva:
1165 1632 1249 1696 ad
1277 1632 1433 1696 alias
1463 1653 1683 1715 aquas„
1715 1638 1780 1695 et
1813 1632 2071 1714 quidem
2101 1631 2430 1695 turbidas:
2477 1637 2572 1709 ut,
2604 1632 2657 1694 si
2686 1631 2882 1695 Petro

674 1757 742 1800 se
771 1736 1185 1819 pascendum,
1210 1743 1276 1800 at
1309 1735 1693 1816 opilionibus
1714 1736 1887 1799 hisce
1909 1736 2053 1821 (qui
2084 1757 2152 1799 se
2180 1756 2558 1799 successores
2587 1737 2724 1820 ejus
2754 1735 2878 1800 dici

672 1839 922 1921 volunt)
979 1847 1125 1903 tuto
1172 1859 1241 1902 se
1292 1859 1425 1903 non
1473 1839 1708 1902 audeat
1760 1838 2202 1903 committere:
2249 1839 2427 1903 Velit
2475 1860 2611 1903 esse
2660 1839 2878 1904 Petri:

673 1941 838 2006 nolit
862 1963 1018 2022 esse,
1049 1949 1243 2025 neget
1273 1963 1412 2005 esse
1443 1963 1530 2021 se,
1561 1942 1662 2005 vel
1693 1942 2045 2006 Clementis
2076 1942 2276 2005 VIII.
2308 1943 2410 2006 vel
2438 1942 2623 2005 Pauli
2652 1943 2735 2006 V.
2790 1944 2880 2006 Et

665 2046 843 2130 juste
904 2045 1164 2129 quidem
1219 2054 1453 2130 neget:
1533 2046 1906 2125 ClementiS,
1959 2047 2069 2131 qui
2119 2047 2410 2110 nondum
2467 2047 2745 2130 Angliae,
2813 2056 2880 2111 et

676 2149 1008 2214 Hiberniae
1050 2136 1322 2233 Regem,
1355 2152 1585 2233 Regno
1622 2150 1871 2232 privare
1914 2150 2115 2213 voluit
2134 2147 2175 2214 s:
2225 2151 2429 2230 Pauli,
2477 2150 2585 2233 qui
2632 2152 2878 2233 Regem

662 2254 802 2338 jam
848 2253 1256 2317 subditorum
1290 2253 1437 2317 fide.
1531 2255 1835 2337 Regnum
1873 2253 2003 2332 ille,
2033 2254 2140 2318 hic
2184 2255 2404 2339 populi
2448 2254 2880 2319 obedientiam

670 2356 1009 2441 depascere
1039 2357 1281 2422 voluit:
1330 2364 1426 2437 ut,
1475 2357 1529 2420 si
1572 2358 1913 2420 Pastorum
1957 2379 2023 2421 se
2062 2357 2247 2421 Ovem
2291 2365 2619 2442 agnoscat,
2652 2365 2721 2422 at
2751 2360 2876 2422 De-

655 2466 985 2543 pastorum
1041 2467 1258 2544 neget.
1320 2460 1445 2524 Vel
1503 2483 1711 2525 unum
1763 2459 1884 2525 hoc
1938 2467 2321 2544 argumento
2369 2468 2468 2525 sat
2519 2462 2680 2526 erit:
2740 2485 2876 2528 non

668 2565 855 2630 aliter
909 2566 1235 2629 succedere
1287 2566 1482 2629 Petro
1531 2565 1712 2643 istos,
1762 2586 1955 2648 quam
2014 2564 2314 2629 morbum
2374 2566 2657 2631 sanitati.
2770 2567 2877 2632 Ab

668 2669 962 2753 exemplo
1004 2670 1307 2753 primum,
1355 2670 1527 2753 quod
1573 2670 1696 2733 Ille
1728 2668 2194 2745 Centurionem
2241 2668 2363 2732 sibi
2396 2670 2630 2749 noluit,
2661 2672 2730 2735 hi
2770 2673 2877 2757 ju-

666 2772 866 2838 beant
896 2773 1218 2838 Caesarem
1263 2772 1386 2836 sibi
1427 2773 1767 2855 subjacere.
1856 2773 1918 2836 A
1947 2779 2265 2856 praecepto
2297 2773 2512 2853 etiam,
2544 2774 2716 2858 quod
2749 2776 2874 2839 Ille

676 2878 841 2961 Regi
877 2878 1131 2940 Gentem
1173 2883 1500 2941 sanctamss
1542 2878 1880 2959 subjectam
1925 2897 2063 2940 esse
2102 2876 2312 2961 jubet,
2349 2873 2430 2945 ὥς
2473 2873 2876 2965 ὑπερέχοντι,

676 2988 972 3063 tanquam
1004 2978 1427 3062 proecellentih
1442 3009 1460 3043 .·
1508 2982 1579 3044 hi
1615 2982 1870 3045 Gentem
1898 2987 2180 3045 sanctam
2218 3003 2418 3061 suam,
2451 2982 2878 3066 (presbyteros

672 3084 980 3146 nimirum
1027 3094 1093 3147 et
1144 3086 1476 3163 Diaconos,
1527 3085 1796 3166 omnes,)
1845 3086 2292 3166 supoeeminere
2335 3086 2518 3169 Regi,
2566 3094 2879 3171 tanquam

674 3186 847 3267 infra
878 3208 944 3251 se
972 3189 1199 3271 posite.

763 3291 884 3354 Ille
931 3313 1099 3371 vero,
1147 3299 1212 3356 et
1258 3295 1579 3374 pertinere
1629 3314 1696 3356 se
1754 3292 1952 3356 eredit
2011 3294 2101 3356 ad
2158 3294 2314 3356 ovile
2367 3293 2626 3374 Christi,
2679 3306 2744 3360 et
2798 3296 2879 3361 ab

676 3393 909 3476 aliquo,
961 3395 1071 3478 qui
1118 3394 1358 3460 Christi
1401 3395 1542 3459 loco
1590 3396 1710 3460 sibi
1758 3397 1859 3473 sit,
1907 3395 2316 3480 pascendum.
2408 3397 2502 3461 At
2545 3398 2799 3461 nullum
2843 3422 2882 3463 a

674 3495 986 3562 Pontifice
1029 3499 1359 3582 pabulum,
1392 3499 1638 3563 nullam
1683 3501 2064 3584 pastionem,
2098 3508 2210 3563 aut
2239 3499 2540 3564 habuisse
2568 3523 2878 3586 unquam,

676 3610 788 3667 aut
818 3624 1025 3686 porr0,
1059 3611 1134 3667 ut
1165 3603 1402 3668 habeat
1437 3605 1589 3687 (quo
1633 3611 1785 3668 sunt
1826 3603 2017 3668 hodie
2055 3604 2399 3668 Pontifices
2442 3603 2725 3689 ingenio)
2764 3628 2880 3670 seu

674 3714 911 3790 petere,
958 3728 1073 3771 seu
1123 3715 1475 3792 expectare.
1568 3709 1896 3772 Pastorem
1942 3729 2076 3771 non
2121 3728 2260 3771 esse
2309 3730 2477 3787 eum,
2528 3716 2700 3773 certe
2746 3730 2881 3773 non

676 3833 904 3875 suum:
969 3832 1106 3876 esse
1158 3812 1470 3891 Alienum,
1519 3812 1703 3896 cujus
1749 3833 1954 3875 vocem
2000 3833 2123 3875 non
2173 3813 2452 3894 aqnoscit
2470 3811 2505 3891 ¹,
2565 3821 2792 3897 utpote
2844 3835 2884 3877 a

676 3915 937 3993 Christi,
971 3937 1010 3979 a
1040 3916 1217 3979 Petri
1245 3938 1418 3995 voce,
1451 3916 1728 3980 alienam
1757 3917 1951 4000 longe
1981 3923 2177 4000 atque
2208 3916 2552 3982 dissonam.

762 4021 928 4083 Tum
974 4021 1029 4083 si
1074 4041 1142 4085 se
1177 4021 1571 4103 pascendum
1615 4021 1936 4105 praeberet
1982 4021 2316 4085 Pontifici:
2364 4029 2450 4101 et,
2485 4022 2592 4105 qui
2624 4044 2690 4087 se
2720 4044 2872 4106 prae·

674 4122 832 4188 bent
863 4125 1233 4208 pascendOS‚
1265 4146 1399 4189 non
1431 4124 1762 4206 inferiores
1804 4126 1915 4188 illo
1960 4132 2179 4189 tamen
2207 4152 2221 4190 z
2267 4147 2401 4189 non
2431 4128 2655 4209 magis,
2689 4150 2881 4211 quam

683 4227 1121 4305 Gubernatore,
1177 4229 1229 4290 si
1276 4228 1615 4310 navigare:
1667 4250 1856 4311 quam
1903 4230 2016 4289 vice
2060 4229 2256 4306 Duce,
2309 4229 2363 4291 si
2410 4230 2534 4292 iter
2584 4231 2880 4314 ignotum

745 4429 761 4459 ¹
799 4430 954 4493 [Vide
988 4432 1186 4481 Action.
1224 4433 1280 4481 in
1318 4431 1596 4482 Gametum
1642 4447 1725 4497 pp.
1884 4431 1905 4462 '³
1972 4431 2101 4481 Ibid.
2125 4432 2224 4494 13]

677 4494 762 4597 73ἔ
778 4495 913 4605 Ἡῆ)
1000 4559 1032 4571 ..
1884 4497 1896 4527 ¹
1959 4497 2101 4547 Joan.
2131 4516 2175 4548 x.
2195 4499 2267 4562 6.]

796 4558 843 4621 [1
913 4562 976 4607 et.
998 4574 1050 4607 n.
1075 4559 1143 4621 9.]
