3165 4959
919 370 1278 416 APOLOGIAM
1328 371 1688 420 nsssroNfflo.
1786 388 1791 395 ·
2278 365 2406 427 497

201 521 496 599 tizamur,
530 523 710 604 cujus
741 521 1018 603 quidem,
1064 523 1175 604 qui
1208 524 1550 587 Christiani
1594 548 1831 603 sumus,
1867 549 2087 591 omnes
2130 536 2394 614 sumus)

203 646 336 687 uon
367 632 582 688 autem
607 626 842 687 Christi
884 626 1188 688 Vicarius.
1268 628 1409 690 Nee
1438 628 1616 691 enim
1658 630 1908 691 Vicario
1940 631 2056 693 ulli
2085 633 2407 715 Principis

134 748 141 754 ·
203 728 502 810 sponderi
542 729 994 805 obedientiam,
1049 729 1160 792 sed
1201 731 1491 811 Principi
1533 733 1671 815 ipsi.
1760 735 1846 797 Et
1878 734 1959 797 de
1992 736 2194 817 Papa,
2235 740 2404 820 quod

200 831 278 908 is,
328 841 756 915 praeterquam
791 833 959 914 quod
999 834 1181 915 Papa
1228 842 1344 912 est,
1380 836 1687 916 Princeps
1730 837 2099 917 Spiritualis
2144 840 2247 918 sit,
2291 849 2404 905 aut

201 935 301 996 vol
339 936 575 997 Christi
617 937 923 1013 Vicarius,
953 957 1088 998 non
1118 936 1338 999 docent
1369 958 1593 1015 amnes,
1628 939 1733 1020 qui
1761 938 2056 1019 fatentur
2079 964 2202 1023 per
2231 945 2402 1026 Bap-

199 1040 450 1099 tismum
481 1040 731 1100 admitti
772 1040 1043 1101 lio-mines
1073 1039 1162 1101 ad
1189 1038 1512 1119 familiam
1548 1042 1804 1104 Christi.
1896 1043 2180 1107 Venient
2211 1048 2401 1109 multi

197 1162 276 1202 ex
303 1141 573 1219 Oriente,
607 1163 682 1203 ex
701 1141 995 1219 Meridie,
1031 1142 1479 1221 Septentrione,
1501 1152 1568 1207 et
1595 1145 1925 1213 Occidente
1943 1156 1986 1223 ⁶,
2012 1148 2123 1229 qui
2148 1157 2401 1211 contra-

198 1243 459 1307 dicent:
506 1265 624 1307 nec
654 1244 756 1306 vel
785 1244 908 1306 sibi
937 1265 1225 1326 unquam
1256 1246 1547 1308 animum
1588 1247 1802 1326 fuisse,
1844 1248 1944 1311 vel
1985 1250 2399 1334 sponsoribus

193 1349 347 1426 suiS,
378 1348 447 1410 in
476 1349 672 1429 Papce
700 1348 886 1411 verba
899 1348 1150 1428 jurare.
1240 1349 1545 1412 Vestram
1578 1348 1780 1430 igitur
1812 1352 1951 1413 Rex
1984 1373 2116 1414 non
2146 1352 2395 1435 probat,

194 1451 430 1514 merito
451 1473 584 1515 non
611 1450 860 1534 probat,
883 1472 1031 1513 oum
1061 1452 1133 1514 in
1151 1450 1472 1537 προτάσει
1506 1453 1810 1537 Princeps
1842 1454 1945 1531 sit,
1978 1456 2047 1517 in
2067 1452 2394 1534 ἀποδόσει,
2510 1457 2639 1518 360

193 1574 329 1617 non
383 1553 706 1636 PrincePS,
758 1555 872 1616 sed
932 1555 1221 1617 Vicarius
1278 1556 1456 1617 modo
1510 1557 1832 1637 Principis
1857 1584 1875 1617 .·
1942 1558 2106 1636 Etsi,
2170 1566 2242 1620 ut
2289 1582 2399 1623 vos
2462 1642 2465 1647 .

191 1658 545 1721 doctrinam
595 1658 736 1741 ejus
787 1657 1091 1740 probetis,
1148 1658 1226 1721 de
1281 1660 1475 1721 tacito
1525 1667 1592 1722 et
1646 1662 1964 1741 conpenito
2009 1661 2394 1741 Juramento,

189 1762 438 1844 Maqna
462 1782 570 1824 vos
599 1761 832 1823 veritas
862 1767 1062 1841 coyat,
1098 1782 1228 1841 qua>
1257 1782 1497 1841 semper
1513 1764 1821 1842 prcevalet
1841 1761 1884 1825 ἃ,

258 1950 404 2007 Quod
428 1986 439 1997 .
466 1987 476 1997 .
504 1986 514 1998 .
540 1949 676 1998 dixit
692 1985 703 1997 .
729 1984 741 1995 .
767 1985 779 1997 .
805 1962 907 1996 non
937 1962 1078 2010 posse
1101 1948 1227 1997 solvi
1252 1947 1481 2010 sigillum
1507 1948 1860 2008 ConfessioniS,
1887 1988 1896 1998 .
1923 1986 1935 1999 .
1962 1987 1974 1999 .
2000 1951 2392 2012 intelligendum

322 2036 415 2091 est,
437 2046 539 2079 non
561 2045 664 2080 esse
683 2029 880 2078 licitum
903 2029 1008 2078 ullo
1031 2028 1180 2078 modo
1202 2029 1411 2092 prodere
1427 2031 1930 2095 personam—[Bell.
1946 2032 2097 2095 Apol.
2115 2048 2208 2096 pro
2224 2033 2395 2097 Resp]

321 2128 369 2175 p.
395 2115 504 2162 218.
531 2111 666 2176 [Op.,
687 2114 810 2159 tom.
830 2111 915 2159 vii.
942 2110 1033 2159 col.
1055 2110 1165 2161 827.
1189 2109 1233 2158 Β
1248 2109 1341 2174 ΗΟ]

278 2211 382 2274 Ad
426 2210 750 2273 tertiume.
842 2210 1001 2272 Non
1038 2208 1214 2271 aliud
1252 2230 1405 2291 ergo
1446 2212 1544 2291 (ut
1575 2211 1903 2293 videtur)
1888 2234 1956 2274 ιιι
1990 2213 2394 2277 Sacramenta
2452 2220 2537 2281 (3)
2566 2220 2640 2269 De

184 2314 312 2376 hoe
346 2314 635 2394 Siyillum
681 2319 800 2388 est,
846 2331 1037 2392 quam
1082 2332 1167 2372 ne
1216 2312 1360 2392 quis
1399 2314 1641 2391 prodat
1683 2315 2124 2388 Proditorem;
2174 2317 2282 2398 qui
2319 2327 2393 2380 ut
2420 2285 2688 2398 ριξῖᾞξὸῑο,

183 2424 370 2478 tutus
425 2414 527 2492 sit,
582 2420 764 2476 extra
813 2412 1190 2495 periculum,
1242 2413 1531 2475 instituit
1578 2415 1873 2478 Christus
1922 2418 2392 2483 Sacramentum
2418 2413 2538 2477 nia]

183 2522 332 2597 hoc,
396 2540 469 2581 ac
534 2539 648 2581 suo
695 2516 1091 2597 proditiones
1152 2516 1376 2596 Siqillo
1437 2518 1733 2581 munivit.
1828 2521 1956 2582 Sed
2014 2522 2176 2584 nihil
2236 2525 2386 2605 agit.

185 2625 452 2686 Poterat
484 2620 657 2684 enim
695 2620 1051 2682 Garnettus
1097 2618 1231 2700 ipse
1278 2640 1363 2696 se,
1411 2627 1664 2702 poterat
1700 2629 1761 2683 ct
1808 2624 2177 2687 Proditores
2220 2626 2389 2708 ipsos

181 2733 368 2789 citra
397 2724 753 2808 periculum
785 2706 1107 2804 posuisse,
1156 2742 1230 2783 ac
1268 2720 1416 2784 dein
1450 2724 1922 2803 proditionem
1905 2748 2107 2809 ipsam
2140 2728 2219 2790 de
2250 2730 2390 2792 loco

179 2837 331 2894 tuto
360 2827 706 2890 revzelasse
756 2826 806 2886 si
853 2825 1023 2887 bona
1067 2824 1191 2886 fide
1238 2833 1639 2907 praev,ertere
1673 2834 1738 2890 et
1787 2829 1952 2892 serio
1984 2850 2120 2892 rem
2159 2853 2388 2913 urgere

179 2931 507 2996 voluisset.
605 2929 733 2993 Sed
764 2929 892 3004 ille,
926 2949 1060 2990 non
1084 2948 1393 3009 personas
1425 2928 1637 3007 modo,
1674 2951 1802 2992 rem
1834 2932 2039 3014 ipsam
2072 2954 2384 3015 premere,

176 3036 467 3116 adeoque
497 3033 710 3096 fovere
742 3032 969 3106 maluit
997 3056 1008 3091 :
1047 3053 1161 3113 pro
1194 3032 1378 3112 cujus
1413 3054 1714 3095 successu
1745 3034 1913 3097 felici
1945 3035 2147 3098 oravit
2172 3037 2385 3116 totieS,

178 3140 376 3201 toties
409 3144 473 3199 et
505 3135 917 3199 missificavit.

246 3326 588 3377 Bellarminus
613 3361 625 3373 .
653 3360 664 3371 .
692 3361 703 3372 .
741 3323 1050 3386 comparavit
1089 3329 1400 3387 praeceptum
1447 3339 1552 3373 non
1598 3322 1920 3373 comedendae
1956 3327 2121 3375 carnis
2163 3329 2397 3390 porcinae,

312 3421 428 3456 cum
459 3411 711 3470 praecepto
747 3402 1010 3453 recusandi
1045 3403 1333 3453 «iuramenti
1367 3404 1530 3467 Regii,
1564 3404 1729 3468 quoad
1766 3407 2046 3464 materiam,
2086 3422 2187 3456 non
2222 3408 2385 3470 quoad

311 3487 637 3551 legislatores.
642 3485 857 3550 —[Ben.
886 3486 1033 3549 Apol.
1058 3500 1149 3549 pro
1174 3484 1343 3549 Resp]
1366 3502 1414 3549 p.
1435 3489 1544 3535 210.
1579 3487 1718 3550 [Op.,
1741 3491 1862 3536 tom.
1882 3488 1967 3535 vii.
1993 3488 2084 3536 eol.
2110 3490 2220 3538 828.
2246 3489 2336 3551 A.]

267 3588 374 3652 Ad
400 3583 779 3653 Quartum.
826 3585 1161 3649 Claudicat
1193 3585 1297 3648 hic
1322 3586 1680 3649 Cardinalis
1711 3587 2136 3668 comparatio,
2172 3597 2384 3670 poste·
2440 3600 2524 3662 (4.)
2562 3601 2635 3650 De

173 3694 310 3756 rior
340 3692 481 3775 ejus
513 3710 658 3772 pars
687 3684 998 3752 ἀποδόσει
1029 3695 1222 3766 caret,
1257 3690 1585 3751 Meliorem
1618 3710 1870 3752 causam
1893 3691 2118 3753 habere
2154 3691 2381 3755 Catho-
2406 3679 2693 3778 mssffigfnm

175 3800 332 3860 licos
387 3796 741 3877 juramenti
798 3794 1093 3871 violandi,
1163 3795 1303 3875 (quo
1362 3795 1585 3857 summi
1645 3793 1976 3874 Pontificis
2033 3799 2381 3860 auctoritas
2408 3792 2695 3844 Fidelitatis

171 3899 492 3980 violatam)
572 3919 754 3979 quam
819 3898 1166 3960 Eleazarus
1234 3899 1520 3961 habuerit
1589 3920 1710 3961 non
1775 3900 2102 3979 yustandoe
2171 3903 2381 3965 carnis
2404 3858 2596 3987 ἕθῃῗζ]

159 4004 464 4086 porcinas,
512 4002 602 4066 sic
645 4000 740 4064 illi
786 4001 1160 4083 supplenda,
1205 4023 1319 4082 quo
1362 4003 1652 4082 (scilicet)
1693 4003 1936 4066 Divinoe
1965 4005 2154 4086 Leyis
2183 4007 2380 4068 inter-

176 4108 414 4170 dictum
461 4106 889 4182 contemnitur,
933 4103 1051 4179 vel,
1101 4105 1266 4185 quod
1291 4106 1528 4167 Divina
1574 4106 1739 4186 Leye
1783 4127 2070 4186 expresse
2113 4108 2376 4171 interdi-

175 4212 360 4273 citur.
456 4207 583 4271 Sed
613 4227 823 4288 neque
854 4207 950 4270 fas
977 4208 1072 4270 ita
1108 4209 1205 4288 (ut
1226 4208 1589 4271 Cardinalis
1620 4209 1926 4292 instituit)
1967 4231 2374 4294 comparare:

238 4387 259 4408 ‘³
295 4384 444 4449 [Luc.
470 4384 577 4433 xiii.
604 4383 713 4446 29.]
1320 4388 1430 4435 682.
1421 4386 1517 4514 Ai.

237 4443 259 4474 ‘¹
320 4451 345 4499 1
371 4449 452 4508 (al.
475 4450 541 4510 3.)
567 4448 710 4497 Esdr.
736 4449 801 4497 iv.
828 4450 904 4496 41.
914 4449 935 4510 ]
1549 4465 1576 4498 e
1602 4450 1837 4513 Respons.
1852 4453 1994 4502 'Porti
2024 4468 2072 4516 p
2102 4456 2208 4503 102.
2238 4455 2372 4505 Edit.

322 4512 576 4564 VideRee
612 4527 715 4562 ons.
741 4512 953 4576 Tortip
956 4514 1066 4563 ‚94.
1095 4513 1230 4563 Edit.
1320 4449 1501 4569 polim
1560 4519 1613 4562 et
1661 4515 1782 4564 Bell.
1842 4517 1951 4579 Op„
1998 4522 2117 4572 tom.
2144 4521 2227 4569 vii.
2279 4521 2371 4570 col.

172 4580 359 4636 Polit.;
415 4583 468 4626 et
513 4528 635 4626 Reii.
699 4576 809 4640 Op„
855 4528 975 4626 tom..
1006 4579 1090 4626 vii.
1137 4578 1229 4627 col.
1320 4581 1429 4627 686.
1458 4551 1547 4638 A'.]

253 4674 600 4710 unatwnsoe—
612 4673 699 4707 RES
703 4673 743 4707 P.
1724 4679 1766 4723 K
1813 4678 1853 4723 K
