3165 4959
377 820 459 883 [ut
482 835 645 870 neces-

375 885 600 949 arima

702 332 791 396 46
1336 346 1422 394 AD
1466 344 1851 392 cummAms
1893 343 2292 391 mmmmm

701 506 888 589 pauci
917 510 1089 582 sunt,
1117 502 1350 586 quibus
1379 501 1486 565 hic
1517 501 1804 583 suffragii
1827 502 1936 585 jus
1965 506 2085 578 est,
2118 522 2156 563 a
2187 499 2529 564 Cardinale
2558 501 2869 582 praeteriti
2897 526 2912 564 :

705 608 956 692 quibus,
1004 628 1193 670 anum
1242 606 1349 671 1116
1398 607 1672 669 animum
1716 626 1850 670 non
1895 604 2115 683 fuisse,
2166 604 2280 667 sed
2323 603 2474 667 iisse
2517 624 2626 667 eos
2669 604 2740 667 111
2785 604 2919 666 alia

703 714 938 791 omnia,
970 712 1146 795 legas
1174 712 1277 775 vel
1306 711 1480 794 apud
1509 710 1920 775 cardinalem
1949 710 2162 792 ipsum
2171 706 2209 771 s.

791 820 852 880 5.
900 816 1002 879 De
1044 817 1148 892 iis,
1189 835 1321 895 quae
1360 814 1450 875 ad
1490 815 1755 876 salutem
1799 813 2170 890 necessaria,
2218 810 2413 875 verba
2450 810 2646 893 Regis
2693 817 2914 873 suntssz

706 943 847 1005 quae
890 940 1039 984 vero
1088 917 1448 982 Cardinalis
1507 915 1795 993 adduxit,
1837 917 2111 996 privatae
2151 915 2494 977 devotionis
2545 914 2830 995 obsequio
2880 935 2923 976 a

705 1023 1089 1107 quibusdam
1117 1021 1329 1084 facta:
1382 1020 1642 1101 publica
1693 1020 1993 1082 Ecclesia·
2042 1019 2354 1095 doctrina,
2397 1018 2499 1081 vel
2548 1019 2921 1080 necessitate

701 1127 832 1189 ulla
862 1123 1157 1189 facienda
1186 1123 1266 1187 ab
1296 1122 1597 1186 omnibus
1642 1143 1777 1186 11611
1826 1128 2298 1206 proponuntur.
2389 1121 2681 1183 Multum
2712 1120 2918 1183 inter-

703 1238 825 1307 est,
858 1229 1140 1294 animine
1185 1227 1412 1290 ardore
1459 1226 1766 1309 abreptus
1808 1227 1951 1310 quis
1992 1247 2130 1290 rem
2175 1225 2391 1305 faciat,
2429 1226 2557 1307 (cui
2592 1225 2919 1307 indulgeri

702 1336 938 1418 potest)
997 1354 1101 1411 an,
1153 1332 1331 1416 quasi
1375 1332 1444 1395 id
1489 1332 1549 1395 ei
1602 1332 1682 1414 (si
1733 1332 1943 1396 salvus
1993 1353 2128 1396 esse
2179 1330 2377 1413 velit,)
2429 1331 2776 1394 necessario
2828 1330 2919 1393 sit

580 1451 609 1477 ·
703 1436 1092 1501 faciendum.
1182 1436 1325 1499 Nec
1371 1434 1547 1498 enim
1599 1435 1687 1515 id,
1743 1435 1822 1497 de
1868 1434 2095 1497 vestris
2156 1434 2390 1516 (credo)
2437 1434 2778 1517 quisquam
2822 1434 2923 1497 ita

402 2178 456 2221 ct
477 2172 540 2222 de

401 2237 520 2301 'de.]

704 1541 987 1604 frontem
1017 1538 1406 1622 perfricabit,
1438 1548 1514 1600 ut
1544 1539 1839 1617 affirmet,
1872 1546 2009 1601 tam
2037 1538 2176 1600 haec
2216 1539 2566 1601 necessaria
2597 1559 2774 1614 esse;
2819 1546 2921 1615 ut,

707 1644 818 1727 qui
848 1642 1153 1726 quotidie,
1186 1642 1429 1720 sedule,
1464 1643 1682 1706 Deum
1710 1663 1825 1725 per
1855 1643 2190 1707 Christum
2219 1643 2474 1707 invocet
2531 1642 2653 1725 (uti
2698 1642 2922 1706 Chris-

705 1746 957 1809 tianum
985 1766 1102 1829 par
1130 1745 1253 1825 est)
1291 1744 1412 1807 etsi
1459 1745 1725 1808 Sam-tos
1752 1767 1889 1809 nou
1917 1745 2285 1831 interpellet
2314 1746 2574 1829 penitus
2600 1771 2614 1809 :
2663 1753 2775 1809 aut
2807 1746 2924 1829 qui

710 1849 1036 1931 Reliquias
1067 1845 1243 1910 haud
1272 1868 1560 1930 unquam
1590 1848 1840 1927 viderit,
1886 1850 1990 1913 vel
2037 1850 2095 1912 si
2140 1849 2390 1928 viderit,
2439 1849 2673 1913 dubius
2718 1850 2926 1912 animi

706 1952 811 2029 sit,
858 1973 941 2014 an
982 1973 1148 2016 verae
1206 1951 1518 2035 Reliquiae
1564 1952 1718 2029 sint,
1764 1973 1886 2015 nec
1919 1953 2106 2037 proin
2153 1953 2397 2031 adoret,
2446 1953 2720 2016 salutem
2769 1975 2927 2017 con-

711 2056 893 2139 sequi
920 2079 1055 2119 nou
1083 2057 1309 2141 possit,
1342 2062 1456 2118 aut
1486 2055 1700 2118 anima
1731 2056 1789 2119 61
1819 2056 1972 2119 111(16
2000 2057 2185 2120 valde
2214 2056 2640 2139 periclitetur.

796 2162 860 2222 6.
907 2161 1006 2223 De
1033 2160 1167 2242 fide
1211 2170 1579 2242 susceperat
1612 2159 1993 2238 cardinalis,
2026 2167 2092 2222 et
2116 2159 2315 2242 fidem
2360 2158 2633 2222 subinde
2678 2167 2924 2241 crepat,

710 2284 831 2327 1166
870 2270 1105 2327 tamen·
1148 2265 1399 2326 verbum
1448 2263 1573 2326 Dei
1620 2264 1836 2341 ullum,
1884 2270 1997 2326 aut
2046 2263 2125 2326 de
2170 2284 2297 2346 quo
2345 2260 2653 2343 Symbola,
2687 2261 2765 2325 (16
2797 2283 2928 2343 qua

712 2367 1015 2430 Ecclesiae
1074 2367 1434 2449 definitione
1492 2367 1633 2431 haec
1678 2366 1847 2447 fides
1905 2367 2008 2446 sit,
2067 2388 2339 2449 usquam
2398 2365 2662 2430 indicat.
2759 2366 2929 2430 Haec

715 2476 935 2535 autem
970 2469 1097 2534 tria
1124 2471 1227 2535 vel
1255 2470 1611 2536 Pontificiis
1646 2469 1843 2552 fidem
1894 2470 2446 2535 circumscribunt.
2534 2471 2724 2534 Fides
2766 2492 2930 2555 ergo

715 2574 974 2657 integra
1002 2582 1294 2639 constare
1323 2583 1555 2659 potest,
1589 2583 1664 2639 ut
1696 2575 1979 2639 stolones
2010 2582 2231 2639 tamen
2260 2575 2332 2637 hi
2362 2575 2807 2658 praecidantur.

803 2676 993 2740 Nihil
1020 2698 1171 2760 ergo
1219 2678 1324 2741 hic
1364 2676 1646 2741 effecerit
1691 2674 2071 2754 Cardinalis,
2113 2677 2240 2739 nisi
2261 2677 2633 2739 Sanctorum
2676 2678 2935 2738 invoca-

612 2783 617 2786 ’
716 2780 964 2857 tionem,
999 2799 1136 2843 non
1179 2780 1696 2856 intffcessionem,
1730 2785 1795 2841 et
1832 2779 2267 2859 Reliquiarum
2312 2779 2757 2855 adorationem,
2789 2800 2931 2843 11611

492 4345 578 4407 37

714 2885 1168 2946 venerationem
1215 2885 1540 2965 acceperit.
1632 2881 1781 2945 Nisi
1816 2903 1941 2963 per
1987 2903 2181 2945 annos
2226 2883 2711 2965 quadringentos
2732 2910 2751 2944 .·
2797 2884 2928 2947 nisi

715 2988 1011 3050 statuisse
1040 3008 1147 3050 eas
1177 2985 1463 3049 docuerit
1494 2987 1727 3048 Patres
1747 3013 1765 3048 .-
1789 2986 1916 3049 11181
1942 2987 2225 3048 unanimi
2260 3006 2553 3049 consensu
2582 2987 2879 3049 statuisse
2906 3015 2927 3048 .-

717 3097 784 3153 et
812 3090 1107 3151 statuisse
1152 3089 1227 3150 de
1259 3088 1415 3168 fide,
1446 3088 1548 3151 vel
1593 3095 1892 3171 tanquam
1941 3090 2030 3152 a’d
2069 3096 2366 3153 <eternam
2408 3091 2672 3152 salutem
2713 3109 2928 3152 neces-

715 3193 943 3256 sarias.
1036 3192 1237 3255 Hunc
1267 3191 1442 3255 enim
1472 3190 1595 3254 sibi
1625 3193 1997 3275 quaestionis
2043 3201 2289 3257 statum
2341 3193 2481 3257 fixit
2529 3194 2700 3257 Rex:
2747 3193 2931 3258 hunc

719 3293 1078 3360 Cardinalis
1107 3301 1361 3358 mutare
1388 3315 1523 3357 non
1554 3294 1799 3359 debuit.

803 3397 1008 3480 Atqui
1051 3397 1217 3460 nihil
1258 3396 1492 3461 horum
1534 3398 1710 3478 facit,
1741 3420 1826 3462 116
1856 3406 2131 3463 conatur
2161 3399 2437 3483 quidem.
2531 3400 2931 3464 Transcribit

716 3504 845 3567 huc
874 3501 1066 3567 modo
1098 3502 1391 3585 quaedam
1422 3502 1502 3567 de
1535 3504 1999 3568 Controversiis
2048 3505 2199 3584 suis,
2229 3504 2616 3588 interpolata
2644 3511 2929 3584 tantum,

713 3616 783 3673 et
841 3607 1103 3671 turbato
1147 3606 1448 3671 nonnihil
1493 3607 1736 3686 ordine,
1792 3630 1918 3691 quo
1962 3608 2056 3671 ibi
2097 3608 2421 3690 leguntur.
2529 3610 2748 3691 Atque
2801 3609 2933 3673 hoc

716 3713 937 3777 labore
969 3733 1379 3796 supervacuo.
1456 3710 1624 3778 Quis
1655 3712 1829 3776 enim
1857 3712 1968 3775 illa
1991 3713 2132 3796 jam
2160 3712 2415 3775 nescit?
2482 3711 2646 3777 Quis
2675 3734 2811 3776 non
2843 3713 2932 3777 ad

716 3840 1024 3882 nauseam
1051 3818 1256 3900 legit?
1348 3819 1482 3882 Cur
1515 3818 1621 3881 hic
1652 3838 1806 3901 ergo
1836 3817 2050 3882 denuo
2077 3816 2424 3880 inferciat?
2502 3816 2676 3880 Novi
2705 3829 2933 3881 autem

716 3924 881 3987 nihil
910 3924 1252 4007 quicquam
1282 3922 1674 4006 superaddit.
1756 3924 2002 4005 Ageret
2031 3942 2184 3985 vero
2213 3921 2516 4004 ingenue,
2549 3929 2615 3984 et
2646 3920 2888 3984 diceret
2914 3948 2931 3985 ε

716 4027 1088 4092 Exhaustus
1132 4049 1316 4092 sum:
1366 4026 1498 4091 dixi
1543 4027 1624 4090 (16
1668 4026 1770 4089 1118
1817 4047 1959 4108 quae
2001 4024 2202 4108 potui,
2236 4044 2357 4088 1166
2398 4030 2516 4102 est,
2550 4023 2721 4106 quod
2752 4045 2792 4087 a
2819 4047 2931 4088 1116

717 4132 903 4215 plura
933 4131 1073 4215 jam
1104 4132 1340 4194 Lector
1371 4136 1685 4212 expectet,
1718 4129 1906 4213 plura
1934 4128 2108 4191 enim
2139 4126 2412 4190 dicenda
2440 4148 2575 4190 non
2606 4125 2834 4189 habe0.

803 4237 912 4299 Ne
954 4242 1177 4298 tamen
1225 4233 1349 4298 sibi
1408 4233 1579 4297 dicat
1630 4253 1765 4296 non
1810 4251 2209 4313 responsum,
2270 4250 2390 4292 nos
2445 4249 2700 4311 quoque
2760 4230 2931 4292 idem

676 4360 937 4401 ’saoeum
976 4336 1341 4417 volvemush,
1396 4360 1544 4401 cum
1593 4336 1780 4400 venia
1809 4343 2031 4398 tamen
2073 4333 2403 4398 Lectoris:
2452 4354 2600 4395 cum
2637 4332 2717 4395 ad
2763 4334 2928 4412 haec,

777 4489 795 4521 ¹
842 4490 1025 4553 [Bell]
1074 4490 1150 4540 De
1196 4491 1363 4542 Sanct.
1422 4490 1561 4541 Beat.
1608 4491 1696 4541 lib.
1736 4491 1768 4540 ἰ.
1922 4497 1946 4530 ¹
1983 4487 2156 4558 [Proef.
2183 4487 2363 4536 Monit.
2390 4501 2439 4550 p.
2459 4485 2567 4548 48]

710 4569 817 4617 cap.
843 4559 918 4604 20.
944 4555 1078 4619 [Op.,
1100 4559 1222 4605 tom.
1248 4557 1302 4604 ii.
1328 4571 1377 4619 p.
1405 4559 1513 4606 435.
1541 4556 1627 4619 R]
1924 4553 1947 4585 ¹¹
1984 4552 2147 4617 [Vide
2170 4553 2282 4602 Ter.
2307 4551 2535 4602 Eunuch.
2561 4566 2607 4601 v.
2627 4553 2673 4600 9.
2701 4550 2807 4615 55.]
