<?xml version="1.0" encoding="UTF-8"?>
<!DOCTYPE html PUBLIC "-//W3C//DTD XHTML 1.0 Transitional//EN"
    "http://www.w3.org/TR/xhtml1/DTD/xhtml1-transitional.dtd">
<html xmlns="http://www.w3.org/1999/xhtml" xml:lang="en" lang="en">
 <head>
  <title>
</title>
<meta http-equiv="Content-Type" content="text/html;charset=utf-8" />
  <meta name='ocr-system' content='tesseract 3.04.00' />
  <meta name='ocr-capabilities' content='ocr_page ocr_carea ocr_par ocr_line ocrx_word'/>
</head>
<body>
  <div class='ocr_page' id='page_1' title='image "./responsioadapol01andrgoog_0458.png"; bbox 0 0 3165 4959; ppageno 0'>
   <div class='ocr_carea' id='block_1_1' title="bbox 394 3185 664 3438">
    <p class='ocr_par' dir='ltr' id='par_1_1' title="bbox 433 3185 600 3232">
     <span class='ocr_line' id='line_1_1' title="bbox 433 3185 600 3232; baseline -0.006 0"><span class='ocrx_word' id='word_1_1' title='bbox 433 3185 600 3232; x_wconf 63' lang='lat' dir='ltr'><strong>Cet-sar</strong></span> 
     </span>
    </p>

    <p class='ocr_par' dir='ltr' id='par_1_2' title="bbox 394 3250 664 3438">
     <span class='ocr_line' id='line_1_2' title="bbox 445 3250 563 3307; baseline -0.017 -10"><span class='ocrx_word' id='word_1_2' title='bbox 445 3250 563 3307; x_wconf 79' lang='lat' dir='ltr'><strong>auli,</strong></span> 
     </span>
     <span class='ocr_line' id='line_1_3' title="bbox 405 3314 664 3370; baseline 0 -11"><span class='ocrx_word' id='word_1_3' title='bbox 405 3314 664 3370; x_wconf 76' lang='lat' dir='ltr'><strong>legitimus</strong></span> 
     </span>
     <span class='ocr_line' id='line_1_4' title="bbox 394 3377 600 3438; baseline 0 -14"><span class='ocrx_word' id='word_1_4' title='bbox 394 3377 600 3438; x_wconf 87' lang='lat' dir='ltr'><strong>judex.]</strong></span> 
     </span>
    </p>
   </div>
   <div class='ocr_carea' id='block_1_2' title="bbox 487 3791 612 3854">
    <p class='ocr_par' dir='ltr' id='par_1_3' title="bbox 487 3791 612 3854">
     <span class='ocr_line' id='line_1_5' title="bbox 487 3791 612 3854; baseline 0 -1"><span class='ocrx_word' id='word_1_5' title='bbox 487 3791 612 3854; x_wconf 85' lang='lat'><strong>305</strong></span> 
     </span>
    </p>
   </div>
   <div class='ocr_carea' id='block_1_3' title="bbox 712 335 2295 396">
    <p class='ocr_par' dir='ltr' id='par_1_4' title="bbox 712 335 2295 396">
     <span class='ocr_line' id='line_1_6' title="bbox 712 335 2295 396; baseline -0.007 0"><span class='ocrx_word' id='word_1_6' title='bbox 712 335 841 396; x_wconf 80' lang='lat'><strong>422</strong></span> <span class='ocrx_word' id='word_1_7' title='bbox 1340 341 1426 389; x_wconf 70' lang='lat' dir='ltr'><strong>An</strong></span> <span class='ocrx_word' id='word_1_8' title='bbox 1470 339 1853 389; x_wconf 61' lang='lat' dir='ltr'><strong>cumminas</strong></span> <span class='ocrx_word' id='word_1_9' title='bbox 1895 337 2295 386; x_wconf 71' lang='lat' dir='ltr'><strong>nmfflmm</strong></span> 
     </span>
    </p>
   </div>
   <div class='ocr_carea' id='block_1_4' title="bbox 711 491 2944 2748">
    <p class='ocr_par' dir='ltr' id='par_1_5' title="bbox 711 491 2944 2748">
     <span class='ocr_line' id='line_1_7' title="bbox 711 491 2935 584; baseline -0.004 -21"><span class='ocrx_word' id='word_1_10' title='bbox 711 507 1092 584; x_wconf 62' lang='lat' dir='ltr'><strong>potestatem</strong></span> <span class='ocrx_word' id='word_1_11' title='bbox 1143 494 1488 561; x_wconf 81' lang='lat' dir='ltr'><strong>inhaercre:</strong></span> <span class='ocrx_word' id='word_1_12' title='bbox 1534 504 1873 580; x_wconf 79' lang='lat' dir='ltr'><strong>postquam</strong></span> <span class='ocrx_word' id='word_1_13' title='bbox 1924 495 2088 579; x_wconf 83' lang='lat' dir='ltr'><strong>Regi</strong></span> <span class='ocrx_word' id='word_1_14' title='bbox 2140 492 2444 557; x_wconf 85' lang='lat' dir='ltr'><strong>mandata</strong></span> <span class='ocrx_word' id='word_1_15' title='bbox 2493 498 2611 572; x_wconf 85' lang='lat' dir='ltr'><strong>est,</strong></span> <span class='ocrx_word' id='word_1_16' title='bbox 2659 491 2935 555; x_wconf 86' lang='lat' dir='ltr'><strong>retineri</strong></span> 
     </span>
     <span class='ocr_line' id='line_1_8' title="bbox 714 594 2933 682; baseline -0.005 -16"><span class='ocrx_word' id='word_1_17' title='bbox 714 625 855 666; x_wconf 86' lang='lat' dir='ltr'><strong>eam</strong></span> <span class='ocrx_word' id='word_1_18' title='bbox 895 610 1114 665; x_wconf 88' lang='lat' dir='ltr'><strong>tamen</strong></span> <span class='ocrx_word' id='word_1_19' title='bbox 1150 622 1188 662; x_wconf 88' lang='lat' dir='ltr'><strong>a</strong></span> <span class='ocrx_word' id='word_1_20' title='bbox 1225 599 1461 682; x_wconf 86' lang='lat' dir='ltr'><strong>populo</strong></span> <span class='ocrx_word' id='word_1_21' title='bbox 1497 599 1569 661; x_wconf 91' lang='lat' dir='ltr'><strong>in</strong></span> <span class='ocrx_word' id='word_1_22' title='bbox 1609 598 1857 676; x_wconf 92' lang='lat' dir='ltr'><strong>habitu,</strong></span> <span class='ocrx_word' id='word_1_23' title='bbox 1907 598 2101 660; x_wconf 86' lang='lat' dir='ltr'><strong>etiam</strong></span> <span class='ocrx_word' id='word_1_24' title='bbox 2142 597 2212 659; x_wconf 91' lang='lat' dir='ltr'><strong>in</strong></span> <span class='ocrx_word' id='word_1_25' title='bbox 2251 595 2501 659; x_wconf 79' lang='lat' dir='ltr'><strong>casibus</strong></span> <span class='ocrx_word' id='word_1_26' title='bbox 2542 594 2933 677; x_wconf 84' lang='lat' dir='ltr'><strong>quibusdam</strong></span> 
     </span>
     <span class='ocr_line' id='line_1_9' title="bbox 712 700 2934 789; baseline -0.004 -20"><span class='ocrx_word' id='word_1_27' title='bbox 712 706 907 789; x_wconf 83' lang='lat' dir='ltr'>recipi</span> <span class='ocrx_word' id='word_1_28' title='bbox 938 713 1085 768; x_wconf 90' lang='lat' dir='ltr'><strong>actu</strong></span> <span class='ocrx_word' id='word_1_29' title='bbox 1115 725 1295 787; x_wconf 89' lang='lat' dir='ltr'><strong>posse</strong></span> <span class='ocrx_word' id='word_1_30' title='bbox 1325 713 1390 766; x_wconf 85' lang='lat' dir='ltr'><strong>et</strong></span> <span class='ocrx_word' id='word_1_31' title='bbox 1419 704 1718 780; x_wconf 84' lang='lat' dir='ltr'><strong>revocari,</strong></span> <span class='ocrx_word' id='word_1_32' title='bbox 1746 704 1969 785; x_wconf 86' lang='lat' dir='ltr'><strong>(Casus</strong></span> <span class='ocrx_word' id='word_1_33' title='bbox 1999 709 2214 766; x_wconf 88' lang='lat' dir='ltr'><strong>autem</strong></span> <span class='ocrx_word' id='word_1_34' title='bbox 2244 700 2547 777; x_wconf 89' lang='lat' dir='ltr'><strong>incident,</strong></span> <span class='ocrx_word' id='word_1_35' title='bbox 2580 719 2731 762; x_wconf 90' lang='lat' dir='ltr'><strong>cum</strong></span> <span class='ocrx_word' id='word_1_36' title='bbox 2756 700 2934 761; x_wconf 90' lang='lat' dir='ltr'><strong>Pon-</strong></span> 
     </span>
     <span class='ocr_line' id='line_1_10' title="bbox 711 802 2929 889; baseline -0.004 -18"><span class='ocrx_word' id='word_1_37' title='bbox 711 809 866 871; x_wconf 81' lang='lat' dir='ltr'><strong>tifex</strong></span> <span class='ocrx_word' id='word_1_38' title='bbox 910 808 1037 870; x_wconf 82' lang='lat' dir='ltr'><strong>illis</strong></span> <span class='ocrx_word' id='word_1_39' title='bbox 1089 807 1336 889; x_wconf 84' lang='lat' dir='ltr'><strong>innuet)</strong></span> <span class='ocrx_word' id='word_1_40' title='bbox 1391 827 1512 870; x_wconf 91' lang='lat' dir='ltr'><strong>nec</strong></span> <span class='ocrx_word' id='word_1_41' title='bbox 1562 814 1660 868; x_wconf 87' lang='lat' dir='ltr'><strong>est</strong></span> <span class='ocrx_word' id='word_1_42' title='bbox 1712 814 1931 868; x_wconf 89' lang='lat' dir='ltr'><strong>tamen</strong></span> <span class='ocrx_word' id='word_1_43' title='bbox 1980 805 2253 888; x_wconf 89' lang='lat' dir='ltr'><strong>populus</strong></span> <span class='ocrx_word' id='word_1_44' title='bbox 2305 804 2612 886; x_wconf 84' lang='lat' dir='ltr'>superior,</span> <span class='ocrx_word' id='word_1_45' title='bbox 2662 802 2929 863; x_wconf 85' lang='lat' dir='ltr'><strong>scilicet..</strong></span> 
     </span>
     <span class='ocr_line' id='line_1_11' title="bbox 715 904 2927 992; baseline -0.004 -18"><span class='ocrx_word' id='word_1_46' title='bbox 715 913 834 989; x_wconf 87' lang='lat' dir='ltr'><strong>En,</strong></span> <span class='ocrx_word' id='word_1_47' title='bbox 866 921 941 975; x_wconf 91' lang='lat' dir='ltr'><strong>ut</strong></span> <span class='ocrx_word' id='word_1_48' title='bbox 972 932 1038 973; x_wconf 88' lang='lat' dir='ltr'><strong>se</strong></span> <span class='ocrx_word' id='word_1_49' title='bbox 1080 910 1315 974; x_wconf 84' lang='lat' dir='ltr'><strong>Caesari</strong></span> <span class='ocrx_word' id='word_1_50' title='bbox 1355 910 1604 992; x_wconf 87' lang='lat' dir='ltr'><strong>probet,</strong></span> <span class='ocrx_word' id='word_1_51' title='bbox 1635 916 1701 972; x_wconf 90' lang='lat' dir='ltr'><strong>et</strong></span> <span class='ocrx_word' id='word_1_52' title='bbox 1742 908 2162 992; x_wconf 83' lang='lat' dir='ltr'>Principibus.</span> <span class='ocrx_word' id='word_1_53' title='bbox 2253 908 2449 986; x_wconf 89' lang='lat' dir='ltr'><strong>Nam,</strong></span> <span class='ocrx_word' id='word_1_54' title='bbox 2485 904 2695 988; x_wconf 88' lang='lat' dir='ltr'><strong>quoad</strong></span> <span class='ocrx_word' id='word_1_55' title='bbox 2727 904 2927 968; x_wconf 90' lang='lat' dir='ltr'><strong>Cleri·</strong></span> 
     </span>
     <span class='ocr_line' id='line_1_12' title="bbox 714 1008 2930 1096; baseline -0.004 -19"><span class='ocrx_word' id='word_1_56' title='bbox 714 1036 838 1092; x_wconf 89' lang='lat' dir='ltr'><strong>cos,</strong></span> <span class='ocrx_word' id='word_1_57' title='bbox 873 1014 954 1077; x_wconf 89' lang='lat' dir='ltr'><strong>ab</strong></span> <span class='ocrx_word' id='word_1_58' title='bbox 997 1014 1173 1077; x_wconf 91' lang='lat' dir='ltr'><strong>omni</strong></span> <span class='ocrx_word' id='word_1_59' title='bbox 1205 1013 1578 1096; x_wconf 87' lang='lat' dir='ltr'>Principum</span> <span class='ocrx_word' id='word_1_60' title='bbox 1620 1020 1933 1096; x_wconf 81' lang='lat' dir='ltr'><strong>potestate</strong></span> <span class='ocrx_word' id='word_1_61' title='bbox 1970 1018 2295 1094; x_wconf 85' lang='lat' dir='ltr'><strong>exemptos</strong></span> <span class='ocrx_word' id='word_1_62' title='bbox 2325 1032 2363 1073; x_wconf 88' lang='lat' dir='ltr'><strong>a</strong></span> <span class='ocrx_word' id='word_1_63' title='bbox 2392 1019 2518 1088; x_wconf 83' lang='lat' dir='ltr'><strong>se·,</strong></span> <span class='ocrx_word' id='word_1_64' title='bbox 2550 1008 2730 1071; x_wconf 81' lang='lat' dir='ltr'><strong>abdit</strong></span> <span class='ocrx_word' id='word_1_65' title='bbox 2752 1026 2828 1070; x_wconf 80' lang='lat' dir='ltr'><strong>&#39;sc</strong></span> <span class='ocrx_word' id='word_1_66' title='bbox 2859 1008 2930 1069; x_wconf 88' lang='lat' dir='ltr'><strong>in</strong></span> 
     </span>
     <span class='ocr_line' id='line_1_13' title="bbox 717 1113 2933 1200; baseline -0.003 -20"><span class='ocrx_word' id='word_1_67' title='bbox 717 1117 924 1196; x_wconf 84' lang='lat' dir='ltr'><strong>turba,</strong></span> <span class='ocrx_word' id='word_1_68' title='bbox 958 1139 1233 1200; x_wconf 89' lang='lat' dir='ltr'><strong>quacum</strong></span> <span class='ocrx_word' id='word_1_69' title='bbox 1262 1117 1355 1179; x_wconf 91' lang='lat' dir='ltr'><strong>illi</strong></span> <span class='ocrx_word' id='word_1_70' title='bbox 1390 1137 1730 1180; x_wconf 90' lang='lat' dir='ltr'><strong>commune</strong></span> <span class='ocrx_word' id='word_1_71' title='bbox 1776 1116 1897 1179; x_wconf 85' lang='lat' dir='ltr'><strong>hoc</strong></span> <span class='ocrx_word' id='word_1_72' title='bbox 1935 1124 2065 1179; x_wconf 69' lang='lat' dir='ltr'><strong>oet:</strong></span> <span class='ocrx_word' id='word_1_73' title='bbox 2115 1135 2232 1197; x_wconf 80' lang='lat' dir='ltr'><strong>quo</strong></span> <span class='ocrx_word' id='word_1_74' title='bbox 2255 1115 2409 1196; x_wconf 77' lang='lat' dir='ltr'><strong>jure</strong></span> <span class='ocrx_word' id='word_1_75' title='bbox 2451 1113 2721 1193; x_wconf 66' lang='lat' dir='ltr'><strong>exempti</strong></span> <span class='ocrx_word' id='word_1_76' title='bbox 2761 1119 2933 1187; x_wconf 68' lang='lat' dir='ltr'><strong>sunt,</strong></span> 
     </span>
     <span class='ocr_line' id='line_1_14' title="bbox 718 1216 2937 1303; baseline -0.002 -21"><span class='ocrx_word' id='word_1_77' title='bbox 718 1220 784 1283; x_wconf 89' lang='lat' dir='ltr'><strong>id</strong></span> <span class='ocrx_word' id='word_1_78' title='bbox 816 1221 1034 1303; x_wconf 87' lang='lat' dir='ltr'><strong>quaeri.</strong></span> <span class='ocrx_word' id='word_1_79' title='bbox 1128 1221 1304 1283; x_wconf 86' lang='lat' dir='ltr'><strong>Nam</strong></span> <span class='ocrx_word' id='word_1_80' title='bbox 1344 1227 1671 1303; x_wconf 85' lang='lat' dir='ltr'><strong>exemptos</strong></span> <span class='ocrx_word' id='word_1_81' title='bbox 1709 1241 1863 1297; x_wconf 89' lang='lat' dir='ltr'><strong>esse,</strong></span> <span class='ocrx_word' id='word_1_82' title='bbox 1896 1219 2140 1281; x_wconf 89' lang='lat' dir='ltr'><strong>nemini</strong></span> <span class='ocrx_word' id='word_1_83' title='bbox 2173 1218 2240 1280; x_wconf 90' lang='lat' dir='ltr'><strong>id</strong></span> <span class='ocrx_word' id='word_1_84' title='bbox 2275 1216 2565 1280; x_wconf 88' lang='lat' dir='ltr'><strong>dubium.</strong></span> <span class='ocrx_word' id='word_1_85' title='bbox 2660 1216 2937 1278; x_wconf 80' lang='lat' dir='ltr'><strong>Frustra</strong></span> 
     </span>
     <span class='ocr_line' id='line_1_15' title="bbox 721 1323 2936 1407; baseline -0.003 -20"><span class='ocrx_word' id='word_1_86' title='bbox 721 1332 936 1387; x_wconf 88' lang='lat' dir='ltr'><strong>autem</strong></span> <span class='ocrx_word' id='word_1_87' title='bbox 968 1324 1075 1387; x_wconf 92' lang='lat' dir='ltr'><strong>hic</strong></span> <span class='ocrx_word' id='word_1_88' title='bbox 1104 1331 1217 1387; x_wconf 89' lang='lat' dir='ltr'><strong>est.</strong></span> <span class='ocrx_word' id='word_1_89' title='bbox 1306 1324 1481 1386; x_wconf 87' lang='lat' dir='ltr'><strong>Nam</strong></span> <span class='ocrx_word' id='word_1_90' title='bbox 1514 1323 1623 1407; x_wconf 86' lang='lat' dir='ltr'><strong>qui</strong></span> <span class='ocrx_word' id='word_1_91' title='bbox 1654 1331 1983 1406; x_wconf 86' lang='lat' dir='ltr'><strong>exemptus</strong></span> <span class='ocrx_word' id='word_1_92' title='bbox 1996 1324 2150 1404; x_wconf 78' lang='lat' dir='ltr'><strong>jure</strong></span> <span class='ocrx_word' id='word_1_93' title='bbox 2179 1343 2309 1386; x_wconf 90' lang='lat' dir='ltr'><strong>non</strong></span> <span class='ocrx_word' id='word_1_94' title='bbox 2339 1328 2456 1399; x_wconf 90' lang='lat' dir='ltr'><strong>est,</strong></span> <span class='ocrx_word' id='word_1_95' title='bbox 2481 1341 2563 1384; x_wconf 88' lang='lat' dir='ltr'><strong>ne</strong></span> <span class='ocrx_word' id='word_1_96' title='bbox 2594 1330 2936 1402; x_wconf 79' lang='lat' dir='ltr'><strong>exemptus</strong></span> 
     </span>
     <span class='ocr_line' id='line_1_16' title="bbox 722 1422 2931 1510; baseline -0.002 -21"><span class='ocrx_word' id='word_1_97' title='bbox 722 1427 979 1510; x_wconf 89' lang='lat' dir='ltr'><strong>quidem</strong></span> <span class='ocrx_word' id='word_1_98' title='bbox 1020 1433 1152 1504; x_wconf 68' lang='lat' dir='ltr'><strong>est,</strong></span> <span class='ocrx_word' id='word_1_99' title='bbox 1198 1424 1364 1489; x_wconf 88' lang='lat' dir='ltr'><strong>redit</strong></span> <span class='ocrx_word' id='word_1_100' title='bbox 1399 1447 1552 1507; x_wconf 88' lang='lat' dir='ltr'><strong>ergo</strong></span> <span class='ocrx_word' id='word_1_101' title='bbox 1584 1425 1847 1507; x_wconf 68' lang='lat' dir='ltr'><strong>quaestio</strong></span> <span class='ocrx_word' id='word_1_102' title='bbox 1883 1425 1963 1488; x_wconf 85' lang='lat' dir='ltr'><strong>ad</strong></span> <span class='ocrx_word' id='word_1_103' title='bbox 1998 1426 2142 1509; x_wconf 86' lang='lat' dir='ltr'><strong>jus:</strong></span> <span class='ocrx_word' id='word_1_104' title='bbox 2190 1446 2337 1487; x_wconf 91' lang='lat' dir='ltr'><strong>cum</strong></span> <span class='ocrx_word' id='word_1_105' title='bbox 2380 1445 2461 1488; x_wconf 92' lang='lat' dir='ltr'><strong>ne</strong></span> <span class='ocrx_word' id='word_1_106' title='bbox 2506 1446 2623 1487; x_wconf 90' lang='lat' dir='ltr'><strong>nos</strong></span> <span class='ocrx_word' id='word_1_107' title='bbox 2669 1422 2931 1506; x_wconf 89' lang='lat' dir='ltr'><strong>quidem</strong></span> 
     </span>
     <span class='ocr_line' id='line_1_17' title="bbox 721 1526 2934 1613; baseline -0.002 -20"><span class='ocrx_word' id='word_1_108' title='bbox 721 1529 1189 1613; x_wconf 82' lang='lat' dir='ltr'><strong>exemptionem</strong></span> <span class='ocrx_word' id='word_1_109' title='bbox 1219 1551 1561 1612; x_wconf 84' lang='lat' dir='ltr'><strong>negemus:</strong></span> <span class='ocrx_word' id='word_1_110' title='bbox 1610 1528 1719 1591; x_wconf 87' lang='lat' dir='ltr'><strong>sed</strong></span> <span class='ocrx_word' id='word_1_111' title='bbox 1747 1528 2018 1607; x_wconf 90' lang='lat' dir='ltr'><strong>indulto,</strong></span> <span class='ocrx_word' id='word_1_112' title='bbox 2050 1528 2162 1591; x_wconf 88' lang='lat' dir='ltr'><strong>sed</strong></span> <span class='ocrx_word' id='word_1_113' title='bbox 2191 1527 2503 1592; x_wconf 85' lang='lat' dir='ltr'><strong>beneficio</strong></span> <span class='ocrx_word' id='word_1_114' title='bbox 2531 1526 2934 1610; x_wconf 87' lang='lat' dir='ltr'><strong>Principum.</strong></span> 
     </span>
     <span class='ocr_line' id='line_1_18' title="bbox 723 1631 2937 1715; baseline -0.002 -18"><span class='ocrx_word' id='word_1_115' title='bbox 723 1634 830 1697; x_wconf 88' lang='lat' dir='ltr'><strong>Illi</strong></span> <span class='ocrx_word' id='word_1_116' title='bbox 872 1633 1130 1697; x_wconf 84' lang='lat' dir='ltr'><strong>Clerum</strong></span> <span class='ocrx_word' id='word_1_117' title='bbox 1169 1632 1376 1715; x_wconf 91' lang='lat' dir='ltr'><strong>primo</strong></span> <span class='ocrx_word' id='word_1_118' title='bbox 1416 1632 1631 1715; x_wconf 87' lang='lat' dir='ltr'><strong>(atque</strong></span> <span class='ocrx_word' id='word_1_119' title='bbox 1675 1631 1844 1710; x_wconf 87' lang='lat' dir='ltr'><strong>audi,</strong></span> <span class='ocrx_word' id='word_1_120' title='bbox 1875 1631 2072 1694; x_wconf 89' lang='lat' dir='ltr'><strong>etiam</strong></span> <span class='ocrx_word' id='word_1_121' title='bbox 2112 1632 2493 1695; x_wconf 86' lang='lat' dir='ltr'><strong>Pontificem</strong></span> <span class='ocrx_word' id='word_1_122' title='bbox 2540 1631 2755 1714; x_wconf 88' lang='lat' dir='ltr'><strong>ipsum</strong></span> <span class='ocrx_word' id='word_1_123' title='bbox 2797 1652 2937 1693; x_wconf 58' lang='grc' dir='ltr'><strong>νω-</strong></span> 
     </span>
     <span class='ocr_line' id='line_1_19' title="bbox 723 1731 2936 1815; baseline -0 -20"><span class='ocrx_word' id='word_1_124' title='bbox 723 1734 920 1815; x_wconf 90' lang='lat' dir='ltr'><strong>trum)</strong></span> <span class='ocrx_word' id='word_1_125' title='bbox 942 1734 1277 1814; x_wconf 74' lang='lat' dir='ltr'><strong>privileyio</strong></span> <span class='ocrx_word' id='word_1_126' title='bbox 1307 1731 1649 1796; x_wconf 88' lang='lat' dir='ltr'><strong>donarunt.</strong></span> <span class='ocrx_word' id='word_1_127' title='bbox 1740 1732 2029 1811; x_wconf 91' lang='lat' dir='ltr'><strong>Illorum,</strong></span> <span class='ocrx_word' id='word_1_128' title='bbox 2059 1732 2130 1795; x_wconf 89' lang='lat' dir='ltr'><strong>in</strong></span> <span class='ocrx_word' id='word_1_129' title='bbox 2170 1732 2312 1812; x_wconf 91' lang='lat' dir='ltr'><strong>hoc,</strong></span> <span class='ocrx_word' id='word_1_130' title='bbox 2344 1732 2469 1795; x_wconf 90' lang='lat' dir='ltr'><strong>nisi</strong></span> <span class='ocrx_word' id='word_1_131' title='bbox 2507 1731 2748 1814; x_wconf 79' lang='lat' dir='ltr'><strong>ingrati</strong></span> <span class='ocrx_word' id='word_1_132' title='bbox 2790 1753 2936 1795; x_wconf 87' lang='lat' dir='ltr'><strong>esse</strong></span> 
     </span>
     <span class='ocr_line' id='line_1_20' title="bbox 723 1834 2935 1918; baseline -0.001 -20"><span class='ocrx_word' id='word_1_133' title='bbox 723 1836 1030 1913; x_wconf 81' lang='lat' dir='ltr'><strong>volumus,</strong></span> <span class='ocrx_word' id='word_1_134' title='bbox 1065 1835 1335 1918; x_wconf 80' lang='lat' dir='ltr'><strong>gratiam</strong></span> <span class='ocrx_word' id='word_1_135' title='bbox 1376 1835 1566 1899; x_wconf 89' lang='lat' dir='ltr'><strong>ambo</strong></span> <span class='ocrx_word' id='word_1_136' title='bbox 1607 1835 1886 1918; x_wconf 82' lang='lat' dir='ltr'><strong>agnituri</strong></span> <span class='ocrx_word' id='word_1_137' title='bbox 1926 1857 2164 1898; x_wconf 89' lang='lat' dir='ltr'><strong>sumus.</strong></span> <span class='ocrx_word' id='word_1_138' title='bbox 2254 1837 2343 1899; x_wconf 88' lang='lat' dir='ltr'><strong>Et</strong></span> <span class='ocrx_word' id='word_1_139' title='bbox 2383 1856 2501 1898; x_wconf 92' lang='lat' dir='ltr'><strong>nos</strong></span> <span class='ocrx_word' id='word_1_140' title='bbox 2543 1834 2807 1918; x_wconf 86' lang='lat' dir='ltr'><strong>quidem</strong></span> <span class='ocrx_word' id='word_1_141' title='bbox 2833 1835 2935 1896; x_wconf 86' lang='lat' dir='ltr'><strong>lu-</strong></span> 
     </span>
     <span class='ocr_line' id='line_1_21' title="bbox 725 1938 2939 2023; baseline -0 -21"><span class='ocrx_word' id='word_1_142' title='bbox 725 1940 946 2002; x_wconf 85' lang='lat' dir='ltr'><strong>bentes</strong></span> <span class='ocrx_word' id='word_1_143' title='bbox 976 1938 1206 2001; x_wconf 87' lang='lat' dir='ltr'><strong>merito</strong></span> <span class='ocrx_word' id='word_1_144' title='bbox 1237 1938 1661 2021; x_wconf 89' lang='lat' dir='ltr'><strong>agnoscimus.</strong></span> <span class='ocrx_word' id='word_1_145' title='bbox 1706 1938 1927 2018; x_wconf 87' lang='lat' dir='ltr'><strong>Vobis,</strong></span> <span class='ocrx_word' id='word_1_146' title='bbox 1949 1939 2060 2023; x_wconf 82' lang='lat' dir='ltr'><strong>qui</strong></span> <span class='ocrx_word' id='word_1_147' title='bbox 2090 1938 2273 2002; x_wconf 83' lang='lat' dir='ltr'><strong>aliter</strong></span> <span class='ocrx_word' id='word_1_148' title='bbox 2300 1938 2538 2022; x_wconf 84' lang='lat' dir='ltr'><strong>sapitis,</strong></span> <span class='ocrx_word' id='word_1_149' title='bbox 2565 1938 2722 2021; x_wconf 89' lang='lat' dir='ltr'><strong>quid</strong></span> <span class='ocrx_word' id='word_1_150' title='bbox 2746 1959 2939 2020; x_wconf 87' lang='lat' dir='ltr'><strong>porro</strong></span> 
     </span>
     <span class='ocr_line' id='line_1_22' title="bbox 722 2041 2934 2126; baseline -0.001 -22"><span class='ocrx_word' id='word_1_151' title='bbox 722 2041 1082 2104; x_wconf 87' lang='lat' dir='ltr'><strong>faciendum</strong></span> <span class='ocrx_word' id='word_1_152' title='bbox 1137 2042 1239 2119; x_wconf 90' lang='lat' dir='ltr'><strong>sit,</strong></span> <span class='ocrx_word' id='word_1_153' title='bbox 1294 2042 1455 2105; x_wconf 89' lang='lat' dir='ltr'><strong>serio</strong></span> <span class='ocrx_word' id='word_1_154' title='bbox 1516 2042 1846 2126; x_wconf 85' lang='lat' dir='ltr'><strong>Principes</strong></span> <span class='ocrx_word' id='word_1_155' title='bbox 1903 2043 2067 2106; x_wconf 89' lang='lat' dir='ltr'><strong>forte</strong></span> <span class='ocrx_word' id='word_1_156' title='bbox 2127 2042 2469 2125; x_wconf 80' lang='lat' dir='ltr'><strong>aliquando</strong></span> <span class='ocrx_word' id='word_1_157' title='bbox 2527 2041 2934 2124; x_wconf 84' lang='lat' dir='ltr'><strong>cogitabunt.</strong></span> 
     </span>
     <span class='ocr_line' id='line_1_23' title="bbox 727 2143 2942 2230; baseline -0.001 -23"><span class='ocrx_word' id='word_1_158' title='bbox 727 2146 919 2207; x_wconf 87' lang='lat' dir='ltr'><strong>Facto</strong></span> <span class='ocrx_word' id='word_1_159' title='bbox 965 2143 1375 2227; x_wconf 85' lang='lat' dir='ltr'><strong>exprimenda</strong></span> <span class='ocrx_word' id='word_1_160' title='bbox 1426 2144 1606 2207; x_wconf 87' lang='lat' dir='ltr'><strong>vobis</strong></span> <span class='ocrx_word' id='word_1_161' title='bbox 1652 2153 1749 2207; x_wconf 88' lang='lat' dir='ltr'><strong>est</strong></span> <span class='ocrx_word' id='word_1_162' title='bbox 1798 2146 2158 2228; x_wconf 62' lang='lat' dir='ltr'><strong>Rea-equitio</strong></span> <span class='ocrx_word' id='word_1_163' title='bbox 2203 2146 2370 2229; x_wconf 89' lang='lat' dir='ltr'><strong>juris</strong></span> <span class='ocrx_word' id='word_1_164' title='bbox 2416 2145 2631 2230; x_wconf 75' lang='lat' dir='ltr'><strong>hujuS,</strong></span> <span class='ocrx_word' id='word_1_165' title='bbox 2675 2144 2942 2227; x_wconf 88' lang='lat' dir='ltr'><strong>quando</strong></span> 
     </span>
     <span class='ocr_line' id='line_1_24' title="bbox 725 2247 2941 2333; baseline 0 -24"><span class='ocrx_word' id='word_1_166' title='bbox 725 2270 854 2310; x_wconf 91' lang='lat' dir='ltr'><strong>non</strong></span> <span class='ocrx_word' id='word_1_167' title='bbox 882 2247 1042 2311; x_wconf 88' lang='lat' dir='ltr'><strong>libet</strong></span> <span class='ocrx_word' id='word_1_168' title='bbox 1073 2247 1311 2331; x_wconf 89' lang='lat' dir='ltr'><strong>scripto</strong></span> <span class='ocrx_word' id='word_1_169' title='bbox 1339 2268 1792 2329; x_wconf 72' lang='lat' dir='ltr'><strong>recoqnoseere.</strong></span> <span class='ocrx_word' id='word_1_170' title='bbox 1883 2250 2060 2313; x_wconf 91' lang='lat' dir='ltr'><strong>Nam</strong></span> <span class='ocrx_word' id='word_1_171' title='bbox 2091 2258 2189 2312; x_wconf 88' lang='lat' dir='ltr'><strong>sat</strong></span> <span class='ocrx_word' id='word_1_172' title='bbox 2218 2249 2343 2312; x_wconf 90' lang='lat' dir='ltr'><strong>illis</strong></span> <span class='ocrx_word' id='word_1_173' title='bbox 2374 2250 2512 2333; x_wconf 89' lang='lat' dir='ltr'><strong>jam</strong></span> <span class='ocrx_word' id='word_1_174' title='bbox 2558 2249 2898 2331; x_wconf 84' lang='lat' dir='ltr'><strong>cognitum</strong></span> <span class='ocrx_word' id='word_1_175' title='bbox 2919 2275 2941 2324; x_wconf 86' lang='lat'>;</span> 
     </span>
     <span class='ocr_line' id='line_1_25' title="bbox 726 2351 2944 2436; baseline -0 -22"><span class='ocrx_word' id='word_1_176' title='bbox 726 2371 866 2433; x_wconf 85' lang='lat' dir='ltr'><strong>quae</strong></span> <span class='ocrx_word' id='word_1_177' title='bbox 903 2351 980 2413; x_wconf 85' lang='lat' dir='ltr'><strong>ad</strong></span> <span class='ocrx_word' id='word_1_178' title='bbox 1029 2352 1236 2434; x_wconf 85' lang='lat' dir='ltr'><strong>Reges</strong></span> <span class='ocrx_word' id='word_1_179' title='bbox 1276 2358 1590 2433; x_wconf 86' lang='lat' dir='ltr'><strong>spectant,</strong></span> <span class='ocrx_word' id='word_1_180' title='bbox 1622 2351 1693 2414; x_wconf 90' lang='lat' dir='ltr'><strong>in</strong></span> <span class='ocrx_word' id='word_1_181' title='bbox 1736 2352 1900 2417; x_wconf 90' lang='lat' dir='ltr'><strong>libro</strong></span> <span class='ocrx_word' id='word_1_182' title='bbox 1931 2353 2041 2417; x_wconf 88' lang='lat' dir='ltr'><strong>illo</strong></span> <span class='ocrx_word' id='word_1_183' title='bbox 2077 2355 2601 2436; x_wconf 69' lang='lat' dir='ltr'><strong>Recoym&#39;tionum,</strong></span> <span class='ocrx_word' id='word_1_184' title='bbox 2630 2352 2705 2415; x_wconf 91' lang='lat' dir='ltr'><strong>in</strong></span> <span class='ocrx_word' id='word_1_185' title='bbox 2751 2352 2944 2435; x_wconf 86' lang='lat' dir='ltr'><strong>pejus</strong></span> 
     </span>
     <span class='ocr_line' id='line_1_26' title="bbox 725 2454 2943 2540; baseline 0 -22"><span class='ocrx_word' id='word_1_186' title='bbox 725 2454 941 2518; x_wconf 88' lang='lat' dir='ltr'><strong>omnia</strong></span> <span class='ocrx_word' id='word_1_187' title='bbox 979 2456 1294 2536; x_wconf 70' lang='lat' dir='ltr'><strong>recoynita</strong></span> <span class='ocrx_word' id='word_1_188' title='bbox 1334 2455 1693 2521; x_wconf 87' lang='lat' dir='ltr'><strong>Cardinali:</strong></span> <span class='ocrx_word' id='word_1_189' title='bbox 1741 2464 1816 2521; x_wconf 89' lang='lat' dir='ltr'><strong>ut</strong></span> <span class='ocrx_word' id='word_1_190' title='bbox 1858 2457 2054 2520; x_wconf 87' lang='lat' dir='ltr'><strong>videri</strong></span> <span class='ocrx_word' id='word_1_191' title='bbox 2102 2457 2318 2540; x_wconf 90' lang='lat' dir='ltr'><strong>possit,</strong></span> <span class='ocrx_word' id='word_1_192' title='bbox 2360 2477 2493 2520; x_wconf 90' lang='lat' dir='ltr'><strong>non</strong></span> <span class='ocrx_word' id='word_1_193' title='bbox 2544 2454 2672 2520; x_wconf 86' lang='lat' dir='ltr'><strong>alio</strong></span> <span class='ocrx_word' id='word_1_194' title='bbox 2716 2456 2943 2518; x_wconf 86' lang='lat' dir='ltr'><strong>animo</strong></span> 
     </span>
     <span class='ocr_line' id='line_1_27' title="bbox 726 2559 2937 2643; baseline 0.001 -22"><span class='ocrx_word' id='word_1_195' title='bbox 726 2582 872 2621; x_wconf 87' lang='lat' dir='ltr'><strong>eum</strong></span> <span class='ocrx_word' id='word_1_196' title='bbox 905 2559 1191 2639; x_wconf 80' lang='lat' dir='ltr'><strong>edidisse,</strong></span> <span class='ocrx_word' id='word_1_197' title='bbox 1226 2581 1416 2643; x_wconf 88' lang='lat' dir='ltr'><strong>quam</strong></span> <span class='ocrx_word' id='word_1_198' title='bbox 1449 2568 1523 2622; x_wconf 88' lang='lat' dir='ltr'><strong>ut</strong></span> <span class='ocrx_word' id='word_1_199' title='bbox 1551 2560 1728 2623; x_wconf 86' lang='lat' dir='ltr'><strong>ineat</strong></span> <span class='ocrx_word' id='word_1_200' title='bbox 1758 2561 1951 2624; x_wconf 87' lang='lat' dir='ltr'><strong>ctiam</strong></span> <span class='ocrx_word' id='word_1_201' title='bbox 1984 2583 2023 2623; x_wconf 90' lang='lat' dir='ltr'><strong>a</strong></span> <span class='ocrx_word' id='word_1_202' title='bbox 2052 2562 2363 2625; x_wconf 87' lang='lat' dir='ltr'><strong>Pontifice</strong></span> <span class='ocrx_word' id='word_1_203' title='bbox 2394 2561 2687 2643; x_wconf 85' lang='lat' dir='ltr'><strong>gratiam,</strong></span> <span class='ocrx_word' id='word_1_204' title='bbox 2720 2568 2937 2642; x_wconf 84' lang='lat' dir='ltr'><strong>potes-</strong></span> 
     </span>
     <span class='ocr_line' id='line_1_28' title="bbox 729 2663 2168 2748; baseline 0.002 -23"><span class='ocrx_word' id='word_1_205' title='bbox 729 2663 879 2725; x_wconf 83' lang='lat' dir='ltr'><strong>tatis</strong></span> <span class='ocrx_word' id='word_1_206' title='bbox 913 2663 1133 2746; x_wconf 81' lang='lat' dir='ltr'><strong>Regiae</strong></span> <span class='ocrx_word' id='word_1_207' title='bbox 1154 2663 1262 2747; x_wconf 89' lang='lat' dir='ltr'><strong>jus</strong></span> <span class='ocrx_word' id='word_1_208' title='bbox 1291 2664 1435 2747; x_wconf 88' lang='lat' dir='ltr'><strong>plus</strong></span> <span class='ocrx_word' id='word_1_209' title='bbox 1467 2665 1672 2748; x_wconf 87' lang='lat' dir='ltr'><strong>magis</strong></span> <span class='ocrx_word' id='word_1_210' title='bbox 1702 2664 2168 2728; x_wconf 82' lang='lat' dir='ltr'><strong>subnervando.</strong></span> 
     </span>
    </p>
   </div>
   <div class='ocr_carea' id='block_1_5' title="bbox 797 2814 2941 3119">
    <p class='ocr_par' dir='ltr' id='par_1_6' title="bbox 797 2814 2941 3119">
     <span class='ocr_line' id='line_1_29' title="bbox 797 2814 2941 2879; baseline 0.001 -17"><span class='ocrx_word' id='word_1_211' title='bbox 797 2814 940 2877; x_wconf 85' lang='lat' dir='ltr'><strong>Nego</strong></span> <span class='ocrx_word' id='word_1_212' title='bbox 963 2815 1212 2864; x_wconf 74' lang='lat' dir='ltr'><strong>Caesarem</strong></span> <span class='ocrx_word' id='word_1_213' title='bbox 1236 2814 1524 2877; x_wconf 83' lang='lat' dir='ltr'><strong>legitimum</strong></span> <span class='ocrx_word' id='word_1_214' title='bbox 1552 2814 1782 2879; x_wconf 85' lang='lat' dir='ltr'><strong>judicem</strong></span> <span class='ocrx_word' id='word_1_215' title='bbox 1805 2814 1950 2865; x_wconf 80' lang='lat' dir='ltr'><strong>Pauli</strong></span> <span class='ocrx_word' id='word_1_216' title='bbox 1972 2815 2137 2864; x_wconf 70' lang='lat' dir='ltr'><strong>fuisse.</strong></span> <span class='ocrx_word' id='word_1_217' title='bbox 2196 2814 2333 2865; x_wconf 84' lang='lat' dir='ltr'><strong>Nam</strong></span> <span class='ocrx_word' id='word_1_218' title='bbox 2354 2829 2471 2864; x_wconf 86' lang='lat' dir='ltr'><strong>cum</strong></span> <span class='ocrx_word' id='word_1_219' title='bbox 2503 2850 2773 2866; x_wconf 91' lang='grc'><strong>......</strong></span> <span class='ocrx_word' id='word_1_220' title='bbox 2809 2823 2941 2865; x_wconf 66' lang='lat' dir='ltr'><strong>essct</strong></span> 
     </span>
     <span class='ocr_line' id='line_1_30' title="bbox 860 2894 2941 2961; baseline 0.002 -19"><span class='ocrx_word' id='word_1_221' title='bbox 860 2897 1073 2957; x_wconf 82' lang='lat' dir='ltr'><strong>qnaestio</strong></span> <span class='ocrx_word' id='word_1_222' title='bbox 1103 2896 1166 2945; x_wconf 85' lang='lat' dir='ltr'><strong>de</strong></span> <span class='ocrx_word' id='word_1_223' title='bbox 1204 2895 1484 2958; x_wconf 83' lang='lat' dir='ltr'><strong>Religione,</strong></span> <span class='ocrx_word' id='word_1_224' title='bbox 1523 2900 1656 2945; x_wconf 84' lang='lat' dir='ltr'><strong>certe</strong></span> <span class='ocrx_word' id='word_1_225' title='bbox 1686 2910 1789 2946; x_wconf 87' lang='lat' dir='ltr'><strong>nou</strong></span> <span class='ocrx_word' id='word_1_226' title='bbox 1821 2900 2021 2959; x_wconf 78' lang='lat' dir='ltr'><strong>poterat</strong></span> <span class='ocrx_word' id='word_1_227' title='bbox 2047 2894 2219 2945; x_wconf 83' lang='lat' dir='ltr'><strong>Judcx</strong></span> <span class='ocrx_word' id='word_1_228' title='bbox 2251 2896 2515 2959; x_wconf 81' lang='lat' dir='ltr'><strong>legitimus</strong></span> <span class='ocrx_word' id='word_1_229' title='bbox 2551 2911 2659 2947; x_wconf 76' lang='lat' dir='ltr'><strong>esse</strong></span> <span class='ocrx_word' id='word_1_230' title='bbox 2693 2897 2941 2961; x_wconf 82' lang='lat' dir='ltr'><strong>Princeps</strong></span> 
     </span>
     <span class='ocr_line' id='line_1_31' title="bbox 861 2977 2936 3043; baseline 0 -19"><span class='ocrx_word' id='word_1_231' title='bbox 861 2977 1084 3025; x_wconf 81' lang='lat' dir='ltr'><strong>infidelis</strong></span> <span class='ocrx_word' id='word_1_232' title='bbox 1119 2982 1171 3026; x_wconf 85' lang='lat' dir='ltr'><strong>et</strong></span> <span class='ocrx_word' id='word_1_233' title='bbox 1205 2977 1595 3043; x_wconf 81' lang='lat' dir='ltr'><strong>laicus.—[Bell.</strong></span> <span class='ocrx_word' id='word_1_234' title='bbox 1635 2978 1782 3040; x_wconf 88' lang='lat' dir='ltr'><strong>Apol.</strong></span> <span class='ocrx_word' id='word_1_235' title='bbox 1820 2992 1911 3040; x_wconf 88' lang='lat' dir='ltr'><strong>pro</strong></span> <span class='ocrx_word' id='word_1_236' title='bbox 1952 2977 2120 3042; x_wconf 65' lang='lat' dir='ltr'><strong>Resp]</strong></span> <span class='ocrx_word' id='word_1_237' title='bbox 2155 2992 2203 3041; x_wconf 85' lang='lat' dir='ltr'><strong>p.</strong></span> <span class='ocrx_word' id='word_1_238' title='bbox 2231 2977 2340 3029; x_wconf 83' lang='lat'><strong>171.</strong></span> <span class='ocrx_word' id='word_1_239' title='bbox 2386 2978 2524 3041; x_wconf 86' lang='lat' dir='ltr'><strong>[Op.,</strong></span> <span class='ocrx_word' id='word_1_240' title='bbox 2563 2983 2688 3028; x_wconf 82' lang='lat' dir='ltr'><strong>tom.</strong></span> <span class='ocrx_word' id='word_1_241' title='bbox 2709 2980 2799 3028; x_wconf 74' lang='lat' dir='ltr'><strong>vii.</strong></span> <span class='ocrx_word' id='word_1_242' title='bbox 2822 2980 2936 3029; x_wconf 83' lang='lat' dir='ltr'><strong>coll.</strong></span> 
     </span>
     <span class='ocr_line' id='line_1_32' title="bbox 860 3057 1299 3119; baseline 0.002 -13"><span class='ocrx_word' id='word_1_243' title='bbox 860 3061 971 3107; x_wconf 81' lang='lat'><strong>800.</strong></span> <span class='ocrx_word' id='word_1_244' title='bbox 997 3058 1057 3106; x_wconf 88' lang='lat' dir='ltr'><strong>D.</strong></span> <span class='ocrx_word' id='word_1_245' title='bbox 1087 3060 1195 3107; x_wconf 79' lang='lat'><strong>801.</strong></span> <span class='ocrx_word' id='word_1_246' title='bbox 1212 3057 1299 3119; x_wconf 81' lang='lat' dir='ltr'><strong>A.]</strong></span> 
     </span>
    </p>
   </div>
   <div class='ocr_carea' id='block_1_6' title="bbox 728 3172 2948 4287">
    <p class='ocr_par' dir='ltr' id='par_1_7' title="bbox 728 3172 2948 4287">
     <span class='ocr_line' id='line_1_33' title="bbox 817 3172 2939 3255; baseline 0.001 -19"><span class='ocrx_word' id='word_1_247' title='bbox 817 3172 963 3236; x_wconf 78' lang='lat' dir='ltr'><strong>Quo</strong></span> <span class='ocrx_word' id='word_1_248' title='bbox 993 3192 1070 3234; x_wconf 79' lang='lat' dir='ltr'><strong>cx</strong></span> <span class='ocrx_word' id='word_1_249' title='bbox 1099 3193 1329 3254; x_wconf 87' lang='lat' dir='ltr'><strong>genere</strong></span> <span class='ocrx_word' id='word_1_250' title='bbox 1360 3180 1475 3252; x_wconf 90' lang='lat' dir='ltr'><strong>est,</strong></span> <span class='ocrx_word' id='word_1_251' title='bbox 1511 3173 1680 3255; x_wconf 91' lang='lat' dir='ltr'><strong>quod</strong></span> <span class='ocrx_word' id='word_1_252' title='bbox 1711 3175 1980 3237; x_wconf 86' lang='lat' dir='ltr'><strong>miratus</strong></span> <span class='ocrx_word' id='word_1_253' title='bbox 2012 3176 2168 3253; x_wconf 84' lang='lat' dir='ltr'><strong>Rex,</strong></span> <span class='ocrx_word' id='word_1_254' title='bbox 2203 3176 2519 3239; x_wconf 83' lang='lat' dir='ltr'><strong>Caesarem</strong></span> <span class='ocrx_word' id='word_1_255' title='bbox 2550 3175 2824 3240; x_wconf 89' lang='lat' dir='ltr'><strong>obscure</strong></span> <span class='ocrx_word' id='word_1_256' title='bbox 2854 3178 2939 3239; x_wconf 85' lang='lat' dir='ltr'><strong>ab</strong></span> 
     </span>
     <span class='ocr_line' id='line_1_34' title="bbox 730 3274 2937 3362; baseline 0.002 -24"><span class='ocrx_word' id='word_1_257' title='bbox 730 3296 805 3338; x_wconf 92' lang='lat' dir='ltr'><strong>co</strong></span> <span class='ocrx_word' id='word_1_258' title='bbox 836 3274 1054 3357; x_wconf 86' lang='lat' dir='ltr'><strong>negari</strong></span> <span class='ocrx_word' id='word_1_259' title='bbox 1085 3275 1458 3356; x_wconf 71' lang='lat' dir='ltr'><strong>Leqitimum</strong></span> <span class='ocrx_word' id='word_1_260' title='bbox 1488 3278 1681 3339; x_wconf 83' lang='lat' dir='ltr'><strong>Pauli</strong></span> <span class='ocrx_word' id='word_1_261' title='bbox 1709 3278 2009 3358; x_wconf 79' lang='lat' dir='ltr'><strong>judicem.</strong></span> <span class='ocrx_word' id='word_1_262' title='bbox 2080 3276 2208 3341; x_wconf 88' lang='lat' dir='ltr'><strong>Sed</strong></span> <span class='ocrx_word' id='word_1_263' title='bbox 2238 3278 2572 3341; x_wconf 87' lang='lat' dir='ltr'><strong>audiamus</strong></span> <span class='ocrx_word' id='word_1_264' title='bbox 2602 3280 2937 3362; x_wconf 86' lang='lat' dir='ltr'><strong>egregium</strong></span> 
     </span>
     <span class='ocr_line' id='line_1_35' title="bbox 728 3378 2938 3463; baseline 0.003 -25"><span class='ocrx_word' id='word_1_265' title='bbox 728 3393 1101 3460; x_wconf 84' lang='lat' dir='ltr'><strong>responsum</strong></span> <span class='ocrx_word' id='word_1_266' title='bbox 1128 3378 1504 3457; x_wconf 79' lang='lat' dir='ltr'><strong>CardinaliS,</strong></span> <span class='ocrx_word' id='word_1_267' title='bbox 1527 3380 1718 3463; x_wconf 85' lang='lat' dir='ltr'><strong>quiid</strong></span> <span class='ocrx_word' id='word_1_268' title='bbox 1739 3381 1878 3463; x_wconf 89' lang='lat' dir='ltr'><strong>jam</strong></span> <span class='ocrx_word' id='word_1_269' title='bbox 1908 3381 2120 3463; x_wconf 87' lang='lat' dir='ltr'><strong>palam</strong></span> <span class='ocrx_word' id='word_1_270' title='bbox 2150 3386 2379 3462; x_wconf 83' lang='lat' dir='ltr'><strong>negat3</strong></span> <span class='ocrx_word' id='word_1_271' title='bbox 2425 3381 2637 3463; x_wconf 90' lang='lat' dir='ltr'><strong>palam</strong></span> <span class='ocrx_word' id='word_1_272' title='bbox 2669 3381 2737 3446; x_wconf 85' lang='lat' dir='ltr'><strong>id</strong></span> <span class='ocrx_word' id='word_1_273' title='bbox 2768 3384 2938 3446; x_wconf 85' lang='lat' dir='ltr'><strong>affir-</strong></span> 
     </span>
     <span class='ocr_line' id='line_1_36' title="bbox 728 3481 2943 3567; baseline 0.003 -25"><span class='ocrx_word' id='word_1_274' title='bbox 728 3487 949 3543; x_wconf 85' lang='lat' dir='ltr'><strong>mante</strong></span> <span class='ocrx_word' id='word_1_275' title='bbox 993 3481 1325 3564; x_wconf 89' lang='lat' dir='ltr'><strong>Apost010,</strong></span> <span class='ocrx_word' id='word_1_276' title='bbox 1357 3481 1512 3544; x_wconf 91' lang='lat' dir='ltr'><strong>dum</strong></span> <span class='ocrx_word' id='word_1_277' title='bbox 1557 3483 1880 3566; x_wconf 90' lang='lat' dir='ltr'><strong>conceptis</strong></span> <span class='ocrx_word' id='word_1_278' title='bbox 1925 3483 2005 3547; x_wconf 88' lang='lat' dir='ltr'><strong>ab</strong></span> <span class='ocrx_word' id='word_1_279' title='bbox 2053 3504 2130 3546; x_wconf 93' lang='lat' dir='ltr'><strong>eo</strong></span> <span class='ocrx_word' id='word_1_280' title='bbox 2180 3483 2388 3547; x_wconf 85' lang='lat' dir='ltr'><strong>verbis</strong></span> <span class='ocrx_word' id='word_1_281' title='bbox 2426 3484 2811 3567; x_wconf 83' lang='lat' dir='ltr'><strong>interposita</strong></span> <span class='ocrx_word' id='word_1_282' title='bbox 2852 3486 2943 3547; x_wconf 77' lang='lat' dir='ltr'><strong>ud</strong></span> 
     </span>
     <span class='ocr_line' id='line_1_37' title="bbox 735 3584 2939 3667; baseline 0.003 -22"><span class='ocrx_word' id='word_1_283' title='bbox 735 3584 1036 3646; x_wconf 76' lang='lat' dir='ltr'><strong>Caesarem</strong></span> <span class='ocrx_word' id='word_1_284' title='bbox 1067 3585 1400 3665; x_wconf 81' lang='lat' dir='ltr'><strong>appellatio</strong></span> <span class='ocrx_word' id='word_1_285' title='bbox 1431 3594 1737 3667; x_wconf 87' lang='lat' dir='ltr'><strong>tanquam</strong></span> <span class='ocrx_word' id='word_1_286' title='bbox 1767 3586 1846 3649; x_wconf 91' lang='lat' dir='ltr'><strong>ad</strong></span> <span class='ocrx_word' id='word_1_287' title='bbox 1879 3587 1920 3649; x_wconf 85' lang='lat' dir='ltr'><strong>J</strong></span> <span class='ocrx_word' id='word_1_288' title='bbox 1925 3586 2195 3664; x_wconf 87' lang='lat' dir='ltr'><strong>udicem,</strong></span> <span class='ocrx_word' id='word_1_289' title='bbox 2227 3587 2316 3649; x_wconf 84' lang='lat' dir='ltr'><strong>ad</strong></span> <span class='ocrx_word' id='word_1_290' title='bbox 2343 3587 2516 3667; x_wconf 75' lang='lat' dir='ltr'><strong>cujus</strong></span> <span class='ocrx_word' id='word_1_291' title='bbox 2544 3609 2683 3649; x_wconf 79' lang='lat' dir='ltr'><strong>eum</strong></span> <span class='ocrx_word' id='word_1_292' title='bbox 2719 3588 2939 3651; x_wconf 79' lang='lat' dir='ltr'><strong>Tribu-</strong></span> 
     </span>
     <span class='ocr_line' id='line_1_38' title="bbox 729 3687 2939 3773; baseline 0.003 -25"><span class='ocrx_word' id='word_1_293' title='bbox 729 3689 840 3749; x_wconf 85' lang='lat' dir='ltr'><strong>nal</strong></span> <span class='ocrx_word' id='word_1_294' title='bbox 866 3688 1137 3768; x_wconf 81' lang='lat' dir='ltr'><strong>oportuit</strong></span> <span class='ocrx_word' id='word_1_295' title='bbox 1149 3687 1438 3768; x_wconf 83' lang='lat' dir='ltr'><strong>judicari</strong></span> <span class='ocrx_word' id='word_1_296' title='bbox 1457 3689 1494 3751; x_wconf 71' lang='lat'><strong>‘.</strong></span> <span class='ocrx_word' id='word_1_297' title='bbox 1559 3689 1779 3771; x_wconf 87' lang='lat' dir='ltr'><strong>Negat</strong></span> <span class='ocrx_word' id='word_1_298' title='bbox 1809 3710 1992 3753; x_wconf 88' lang='lat' dir='ltr'><strong>vero:</strong></span> <span class='ocrx_word' id='word_1_299' title='bbox 2039 3689 2211 3772; x_wconf 89' lang='lat' dir='ltr'><strong>quod</strong></span> <span class='ocrx_word' id='word_1_300' title='bbox 2234 3691 2521 3768; x_wconf 68' lang='lat' dir='ltr'><strong>Quae-stin,</strong></span> <span class='ocrx_word' id='word_1_301' title='bbox 2547 3712 2683 3773; x_wconf 78' lang='lat' dir='ltr'><strong>quae</strong></span> <span class='ocrx_word' id='word_1_302' title='bbox 2712 3692 2939 3773; x_wconf 61' lang='lat' dir='ltr'><strong>ageba-</strong></span> 
     </span>
     <span class='ocr_line' id='line_1_39' title="bbox 731 3789 2942 3873; baseline 0.003 -22"><span class='ocrx_word' id='word_1_303' title='bbox 731 3795 854 3866; x_wconf 81' lang='lat' dir='ltr'><strong>tur,</strong></span> <span class='ocrx_word' id='word_1_304' title='bbox 893 3789 971 3852; x_wconf 87' lang='lat' dir='ltr'><strong>de</strong></span> <span class='ocrx_word' id='word_1_305' title='bbox 1001 3791 1323 3871; x_wconf 74' lang='lat' dir='ltr'><strong>Reliyione</strong></span> <span class='ocrx_word' id='word_1_306' title='bbox 1353 3790 1493 3870; x_wconf 79' lang='lat' dir='ltr'><strong>fuit</strong></span> <span class='ocrx_word' id='word_1_307' title='bbox 1516 3818 1533 3852; x_wconf 85' lang='lat'><strong>.-</strong></span> <span class='ocrx_word' id='word_1_308' title='bbox 1590 3789 1718 3854; x_wconf 82' lang='lat' dir='ltr'><strong>Sed</strong></span> <span class='ocrx_word' id='word_1_309' title='bbox 1758 3812 1968 3873; x_wconf 89' lang='lat' dir='ltr'><strong>neque</strong></span> <span class='ocrx_word' id='word_1_310' title='bbox 2012 3791 2174 3855; x_wconf 81' lang='lat' dir='ltr'><strong>fuit:</strong></span> <span class='ocrx_word' id='word_1_311' title='bbox 2222 3793 2373 3855; x_wconf 81' lang='lat' dir='ltr'><strong>Fuit</strong></span> <span class='ocrx_word' id='word_1_312' title='bbox 2420 3793 2595 3856; x_wconf 91' lang='lat' dir='ltr'><strong>enim</strong></span> <span class='ocrx_word' id='word_1_313' title='bbox 2640 3793 2721 3858; x_wconf 87' lang='lat' dir='ltr'><strong>de</strong></span> <span class='ocrx_word' id='word_1_314' title='bbox 2768 3794 2942 3858; x_wconf 83' lang='lat' dir='ltr'><strong>facto</strong></span> 
     </span>
     <span class='ocr_line' id='line_1_40' title="bbox 730 3890 2946 3979; baseline 0.003 -25"><span class='ocrx_word' id='word_1_315' title='bbox 730 3890 949 3954; x_wconf 87' lang='lat' dir='ltr'><strong>Pauli:</strong></span> <span class='ocrx_word' id='word_1_316' title='bbox 996 3890 1075 3955; x_wconf 89' lang='lat' dir='ltr'><strong>dc</strong></span> <span class='ocrx_word' id='word_1_317' title='bbox 1121 3913 1248 3974; x_wconf 91' lang='lat' dir='ltr'><strong>quo</strong></span> <span class='ocrx_word' id='word_1_318' title='bbox 1293 3894 1508 3955; x_wconf 84' lang='lat' dir='ltr'><strong>Caesar</strong></span> <span class='ocrx_word' id='word_1_319' title='bbox 1549 3893 1750 3975; x_wconf 83' lang='lat' dir='ltr'><strong>judex</strong></span> <span class='ocrx_word' id='word_1_320' title='bbox 1794 3894 2063 3958; x_wconf 82' lang='lat' dir='ltr'><strong>fortasse</strong></span> <span class='ocrx_word' id='word_1_321' title='bbox 2112 3916 2248 3959; x_wconf 89' lang='lat' dir='ltr'><strong>non</strong></span> <span class='ocrx_word' id='word_1_322' title='bbox 2296 3895 2589 3975; x_wconf 87' lang='lat' dir='ltr'><strong>idoneus,</strong></span> <span class='ocrx_word' id='word_1_323' title='bbox 2628 3898 2946 3979; x_wconf 64' lang='lat' dir='ltr'><strong>lepitimus</strong></span> 
     </span>
     <span class='ocr_line' id='line_1_41' title="bbox 728 3995 2942 4080; baseline 0.003 -23"><span class='ocrx_word' id='word_1_324' title='bbox 728 4002 967 4071; x_wconf 87' lang='lat' dir='ltr'><strong>tamen,</strong></span> <span class='ocrx_word' id='word_1_325' title='bbox 1003 4001 1068 4059; x_wconf 91' lang='lat' dir='ltr'><strong>et</strong></span> <span class='ocrx_word' id='word_1_326' title='bbox 1099 3995 1224 4072; x_wconf 92' lang='lat' dir='ltr'><strong>cui,</strong></span> <span class='ocrx_word' id='word_1_327' title='bbox 1258 4015 1369 4078; x_wconf 89' lang='lat' dir='ltr'><strong>pcr</strong></span> <span class='ocrx_word' id='word_1_328' title='bbox 1397 3996 1658 4060; x_wconf 87' lang='lat' dir='ltr'><strong>idoneos</strong></span> <span class='ocrx_word' id='word_1_329' title='bbox 1686 3997 2068 4080; x_wconf 88' lang='lat' dir='ltr'><strong>cognitores,</strong></span> <span class='ocrx_word' id='word_1_330' title='bbox 2102 4005 2381 4062; x_wconf 88' lang='lat' dir='ltr'><strong>statuere</strong></span> <span class='ocrx_word' id='word_1_331' title='bbox 2411 3998 2491 4063; x_wconf 89' lang='lat' dir='ltr'><strong>de</strong></span> <span class='ocrx_word' id='word_1_332' title='bbox 2521 4000 2697 4064; x_wconf 83' lang='lat' dir='ltr'><strong>facto</strong></span> <span class='ocrx_word' id='word_1_333' title='bbox 2723 3999 2942 4063; x_wconf 90' lang='lat' dir='ltr'><strong>licuis-</strong></span> 
     </span>
     <span class='ocr_line' id='line_1_42' title="bbox 729 4097 2948 4185; baseline 0.003 -26"><span class='ocrx_word' id='word_1_334' title='bbox 729 4105 845 4159; x_wconf 89' lang='lat' dir='ltr'><strong>set.</strong></span> <span class='ocrx_word' id='word_1_335' title='bbox 941 4097 1229 4180; x_wconf 88' lang='lat' dir='ltr'><strong>Suspicio</strong></span> <span class='ocrx_word' id='word_1_336' title='bbox 1258 4097 1430 4161; x_wconf 91' lang='lat' dir='ltr'><strong>enim</strong></span> <span class='ocrx_word' id='word_1_337' title='bbox 1449 4101 1682 4180; x_wconf 84' lang='lat' dir='ltr'><strong>polluti</strong></span> <span class='ocrx_word' id='word_1_338' title='bbox 1719 4100 1970 4181; x_wconf 81' lang='lat' dir='ltr'><strong>Templi,</strong></span> <span class='ocrx_word' id='word_1_339' title='bbox 2002 4122 2078 4164; x_wconf 86' lang='lat' dir='ltr'><strong>ex</strong></span> <span class='ocrx_word' id='word_1_340' title='bbox 2108 4100 2278 4164; x_wconf 89' lang='lat' dir='ltr'><strong>facto</strong></span> <span class='ocrx_word' id='word_1_341' title='bbox 2306 4101 2513 4180; x_wconf 82' lang='lat' dir='ltr'><strong>Pauli,</strong></span> <span class='ocrx_word' id='word_1_342' title='bbox 2543 4103 2802 4185; x_wconf 89' lang='lat' dir='ltr'><strong>(nempe</strong></span> <span class='ocrx_word' id='word_1_343' title='bbox 2819 4124 2948 4183; x_wconf 82' lang='lat' dir='ltr'><strong>per</strong></span> 
     </span>
     <span class='ocr_line' id='line_1_43' title="bbox 735 4199 2947 4287; baseline 0.004 -28"><span class='ocrx_word' id='word_1_344' title='bbox 735 4199 1130 4281; x_wconf 70' lang='lat' dir='ltr'><strong>Troplaimum</strong></span> <span class='ocrx_word' id='word_1_345' title='bbox 1160 4209 1226 4264; x_wconf 87' lang='lat' dir='ltr'><strong>et</strong></span> <span class='ocrx_word' id='word_1_346' title='bbox 1255 4201 1531 4264; x_wconf 74' lang='lat' dir='ltr'><strong>Gentiles</strong></span> <span class='ocrx_word' id='word_1_347' title='bbox 1559 4224 1636 4266; x_wconf 92' lang='lat' dir='ltr'><strong>eo</strong></span> <span class='ocrx_word' id='word_1_348' title='bbox 1665 4203 2052 4266; x_wconf 70' lang='lat' dir='ltr'><strong>introductos</strong></span> <span class='ocrx_word' id='word_1_349' title='bbox 2061 4204 2112 4285; x_wconf 81' lang='lat'><strong>¹²)</strong></span> <span class='ocrx_word' id='word_1_350' title='bbox 2153 4204 2497 4267; x_wconf 82' lang='lat' dir='ltr'><strong>commovit</strong></span> <span class='ocrx_word' id='word_1_351' title='bbox 2528 4205 2741 4287; x_wconf 89' lang='lat' dir='ltr'><strong>primo</strong></span> <span class='ocrx_word' id='word_1_352' title='bbox 2772 4206 2947 4269; x_wconf 81' lang='lat' dir='ltr'><strong>Civi-</strong></span> 
     </span>
    </p>
   </div>
   <div class='ocr_carea' id='block_1_7' title="bbox 793 4385 2589 4454">
    <p class='ocr_par' dir='ltr' id='par_1_8' title="bbox 793 4385 2589 4454">
     <span class='ocr_line' id='line_1_44' title="bbox 793 4385 2589 4454; baseline 0.003 -21"><span class='ocrx_word' id='word_1_353' title='bbox 793 4393 810 4415; x_wconf 88' lang='grc'>·</span> <span class='ocrx_word' id='word_1_354' title='bbox 845 4385 940 4449; x_wconf 87' lang='lat' dir='ltr'><strong>[Dc</strong></span> <span class='ocrx_word' id='word_1_355' title='bbox 977 4385 1207 4449; x_wconf 82' lang='lat' dir='ltr'><strong>Exempt.</strong></span> <span class='ocrx_word' id='word_1_356' title='bbox 1247 4386 1372 4436; x_wconf 86' lang='lat' dir='ltr'><strong>Clcr.</strong></span> <span class='ocrx_word' id='word_1_357' title='bbox 1411 4389 1526 4437; x_wconf 85' lang='lat' dir='ltr'><strong>vide</strong></span> <span class='ocrx_word' id='word_1_358' title='bbox 1565 4388 1687 4438; x_wconf 85' lang='lat' dir='ltr'><strong>Bell.</strong></span> <span class='ocrx_word' id='word_1_359' title='bbox 1723 4390 1786 4439; x_wconf 85' lang='lat' dir='ltr'><strong>de</strong></span> <span class='ocrx_word' id='word_1_360' title='bbox 1941 4393 1955 4420; x_wconf 74' lang='lat'>‘</span> <span class='ocrx_word' id='word_1_361' title='bbox 1990 4389 2124 4454; x_wconf 82' lang='lat' dir='ltr'><strong>[Act.</strong></span> <span class='ocrx_word' id='word_1_362' title='bbox 2146 4391 2321 4453; x_wconf 66' lang='lat' dir='ltr'><strong>Apost.</strong></span> <span class='ocrx_word' id='word_1_363' title='bbox 2346 4405 2464 4439; x_wconf 81' lang='lat' dir='ltr'><strong>xxv.</strong></span> <span class='ocrx_word' id='word_1_364' title='bbox 2489 4389 2589 4454; x_wconf 87' lang='lat'><strong>10.]</strong></span> 
     </span>
    </p>
   </div>
   <div class='ocr_carea' id='block_1_8' title="bbox 728 4448 2441 4572">
    <p class='ocr_par' dir='ltr' id='par_1_9' title="bbox 728 4448 2441 4572">
     <span class='ocr_line' id='line_1_45' title="bbox 728 4448 2441 4572; baseline 0.005 -78"><span class='ocrx_word' id='word_1_365' title='bbox 728 4448 1033 4572; x_wconf 41' lang='lat' dir='ltr'><strong>glglssgng’}</strong></span> <span class='ocrx_word' id='word_1_366' title='bbox 1067 4467 1207 4513; x_wconf 76' lang='lat' dir='ltr'><strong>capp.</strong></span> <span class='ocrx_word' id='word_1_367' title='bbox 1229 4454 1306 4509; x_wconf 81' lang='lat'><strong>28,</strong></span> <span class='ocrx_word' id='word_1_368' title='bbox 1330 4455 1406 4501; x_wconf 80' lang='lat'><strong>29.</strong></span> <span class='ocrx_word' id='word_1_369' title='bbox 1446 4454 1557 4516; x_wconf 68' lang='lat' dir='ltr'><strong>Op„</strong></span> <span class='ocrx_word' id='word_1_370' title='bbox 1580 4459 1702 4502; x_wconf 82' lang='lat' dir='ltr'><strong>tom.</strong></span> <span class='ocrx_word' id='word_1_371' title='bbox 1730 4454 1783 4502; x_wconf 82' lang='lat' dir='ltr'><strong>ii.</strong></span> <span class='ocrx_word' id='word_1_372' title='bbox 1939 4463 1959 4484; x_wconf 73' lang='lat'><strong>⁹</strong></span> <span class='ocrx_word' id='word_1_373' title='bbox 1995 4456 2109 4503; x_wconf 65' lang='lat' dir='ltr'><strong>Act.</strong></span> <span class='ocrx_word' id='word_1_374' title='bbox 2135 4457 2244 4504; x_wconf 79' lang='lat' dir='ltr'><strong>xxi.</strong></span> <span class='ocrx_word' id='word_1_375' title='bbox 2267 4457 2347 4514; x_wconf 81' lang='lat'><strong>28,</strong></span> <span class='ocrx_word' id='word_1_376' title='bbox 2365 4456 2441 4503; x_wconf 82' lang='lat'><strong>29.</strong></span> 
     </span>
    </p>
   </div>
  </div>
 </body>
</html>
