3165 4959
968 404 1334 453 Aromoiffl
1378 405 1739 453 nesroxsm.
2383 391 2467 453 07

337 559 776 623 Theodosium
799 582 950 623 vero
985 561 1142 639 Rex,
1162 568 1236 624 ut
1266 582 1387 624 nec
1418 570 1588 638 ante,
1617 561 1988 623 Sanctorum
2010 561 2424 622 invocatorem
2447 586 2465 620 .·
2497 566 2758 643 [Testimo-

246 663 344 726 ita
373 685 586 745 neque
615 664 721 726 hic
745 666 902 748 jam,
934 664 1365 746 Reliquiarum
1396 665 1790 726 adoratorem
1821 663 2146 741 concedet,
2173 684 2319 726 cum
2349 684 2469 726 nec
2495 632 2777 745 Effinssgenffl‘

246 767 375 829 hoc
408 767 708 831 Ruffinus
740 774 1000 831 asserat.
1090 768 1316 831 Jacere
1356 768 1529 831 enim
1575 773 1721 830 ante
1759 768 2125 848 Martyrum
2161 769 2466 849 sepulcra,
2493 761 2715 889 figes&

248 892 385 934 non
427 870 636 953 magis
665 871 792 949 hic,
835 871 1007 954 apud
1038 872 1388 949 Ru‘ffinum,
1423 872 1692 935 adorare
1744 878 1862 950 est,
1912 892 2122 953 quam,
2157 880 2308 934 ante
2329 872 2467 955 jam
2571 863 2583 886 ³

248 974 427 1056 apud
474 974 828 1037 Eusebium
871 974 1016 1053 fuit,
1049 995 1248 1037 orare.
1342 976 1485 1037 Nec
1530 975 1704 1037 enim
1748 982 2000 1059 poterat
2029 975 2098 1038 in
2141 974 2297 1038 locis
2326 996 2466 1038 ora-

249 1079 508 1140 tionum
540 1085 941 1159 prosternere
986 1100 1071 1156 se,
1114 1084 1186 1141 ut
1236 1085 1388 1142 ante
1431 1078 1754 1159 Martyris
1800 1078 2071 1162 alicujus
2115 1080 2466 1161 sepulcrum

251 1203 387 1244 non
410 1181 700 1263 jaceret3
750 1180 915 1244 addo
961 1182 1175 1259 etiam,
1228 1189 1304 1244 ut
1346 1189 1497 1244 ante
1542 1182 1853 1264 parietem
1899 1182 2177 1264 aliquem
2215 1184 2315 1247 vel
2361 1204 2464 1246 co-

252 1284 549 1346 lumnam
626 1284 696 1346 in
769 1284 1128 1367 propinquo
1207 1307 1341 1348 non
1408 1286 1675 1368 jaceret.
1793 1286 2172 1368 Sepulcrum
2244 1293 2467 1350 tamen
2553 1302 2558 1305 ’

252 1388 488 1470 ipsum,
538 1408 673 1450 non
720 1388 926 1470 magis
978 1410 1170 1470 quam
1218 1387 1527 1471 parietem
1590 1388 1881 1452 adorabit
1927 1389 2028 1451 vel
2079 1389 2463 1453 columnam.

255 1491 400 1554 Nec
432 1490 608 1553 enim
653 1499 1016 1554 commeant
1044 1492 1169 1554 ista
1197 1493 1370 1555 inter
1399 1514 1486 1570 se,
1519 1491 1621 1554 vel
1665 1513 2023 1575 synonyma
2059 1499 2230 1569 sunt,
2244 1494 2467 1573 jacere

257 1602 407 1658 ante
455 1596 841 1676 Sepulcrum,
892 1601 957 1658 et
998 1596 1285 1658 adorare.
1403 1596 1532 1659 Sed
1577 1617 1788 1678 neque
1832 1596 2115 1659 edoctum
2158 1597 2465 1661 concedet

255 1720 296 1760 a
358 1697 802 1760 Sacerdotibus
858 1700 1083 1760 veteris
1131 1698 1450 1776 Ecclesioe,
1511 1712 1586 1761 ut
1627 1699 1725 1762 vel
1778 1700 2102 1782 Reliquias
2148 1701 2461 1778 adoraret,

256 1823 415 1883 quas
476 1802 917 1884 Hieronymus
968 1801 1224 1864 disertis
1282 1802 1492 1865 verbis
1548 1808 1745 1885 negat
1805 1803 2065 1866 adorari
2086 1813 2108 1842 ¹
2129 1831 2149 1866 :
2231 1805 2333 1868 vel
2390 1812 2463 1867 ut

257 1907 535 1968 Sanctos
580 1906 918 1984 invocaret,
981 1927 1139 1988 quos
1199 1906 1646 1988 Augustinus·
1707 1920 1886 1990 aeque
1945 1907 2201 1971 disertis
2251 1909 2463 1972 verbis

252 2015 453 2091 negat
483 2009 783 2071 invocari.

318 2151 369 2200 S.
393 2151 604 2199 Maxim.
632 2187 643 2200 .
668 2187 681 2198 .
707 2187 720 2199 .
753 2150 815 2200 de
839 2148 923 2200 SS.
949 2149 1122 2201 Octav.
1148 2151 1278 2201 Λᾶν.
1303 2156 1396 2201 etc.
1421 2188 1433 2199 .
1457 2189 1470 2201 .
1498 2189 1510 2201 .
1538 2159 1551 2181 ‘
1571 2151 1671 2201 Sed
1705 2152 1743 2201 ii
1776 2154 2028 2216 proeeipue
2064 2154 2350 2213 venerandi,
2375 2192 2387 2205 .
2413 2192 2424 2204 .
2451 2190 2464 2204 .

385 2249 603 2297 quorum
637 2234 876 2297 reliquias
920 2234 1292 2297 possidemus‘.’
1316 2263 1371 2271 —
1404 2235 1551 2300 [Bell.
1592 2236 1743 2299 Apol.
1782 2250 1872 2299 pro
1919 2235 2092 2300 Resp.]
2132 2251 2180 2299 p.
2208 2237 2283 2288 17.
2325 2237 2464 2302 [Op.,

385 2322 510 2365 tom.
537 2317 625 2366 vii.
650 2316 740 2365 col.
769 2317 879 2368 714.
909 2316 964 2365 Β.
991 2315 1069 2380 0.]

352 2432 484 2498 Sed
524 2454 734 2516 neque
787 2454 934 2497 cum
982 2432 1275 2498 Maximo
1322 2456 1609 2519 pugnare
1661 2435 1918 2499 animus
1962 2441 2080 2515 est,
2112 2443 2188 2499 ut
2223 2436 2465 2511 Sancti,
2497 2443 2794 2560 &Maximi

256 2559 537 2620 quorum
570 2544 748 2601 certo
778 2537 1055 2620 quodam
1086 2537 1156 2600 in
1186 2538 1327 2601 loco
1363 2559 1628 2622 corpora
1666 2540 2098 2621 requiescunt,
2148 2541 2365 2622 (atque
2399 2540 2469 2602 id
2539 2509 2728 2573 auria]

252 2649 436 2705 certo
467 2641 740 2721 constet)
775 2641 1088 2721 peculiari
1128 2642 1196 2703 in
1226 2642 1438 2723 pretio
1467 2643 1615 2717 sint,
1652 2648 1862 2723 praeut
1892 2643 1961 2719 ii,
1994 2643 2101 2723 qui
2131 2642 2284 2704 alibi
2322 2648 2468 2704 sunt

256 2746 508 2826 sepulti.
620 2744 809 2808 Nihil
867 2744 1042 2808 enim
1100 2744 1223 2808 hoc
1280 2746 1589 2828 pictatem
1647 2745 1941 2826 impedit.
2048 2747 2141 2810 At
2201 2746 2469 2808 adorare

320 2981 638 3033 Gaudentius
662 3019 675 3032 .
699 3019 711 3032 .
737 3020 750 3031 .
782 2982 845 3033 de
877 2982 988 3033 ded.
1019 2983 1147 3033 Basi.
1174 3019 1185 3031 .
1212 3020 1224 3032 .
1251 3018 1263 3031 .
1300 2987 1314 3010 ⁴
1330 2982 1403 3032 Ut
1424 2981 1734 3033 venerandas
1757 3019 1769 3032 .
1793 3020 1806 3033 .
1832 3019 1844 3031 .
1878 2982 2173 3032 Sanctorum
2210 2982 2468 3047 Reliquias

386 3065 700 3127 haberemus,
724 3066 859 3115 Deus
892 3071 1062 3115 noster
1093 3066 1291 3126 tribuit,
1315 3065 1498 3116 deinde
1531 3070 1591 3115 ut
1623 3065 1753 3116 hanc
1788 3065 1965 3115 honori
2000 3081 2169 3115 earum
2195 3067 2466 3118 Basilicam

386 3147 595 3198 fundare
619 3149 911 3209 valeremus,
934 3150 1039 3213 ipae
1062 3149 1275 3213 largitus
1296 3154 1373 3198 est
1383 3149 1660 3214 ·.·—[Be11.
1678 3149 1825 3214 Apol.
1846 3165 1936 3214 pro
1955 3149 2128 3214 Resp.]
2152 3166 2198 3214 p.
2221 3151 2297 3204 17.
2326 3151 2464 3215 [Op.,

387 3233 492 3278 tom
516 3231 602 3279 vii.
638 3231 729 3280 col.
753 3231 861 3282 714.
887 3230 964 3295 Q]

347 3330 551 3412 Atqui
580 3351 665 3393 ne
695 3330 878 3393 valde
903 3330 1180 3413 gaudeat
1225 3330 1305 3393 de
1354 3330 1724 3393 Gaudentio
1772 3352 1905 3409 su0,
1938 3331 2050 3414 qui
2093 3332 2260 3394 tanti
2289 3332 2460 3395 Reli·
2491 3326 2753 3404 [panden-

258 3433 436 3513 quz'as
464 3434 640 3512 facit,
660 3441 732 3496 ut
752 3435 1069 3496 Basilicas
1091 3455 1310 3497 earum
1341 3433 1570 3497 honori
1593 3434 1849 3497 fundari
1871 3435 2044 3498 velit.
2091 3435 2461 3518 Augustino
2487 3393 2597 3456 ω’]

256 3537 426 3598 enim
459 3537 580 3600 hoc
620 3559 751 3600 non
792 3537 1090 3621 placeret,
1125 3537 1234 3619 qui
1286 3538 1454 3600 tanti
1507 3538 1827 3619 Reliquias
1865 3560 1997 3602 non
2038 3538 2226 3615 facit3
2276 3539 2459 3620 cujus

254 3639 410 3702 illud
444 3649 540 3702 cst
568 3667 581 3703 ε
629 3641 765 3703 Nos
790 3689 804 3703 .
842 3689 856 3703 .
894 3689 908 3703 .
933 3640 1336 3722 Martyribus
1363 3642 1615 3719 uostris,
1646 3663 1768 3704 non
1797 3641 2065 3722 Templa,
2089 3643 2250 3703 sicut
2268 3641 2416 3702 Diis
2435 3669 2455 3704 .-

250 3743 363 3803 sed
388 3744 734 3806 Memorias
764 3749 1059 3825 tanquam
1101 3743 1249 3826 [leg.
1274 3745 1461 3828 sicut]
1492 3726 1837 3807 hominibus
1865 3745 2144 3821 mortuis,
2179 3745 2456 3825 (quorum
2594 3744 2672 3807 51

252 3847 424 3926 apud
466 3848 666 3909 Deum
714 3849 924 3910 vivunt
975 3848 1257 3929 spiritus)
1294 3848 1693 3928 fabricamus
1711 3857 1757 3910 ¹.
1849 3847 2090 3910 Melius
2136 3856 2352 3910 autem
2389 3847 2458 3910 id

250 3949 476 4028 multo,
510 3952 843 4033 magisque
891 3951 971 4013 ad
1019 3952 1345 4034 pictatem.
1438 3953 1635 4034 Apud
1666 3951 1980 4032 Martyris
2027 3951 2198 4014 enim
2236 3972 2457 4014 memo-

313 4106 331 4129 *
389 4098 438 4145 S.
479 4096 641 4163 Hier]
681 4098 842 4162 Epist.
882 4098 999 4163 [cix.
1043 4097 1177 4147 Van.
1219 4100 1299 4158 (al.
1392 4100 1704 4149 orationibus
1747 4099 2007 4161 adjuvant,
2052 4099 2139 4147 isti
2176 4099 2328 4148 etiam
2375 4097 2457 4147 ad·

250 4161 367 4218 liii.)
414 4162 477 4210 ad
504 4163 764 4226 Riparium
788 4162 954 4213 adver.
980 4163 1140 4226 vigil.
1168 4164 1303 4229 [sect.
1384 4165 1570 4228 juvant
1608 4164 1995 4227 passione.”—-S.
2033 4163 2168 4212 Max.
2210 4163 2376 4211 Hom.'
2399 4164 2454 4212 iu

253 4229 296 4273 l.
340 4231 452 4289 Op„
477 4233 598 4277 tom.
621 4228 655 4277 i.
680 4229 772 4278 col.
796 4230 905 4278 720.
930 4229 1021 4293 A.]
1395 4229 1515 4279 Nat.
1563 4229 1648 4278 SS.
1675 4229 1832 4278 Octav
1851 4266 1865 4289 ,
1910 4230 2097 4278 Avent.
2140 4233 2191 4276 et
2235 4226 2449 4277 Solutor.

315 4298 333 4321 ⁸
399 4292 448 4340 S.
468 4293 629 4357 Aug]
667 4293 729 4342 de
765 4292 1003 4371 Cim-pei,
1026 4292 1158 4361 [1112]
1183 4295 1306 4344 xxii.
1395 4294 1573 4344 —-Bib.
1597 4294 1870 4352 Pat.Max.,
1892 4298 2012 4342 tom.
2035 4293 2171 4370 νίκῃ.
2189 4294 2267 4368 «il.
2294 4291 2348 4341 E.
2374 4291 2450 4368 iffi]

245 4355 374 4451 [αἶρ’
394 4356 1309 4489 “¹&832&345313333-33532323
1400 4356 2452 4485 Biiffifflz‚lffiasszffhssffessaiz

238 4485 440 4534 tissime
458 4487 745 4550 percolendi
766 4494 898 4549 suut,
918 4492 1003 4540 sed
1028 4489 1310 4555 specialiter
1396 4489 1549 4548 Max„
1576 4493 1696 4538 tom.
1720 4504 1767 4537 v.
1791 4503 1839 4552 p.
1861 4490 1969 4537 968.
1996 4487 2075 4552 G.]

239 4551 277 4599 ii
325 4551 599 4601 venerandi
645 4557 764 4601 sunt
806 4570 837 4603 a
878 4557 1039 4616 nobis,
1096 4569 1307 4617 quorum
1460 4562 1482 4585 ¹
1517 4555 1587 4619 [S.
1612 4555 1743 4617 Aug.
1780 4555 1842 4603 ‹le
1877 4555 2028 4603 civit.
2065 4553 2174 4614 Dei,
2205 4552 2292 4602 lib.
2321 4553 2448 4603 xin.

237 4616 485 4679 reliquias
536 4618 862 4680 possidemus,
908 4620 986 4670 illi
1030 4623 1167 4671 enim
1219 4635 1310 4670 nos
1394 4635 1502 4683 cap.
1532 4623 1604 4669 10.
1628 4620 1736 4683 Op,
1761 4625 1882 4670 tom.
1901 4620 1988 4669 vii.
2013 4618 2104 4669 col.
2132 4619 2270 4670 1073.
2298 4617 2381 4680 Q]
2432 4635 2439 4645 ·

1807 4706 1927 4767 r2
