3165 4959
1001 294 1368 344 APOLOGIAM
1413 297 1777 348 mronsm.
2368 292 2496 352 455

274 445 471 509 ritur.
559 446 805 510 Audite
833 468 987 530 ergo
1015 449 1208 527 hunc,
1240 452 1502 515 Stellam
1547 451 1716 517 hanc
1747 454 2074 519 Luc-idam.
2168 461 2188 490 ‘
2210 458 2496 521 Serenis-

277 548 429 610 simi
470 549 700 632 Reges,
732 552 1077 635 scripturas
1116 574 1303 636 parce
1348 555 1686 637 attingite;
1736 558 1995 621 aliunde
2039 580 2209 637 vern,
2240 580 2376 622 non
2416 582 2493 624 ex

272 650 426 729 illis,
460 652 762 716 credendi
802 675 1098 718 normam
1126 656 1346 739 petite.
1438 656 1621 721 Fidei
1649 667 1876 723 vestrae
1904 661 2328 725 fundamenta
2364 663 2490 725 col-

273 753 483 817 locate
513 777 700 839 super
722 756 992 819 aliorum
1020 757 1282 822 incertis
1304 760 1684 839 rumoribus,
1705 782 1839 825 non
1869 784 2059 846 super
2087 772 2263 827 certa
2281 772 2491 827 vestra

271 856 567 920 scientia.
659 859 836 922 Nam
866 859 946 922 de
977 860 1135 923 Fide
1164 868 1374 925 vestra
1412 862 1574 926 certi
1603 884 1718 926 cur
1745 864 1885 927 sitis
1903 868 1932 928 P
1981 866 2140 929 Fide
2170 866 2327 930 salvi
2354 887 2488 930 non

271 958 500 1022 eritis?
589 961 744 1023 Post
771 961 909 1025 haec
934 963 1092 1046 jam,
1126 963 1524 1029 Monitorem
1551 966 1728 1030 hunc
1756 965 1829 1029 in
1856 967 2064 1049 pretio
2092 967 2342 1049 habete,
2377 969 2487 1051 qui

271 1061 456 1125 vobis
477 1062 601 1126 ista
630 1063 855 1128 suadet
883 1072 1019 1129 tam
1049 1066 1341 1131 salubria.

341 1211 405 1261 In
441 1216 669 1263 extrema
701 1229 792 1264 sua
824 1214 1178 1266 adhortatione
1213 1254 1224 1266 .
1260 1254 1271 1266 .
1305 1254 1317 1265 .
1355 1219 1468 1266 Rex
1506 1218 1632 1267 satis
1666 1221 1838 1280 aperte
1878 1218 2040 1279 docet,
2075 1234 2485 1285 unumquemque

404 1294 585 1344 debere
605 1311 712 1345 esse
728 1296 956 1359 judicem
979 1298 1037 1346 in
1068 1298 1215 1347 rebus
1237 1297 1374 1358 fidei,
1396 1313 1588 1361 suoque
1612 1299 1811 1363 judicio
1833 1300 2019 1362 potius,
2043 1314 2195 1363 quam
2229 1300 2482 1361 Ecclesiae,

405 1378 484 1427 vel
509 1376 850 1427 Conciliorum
870 1382 960 1428 aut
981 1380 1168 1428 summi
1187 1379 1452 1429 Pontificis
1467 1380 2017 1446 acquiescere-[Bell.
2033 1383 2184 1445 Apol.
2201 1397 2292 1446 pro
2311 1382 2481 1447 Resp]

402 1473 452 1522 p.
478 1461 588 1508 186.
611 1459 750 1523 [Op.‚
771 1465 893 1509 tom.
916 1460 1005 1512 vii.
1030 1461 1122 1510 col.
1147 1463 1259 1511 809.
1284 1460 1369 1524 A]

359 1566 537 1629 Nam
579 1567 731 1650 quid
778 1567 873 1630 ini
916 1567 986 1630 in
1014 1575 1164 1631 voto
1195 1568 1410 1632 minus
1437 1568 1748 1652 probatur
1767 1572 1800 1632 ?
1869 1570 2050 1642 Quod
2080 1573 2240 1633 sati-3
2269 1577 2482 1652 aperte
2507 1580 2681 1644 [Haud

263 1670 509 1748 doceat,
537 1691 1018 1752 unumquemque
1057 1671 1274 1734 debere
1301 1691 1434 1734 esse
1453 1672 1753 1753 judicem,
1787 1674 1853 1735 in
1895 1674 2078 1735 rebus
2092 1672 2253 1753 fidei
2273 1701 2293 1735 :
2340 1694 2482 1736 wo-
2505 1647 2801 1777 {2³22}ssssss

268 1793 388 1852 que
411 1773 660 1853 judicio
677 1775 911 1854 potius,
944 1794 1128 1857 quam
1155 1774 1474 1853 Ecclesiae,
1506 1776 1607 1837 vel
1639 1775 2072 1854 Conciliorum,
2106 1782 2216 1838 aut
2256 1778 2480 1839 summi

268 1874 601 1955 Pontifici-⁹
640 1877 1046 1956 acquiescere.
1136 1876 1266 1938 Vix
1305 1877 1428 1940 hoc
1463 1885 1687 1940 tamen
1724 1879 1885 1940 satis
1915 1884 2146 1959 aperte.
2239 1878 2475 1960 Siquis,

268 1978 385 2060 qui
413 2000 492 2042 θα*
505 1978 642 2058 fide
678 1999 793 2042 ma
821 1980 995 2058 vivit,
1024 1979 1096 2041 id
1126 1985 1295 2062 agat,
1326 1987 1402 2042 ιιι
1432 1986 1640 2043 certus
1671 1981 1754 2043 sit
1785 1980 1864 2044 de
1904 2002 2039 2059 sua,
2073 1981 2235 2044 unde
2262 1982 2473 2055 vivat,-

267 2102 403 2145 non
433 2103 685 2146 necesse
715 2090 830 2161 est,
861 2089 936 2146 ιιι
966 2083 1021 2145 is
1032 2083 1314 2165 judicem
1353 2084 1571 2146 statim
1602 2105 1668 2147 se
1709 2091 1949 2148 statuat
1984 2085 2051 2147 in
2079 2086 2259 2147 rebus
2273 2083 2473 2164 βᾶθί,-

267 2206 404 2249 non
442 2186 664 2268 magis,
704 2207 896 2267 quam
935 2186 988 2248 si
1031 2193 1212 2250 curet
1251 2186 1392 2269 quis
1430 2208 1568 2249 rem
1611 2209 1811 2265 suam,
1854 2188 1909 2250 si
1953 2187 2194 2270 praedia
2237 2210 2368 2266 sua,
2400 2195 2475 2251 ut
2585 2192 2716 2253 330

263 2296 446 2351 certa
488 2288 610 2351 sibi
668 2287 817 2364 sint,
861 2290 1021 2352 satis
1064 2294 1279 2370 aperte
1322 2289 1627 2371 sequitur,
1670 2297 1746 2350 ut
1791 2289 2135 2351 Praefectus
2176 2290 2476 2373 praetorio

261 2390 371 2468 sit,
406 2399 472 2453 et
499 2391 710 2454 Judeoe
740 2390 954 2454 sedeat
984 2390 1202 2453 statim
1231 2412 1347 2473 pro
1377 2390 1729 2466 Tribunali,
1763 2390 1841 2452 de
1873 2389 2143 2452 aliorum
2173 2412 2475 2471 quorum-

263 2515 523 2576 cunque
574 2515 644 2558 re
686 2493 1109 2559 haereditaria.
1202 2495 1345 2576 Ego
1387 2514 1538 2557 vero
1588 2492 1824 2555 curabo
1867 2493 2038 2575 quod
2080 2514 2298 2555 meum
2342 2502 2475 2571 est3

262 2605 604 2680 postquam
645 2596 715 2660 id
759 2597 922 2660 mihi
966 2617 1135 2660 curae
1187 2596 1333 2675 fuit,
1378 2595 1543 2658 nulli
1595 2604 1904 2678 praeterea
1946 2596 2054 2681 jus
2107 2595 2267 2673 dice,
2313 2595 2477 2657 nulli

242 2701 532 2781 judicem
585 2721 690 2763 me
749 2699 1089 2763 constituo·
1180 2699 1452 2781 Iniquus
1505 2698 1607 2776 sit,
1664 2697 1775 2780 qui
1824 2697 1993 2761 hanc
2043 2696 2205 2759 mihi
2256 2717 2476 2759 curam

260 2802 624 2881 interdicat,
655 2823 800 2865 mea
827 2823 910 2865 ne
939 2822 1175 2879 curem,
1201 2808 1275 2862 ut
1303 2800 1467 2862 mihi
1497 2807 1672 2863 certa
1700 2799 1848 2861 sint.
1943 2798 2188 2865 Quodsi
2217 2819 2369 2877 non,
2400 2808 2477 2861 ιιι

260 2926 493 2986 agrum
522 2911 588 2967 et
621 2904 919 2982 domum3
966 2903 1349 2979 animumne,
1374 2910 1449 2965 ut
1480 2903 1616 2985 ejus
1647 2923 1746 2964 res
1776 2901 1845 2963 in
1875 2901 2122 2963 incerto
2150 2900 2472 2983 pendeat?

258 3009 490 3089 Apage
531 3027 700 3071 vero.
790 3007 931 3089 Ego
973 3007 1042 3069 in
1083 3005 1266 3069 rebus
1294 3003 1456 3084 fidei
1498 3005 1711 3067 Judeoe
1754 3025 1888 3066 non
1925 3025 2103 3079 sum;
2151 3003 2218 3065 id
2255 3010 2475 3065 tamen

259 3131 472 3191 agam,
503 3116 578 3172 ιιι
613 3110 830 3191 (quam
857 3116 1066 3191 potest
1095 3115 1385 3171 constare
1417 3108 1614 3188 certo)
1644 3113 1779 3168 tam
1807 3106 1970 3168 mihi
2000 3114 2173 3168 certo
2198 3113 2471 3183 constet,

258 3212 345 3275 de
389 3211 516 3274 fide
550 3233 711 3289 mea,
744 3210 915 3293 quod
958 3219 1132 3273 certa
1175 3209 1277 3288 sit,
1312 3209 1482 3292 quod
1524 3209 1691 3272 bene
1734 3209 2023 3286 fundata,
2056 3216 2120 3272 et
2163 3208 2234 3270 in
2278 3216 2471 3271 certo·

260 3313 492 3378 Latius
521 3321 744 3397 patent
770 3334 874 3377 res
902 3313 1071 3391 fidei,
1103 3333 1298 3394 quam
1341 3311 1421 3373 ad
1455 3332 1667 3374 meam
1708 3310 2198 3374 certitudinem:
2247 3309 2474 3373 Latius

253 3425 362 3480 est
391 3416 677 3497 judicem
719 3436 859 3479 esse
912 3414 990 3480 de
1035 3415 1234 3492 omni,
1283 3435 1475 3496 quam
1526 3413 1692 3476 mihi
1741 3412 1906 3476 bene
1958 3412 2284 3477 conscium
2338 3433 2473 3474 esse

260 3520 345 3584 de
374 3541 538 3584 mea.

329 3653 455 3713 Quae
477 3653 708 3703 doctrina
726 3667 832 3702 non
852 3657 930 3702 est
951 3688 963 3701 .
989 3688 1008 3723 ·.
1028 3651 1183 3715 Regis
1206 3651 1426 3715 propria,
1449 3650 1537 3700 sed
1561 3650 1846 3701 communis
1870 3649 1991 3709 illis,
2013 3648 2102 3711 qui
2124 3683 2137 3697 .
2162 3684 2175 3697 .
2200 3647 2257 3696 in
2280 3647 2472 3710 Anglis

392 3749 501 3784 rem
529 3734 886 3797 'theologicam
921 3736 1155 3783 metant.
1223 3732 1308 3782 Sic
1340 3732 1480 3781 enim
1503 3732 1670 3781 verbis
1709 3730 2004 3781 clarioribus
2033 3728 2128 3777 hoc
2151 3728 2288 3777 idem
2312 3727 2473 3777 tradit

394 3816 729 3866 Whitakerus.
754 3852 766 3865 .
791 3851 804 3864 .
829 3855 841 3867 .
868 3818 883 3841 ‘
899 3814 1253 3878 Unusquisque
1272 3814 1371 3863 sibi
1393 3812 1556 3877 judex
1579 3828 1685 3862 esse
1708 3812 1873 3872 debet,
1896 3811 2039 3874 etc.¹’
2072 3846 2084 3858 .
2111 3847 2123 3861 .
2144 3808 2226 3869 Et,
2262 3845 2274 3857 .
2309 3845 2320 3858 .
2347 3808 2471 3858 Con-

391 3897 527 3959 onis,
558 3899 746 3957 Patres,
768 3896 935 3961 Papae,
953 3895 1186 3946 homines
1214 3899 1349 3956 sunt,
1379 3899 1431 3944 et
1454 3894 1717 3958 Scriptura
1737 3897 1953 3942 testatur
1983 3905 2185 3941 omnem
2208 3890 2468 3939 hominem

389 3978 683 4030 mendacem
697 3993 830 4029 esse:
868 3976 1128 4035 Quomodo
1150 3991 1269 4038 ergo
1285 3977 1489 4026 illorum
1510 3976 1779 4025 sententiae
1800 3974 2144 4037 acquiescam·
2158 3972 2196 4020 ‘t'
2220 4007 2232 4019 .
2258 4007 2270 4019 .
2295 4006 2308 4019 .
2325 3969 2470 4027 Quod

388 4097 401 4109 .
424 4097 437 4109 .
465 4061 651 4124 dogma
680 4097 693 4109 .
728 4096 742 4109 .
776 4094 790 4109 .
826 4059 1056 4109 omnium
1089 4059 1337 4108 haeresum
1362 4056 1756 4122 ¹ianua..—[Bcll.
1779 4056 1929 4119 Apol.
1952 4069 2044 4118 pro
2078 4051 2246 4116 Resp]
2283 4067 2334 4115 p.
2358 4053 2466 4101 186.

393 4141 533 4206 [op.,
555 4145 678 4192 tom.
703 4140 792 4190 vii.
813 4140 909 4190 col.
932 4142 1041 4189 809.
1064 4139 1128 4188 A.
1154 4137 1242 4201 Β.]

322 4322 544 4401 ¹·[Vide
580 4323 859 4400 Whitsker.
897 4323 1038 4386 Disp.
1078 4321 1141 4370 de
1181 4320 1315 4397 Sacr.
1407 4319 1581 4431 1610.1]
1611 4383 1623 4395 ⁸

258 4389 447 4453 Senpt„
472 4387 708 4438 ControV.
731 4403 764 4436 1.
790 4388 980 4444 Quoest.
1001 4402 1048 4437 v.
1078 4400 1186 4448 cap.
1210 4400 1318 4434 vm.
1472 4392 1490 4415 ⁸
1524 4383 1544 4447 [
1574 4382 1677 4433 διὰ.
1701 4396 1807 4445 cap.
1832 4395 1938 4430 vin.
1968 4394 2016 4443 p.
2043 4380 2152 4427 356.
2178 4376 2270 4426 col.
2296 4375 2364 4439 1.]

257 4455 372 4517 Op„
409 4458 533 4502 tom.
570 4453 604 4501 i.
644 4468 693 4517 p.
739 4455 850 4502 360.
891 4451 983 4501 c'ol.
1021 4455 1065 4500 1.
1107 4449 1322 4499 Genevae
