3165 4959
992 388 1355 436 Amineum
1398 387 1759 435 Rsssronsm.
2359 374 2483 438 10⁷

281 565 464 622 verae,
499 543 859 626 Septembr.
890 545 991 606 13.
1026 564 1175 605 ann.
1205 545 1373 606 1213
1410 541 1556 625 [leg.
1586 541 1802 624 1215]‚
1834 538 1895 603 id
1931 540 2025 603 ita
2052 548 2479 605 asserentem:

286 648 437 708 Cum
474 647 740 709 Comites
774 651 834 708 et
862 646 1146 708 Barones
1174 645 1421 725 Anyliae
1464 644 1639 706 nobis
1669 645 1872 707 devoti
1901 649 2120 721 essent,
2153 650 2482 726 antequam

281 770 411 826 nos,
445 755 506 812 et
537 755 818 811 nostram
864 755 1099 811 terram
1144 747 1413 809 dominio
1458 754 1663 809 vestro
1708 747 2008 828 subjicere
2054 767 2438 810 curassemus
2459 776 2476 809 .-

278 858 508 913 eoetunc
536 852 605 913 in
634 871 748 913 nos
776 851 1157 932 (specialiter
1186 849 1264 912 ab
1287 850 1450 931 hoc),
1476 851 1638 912 sicut
1656 850 1906 934 publice
1928 851 2162 929 dicunt,
2185 852 2484 914 violenter

279 956 608 1036 insumunt
626 963 675 1016 ¹¹.
769 952 943 1018 Quid
990 951 1271 1036 quaeris?
1361 953 1773 1034 Insuryebant
1815 954 2131 1032 Pmceres,
2187 956 2485 1017 violenter

279 1056 681 1138 insumebant
723 1055 796 1118 in
824 1056 1147 1133 Ioannem,
1194 1053 1389 1137 idque
1430 1055 1505 1117 de
1540 1052 1724 1136 facto
1767 1056 1883 1118 hoc
1925 1057 2064 1140 ejus
2107 1059 2482 1138 specialiter,

279 1159 471 1241 idque
488 1179 630 1242 proe
658 1179 725 1221 se
753 1157 1053 1240 ferebant
1072 1157 1341 1240 publice.
1404 1158 1463 1221 6.
1499 1158 1948 1222 Reclamatum
1979 1166 2194 1223 autem
2227 1160 2422 1223 etiam
2445 1182 2484 1226 a

283 1263 613 1346 Stephano
653 1262 795 1345 ipso
829 1263 896 1325 S.
931 1263 1013 1325 R.
1044 1262 1122 1324 E.
1156 1260 1498 1325 Cardinale
1518 1272 1564 1339 ⁰,
1599 1261 1913 1343 Cleroque
1958 1269 2024 1325 et
2068 1263 2483 1328 universitate

284 1365 511 1450 Regni.
605 1368 667 1430 7.
718 1365 1165 1429 Reclamatum
1212 1370 1279 1428 et
1328 1385 1367 1426 a
1415 1363 1824 1446 Principibus
1874 1365 2125 1444 exteris,
2175 1374 2484 1450 tanquam

280 1469 482 1531 errori
511 1469 723 1550 Papoe,
756 1468 959 1531 errori
996 1474 1231 1543 autem,
1266 1472 1483 1529 contra
1525 1487 1701 1548 quem
1744 1473 1986 1530 starent
2030 1469 2119 1530 ad
2157 1475 2415 1531 mortem
2434 1482 2481 1533 Ρ.

283 1571 346 1634 8.
379 1571 645 1635 Factum
669 1571 946 1654 denique
968 1568 1261 1652 infectum
1293 1570 1372 1633 ab
1395 1570 1534 1653 ipso
1558 1570 1731 1653 Papa
1757 1570 1998 1652 (notavi
2020 1592 2098 1634 ex
2119 1572 2394 1656 Eulogio
2405 1575 2451 1654 q)
2461 1621 2481 1651 ,

281 1675 337 1737 si
369 1676 708 1758 quicquam
740 1675 808 1738 id
846 1695 1100 1757 quoque
1146 1674 1228 1737 ad
1269 1695 1408 1737 rem
1452 1673 1754 1757 pertinet.
1845 1673 2078 1757 Neque
2107 1696 2257 1739 vero
2286 1675 2355 1738 in
2384 1696 2484 1739 re-

275 1799 419 1841 rum
451 1785 682 1841 natura
712 1776 1013 1859 Diploma
1042 1776 1203 1839 illud
1223 1775 1277 1834 ‘z
1326 1797 1535 1859 neque
1576 1797 1692 1858 per
1737 1796 1940 1839 annos
1979 1777 2119 1860 jam
2157 1783 2482 1841 trecentos

274 1883 375 1944 vel
407 1881 778 1963 homagium
807 1880 1179 1963 recognovit
1208 1879 1370 1963 quis,
1400 1879 1498 1942 vel
1532 1879 1789 1942 Marcas
1818 1880 2201 1944 numeravit.
2292 1880 2480 1944 Idem

275 1985 400 2049 hoc
431 1984 667 2069 objecit
697 1991 847 2047 ante
876 1985 1111 2048 'Portus
1135 2009 1147 2046 :
1195 1982 1368 2046 idem
1391 1983 1529 2067 jam
1559 1982 1683 2047 hoc
1714 1982 2074 2047 cardinalis
2104 2004 2480 2067 responsum

274 2087 532 2151 referat.

341 2238 477 2301 Ergo
515 2237 621 2287 Rex
660 2238 945 2300 Anglomm
980 2274 991 2287 .
1028 2272 1039 2285 .
1075 2274 1087 2286 .
1122 2251 1223 2287 non
1259 2237 1422 2286 solum
1458 2251 1550 2300 par
1587 2250 1691 2286 non
1728 2242 1806 2286 est
1841 2237 2066 2286 Romano
2100 2236 2352 2297 Pontifici,
2388 2237 2476 2287 sed
2611 2223 2696 2284 83

406 2321 599 2383 duplici
624 2321 742 2384 jure
778 2319 1048 2383 subjectus,
1089 2334 1192 2369 uno
1229 2319 1488 2369 communi
1525 2319 1762 2370 omnibus
1804 2319 2106 2370 Christianis
2139 2357 2151 2370 .
2188 2357 2200 2369 .
2237 2358 2248 2370 .
2283 2320 2478 2370 ratione

407 2400 713 2464 Apostolieoe
735 2401 1015 2465 potestatis,
1029 2437 1041 2450 .
1062 2437 1073 2449 .
1092 2436 1104 2449 .
1120 2400 1274 2464 juxta
1297 2400 1424 2449 illud
1450 2400 1579 2450 Psal.
1601 2400 1739 2460 xliv„
1757 2399 2069 2450 ‘constitues
2090 2416 2173 2450 eos
2193 2402 2482 2465 (Apostolos

408 2483 661 2548 videlicet)
698 2484 959 2547 Principes
990 2498 1140 2547 super
1171 2498 1375 2534 omnem
1408 2484 1839 2549 terram.'—[Bell.
1875 2485 2024 2549 Apol.
2060 2499 2152 2549 pro
2189 2484 2358 2551 Resp.]
2393 2500 2477 2549 pp.

408 2568 486 2624 28,
511 2567 588 2614 29.
624 2564 756 2630 [Op.,
778 2569 900 2615 tom.
924 2565 1011 2614 vii.
1045 2564 1137 2615 col.
1163 2564 1276 2616 721.
1296 2563 1382 2629 A.]

360 2693 619 2756 Neutro
640 2691 840 2774 igitur
850 2692 1002 2773 jure
1030 2689 1295 2772 inferior
1318 2692 1472 2755 Rex.
1538 2693 1696 2755 Non
1726 2692 2102 2773 Apostolicoe
2119 2694 2475 2773 potestatis,
2503 2708 2635 2822 §Rex
2667 2709 2802 2772 Ang-

272 2796 462 2879 cujus
492 2794 564 2856 in
594 2795 785 2878 Papa,
817 2814 897 2856 eoe
925 2794 1080 2874 jure
1125 2794 1383 2877 quidem
1429 2794 1660 2871 divine,
1694 2793 1840 2877 plus
1870 2814 2004 2857 non
2034 2801 2150 2873 est,
2184 2816 2376 2877 quam
2407 2796 2476 2858 in
2505 2789 2802 2889 Ιῖζζζξῇἒω

271 2898 535 2980 reliquis
567 2897 839 2961 aliorum
874 2897 1381 2961 SuccessoribuS.
1478 2896 1707 2980 Siquid
1751 2897 1810 2959 ei
1856 2897 2128 2979 amplius
2175 2900 2472 2977 accrevit,
2501 2904 2753 2982 subjectus

272 3002 355 3063 ab
405 3002 669 3063 humano
703 3001 856 3082 jure
904 3006 1015 3063 est.
1109 3000 1435 3063 Psalmum
1482 2999 1740 3082 quidem
1786 3000 1970 3063 illum
2004 3000 2309 3085 intelligit
2337 3003 2476 3066 Au—
2492 2983 2774 3097 {ssffifffm‘

274 3105 571 3187 gustinus
619 3102 698 3167 de
748 3102 1083 3187 Episcopis
1101 3113 1145 3166 ⁸.
1233 3104 1378 3167 Nec
1437 3104 1612 3168 enim
1660 3104 1845 3167 aliter
1896 3104 2105 3167 David
2157 3106 2478 3189 Propheta

271 3229 482 3271 veruS.
574 3208 732 3270 Non
784 3207 957 3270 enim
1002 3207 1154 3285 Eos,
1206 3207 1553 3292 Episcopos
1601 3208 1864 3286 scilicet,
1919 3208 2250 3291 Principes
2275 3238 2293 3271 :
2365 3210 2477 3273 sed

273 3311 462 3389 Eum,
494 3309 875 3374 Pontificem
903 3330 1156 3393 nempe,
1190 3331 1396 3372 unum
1424 3310 1619 3374 modo
1650 3311 2010 3392 Principem
2040 3313 2476 3377 constituisset

269 3434 460 3495 super
488 3434 722 3475 omnem
753 3418 1006 3489 terram,
1028 3412 1081 3474 si
1110 3412 1316 3475 solum
1343 3413 1602 3495 Papam,
1629 3435 1763 3478 non
1792 3423 1858 3478 et
1888 3422 2168 3478 caeterOS.
2226 3416 2475 3480 Iterum

270 3537 426 3599 ergo
464 3515 853 3599 multiplicat
899 3515 1008 3578 hic
1045 3515 1252 3596 Papas
1284 3514 1689 3593 Cardinalis3
1743 3517 1915 3579 idem
1955 3517 2190 3580 iterum
2231 3518 2338 3582 hic
2383 3517 2476 3579 illi

269 3619 567 3702 contigit,
600 3618 667 3681 in
704 3619 1052 3681 Constitues
1096 3637 1217 3695 eos,
1251 3619 1422 3700 quod
1469 3626 1642 3697 ante,
1693 3620 1764 3681 in
1802 3619 2058 3681 Obedite
2089 3620 2478 3699 Proepositis.·

271 3723 657 3803 Proepositos
686 3721 776 3785 ibi
805 3721 1073 3799 invenit,
1101 3720 1168 3782 id
1199 3728 1314 3798 est,
1342 3722 1683 3802 Pontifices
1699 3722 1919 3803 plures
1940 3748 1958 3782 .·
2007 3723 2343 3802 Principes
2370 3723 2476 3786 hic

273 3826 366 3905 (id
412 3826 537 3907 est)
571 3824 918 3906 Episcopos
955 3826 1175 3906 plures
1197 3852 1213 3885 .·
1264 3825 1644 3888 Pontificem
1676 3825 1773 3888 vel
1823 3824 2181 3907 Principem
2227 3827 2473 3888 unicum

265 3951 459 3992 suum
490 3928 875 3991 inveniendo
905 3948 1039 3991 non
1071 3934 1189 3991 est.

333 4123 358 4145 ¹·
396 4113 559 4191 [vide
604 4114 807 4177 Rymeri
855 4114 1081 4174 Foedera,
1132 4118 1253 4163 tom.
1291 4115 1324 4162 i.
1479 4124 1497 4148 r
1546 4115 1707 4178 [Vide
1764 4118 1935 4164 autem
1984 4115 2190 4179 Rymeri
2245 4114 2472 4176 Foedera,

262 4194 375 4243 par.
400 4194 433 4226 ι.
468 4193 519 4241 p.
544 4182 619 4228 69.
1414 4184 1537 4229 tom.
1577 4181 1610 4228 i.
1656 4194 1759 4242 par.
1791 4180 1828 4227 i.
1875 4194 1922 4242 p.
1951 4183 2030 4231 57.
2082 4181 2171 4229 ubi
2216 4181 2403 4230 citatur
2442 4196 2472 4230 e

337 4252 360 4275 ⁰
396 4242 600 4306 [Matth.
668 4245 781 4293 aris.
810 4243 945 4293 Hist.
972 4243 1092 4306 Maj.
1110 4244 1163 4291 in
1178 4242 1325 4292 Joan.
1418 4244 1548 4294 Bibl.
1575 4243 1777 4293 Cotton.
1804 4242 1941 4293 Nero
1966 4245 2017 4294 O.
2044 4244 2113 4309 2.]

263 4307 335 4357 ad
360 4310 644 4358 anm-1213.
679 4323 727 4372 p.
754 4308 889 4372 228]
1483 4315 1500 4340 ⁸
1534 4309 1588 4373 [“
1604 4308 1778 4358 Patres
1799 4308 1940 4357 missi
1963 4314 2084 4360 sunt
2106 4309 2354 4373 Apostoli.
2379 4323 2472 4373 pro

335 4380 359 4411 P
396 4371 558 4435 [Vide
600 4373 784 4422 Matth.
827 4373 983 4422 Paris.
1022 4371 1159 4421 nist.
1200 4370 1326 4420 Min.
1417 4373 1679 4435 Apostolis
1710 4372 1808 4421 filii
1846 4374 1953 4422 nati
1985 4378 2105 4423 sunt
2141 4375 2253 4434 tibi,
2292 4376 2471 4425 consti-

258 4435 331 4487 ad
365 4452 483 4486 ann.
514 4439 657 4496 1216,
695 4445 753 4486 ut
787 4438 926 4488 citat.
963 4435 1098 4500 apud
1130 4436 1328 4485 Tortur.
1420 4438 1522 4486 tuti
1551 4441 1672 4485 sunt
1705 4437 2102 4501 Episcopi.'’-—S.
2130 4441 2261 4502 Aug.
2295 4439 2468 4489 Enarr.

260 4502 428 4559 Toni,
452 4517 536 4565 pp.
558 4504 668 4552 257.
694 4505 803 4551 258.
842 4502 977 4550 Edit.
1003 4499 1183 4563 nosti-‚J
1420 4503 1474 4550 in
1509 4502 1588 4551 ΡΒ.
1618 4501 1740 4556 xliv.
1788 4506 1811 4564 ς
1840 4505 1916 4552 32.
1965 4504 2074 4567 Op„
2121 4508 2241 4554 tom.
2277 4505 2341 4554 iv.
2379 4505 2469 4554 ool.

332 4576 354 4605 ‘¹
392 4566 618 4629 [Tortur.
645 4567 801 4627 Toni,
838 4582 884 4630 p.
911 4567 1051 4628 252]
1422 4569 1530 4616 564.
1558 4564 1634 4630 C.]
