3165 4959
399 3066 609 3131 [Quam-

396 3146 547 3194 quam
571 3144 675 3179 non

395 3200 636 3257 agnoscat

399 3259 608 3309 Pontifi-

395 3324 549 3389 cem]

700 354 784 416 72
1326 365 1411 410 Au
1457 363 1839 410 mummius
1882 360 2280 408 Bsmnmm

704 522 1019 584 delatum:
1070 519 1343 581 delatum
1383 516 1996 604 propter-‘scriptum
2044 512 2122 575 ab
2171 534 2240 575 eo
2289 511 2515 574 librum
2562 511 2641 574 de
2685 518 2915 592 septem

707 623 1157 699 Sat-ramentis,
1191 642 1321 699 nec,
1355 621 1548 682 aliam
1578 621 1647 681 in
1676 640 1745 682 eo
1777 620 1959 681 titulo
1977 616 2172 698 fldem
2203 615 2471 697 intelli-92·
2489 635 2696 696 posse,
2731 636 2915 696 quam

706 725 1037 808 Pontificis
1076 726 1182 807 qui
1227 725 1399 787 dedit
1422 750 1440 785 .·
1490 724 1682 804 Regis
1723 723 1828 804 qui
1870 722 2109 802 accepit
2136 747 2154 780 .·
2204 739 2451 801 quoeqne
2498 739 2567 780 eo
2621 717 2779 781 libro
2811 718 2915 780 de-

692 831 887 912 fensa
916 835 1028 907 est,
1060 850 1275 910 nempe
1305 828 1381 890 de
1417 832 1650 908 septem
1671 825 2117 902 Sat-ramentis,
2138 827 2406 904 propter
2425 842 2599 903 quem
2626 824 2884 901 accepit.

713 935 825 999 Lis
877 934 1072 1016 longa
1110 954 1242 996 non
1275 931 1418 995 crit.
1511 930 1840 995 Quorsum
1891 929 1997 992 hic
2041 927 2477 990 tumultuetur
2506 924 2915 989 Cardinalis?

712 1037 785 1101 Si
836 1033 917 1100 ad
970 1037 1160 1099 aliam
1193 1036 1389 1118 fidem
1436 1033 1703 1111 nullam,
1751 1031 1983 1114 fideive
2014 1030 2428 1111 defensionem
2458 1026 2728 1111 quadrat
2758 1028 2917 1091 titu-

710 1141 810 1204 lus
855 1139 978 1203 iste
1009 1131 1264 1217 LeoniS,
1296 1143 1725 1222 praeterquam
1765 1155 1928 1213 eam,
1976 1155 2119 1218 quae
2164 1141 2260 1196 est
2292 1132 2372 1196 de
2405 1134 2651 1213 Septem
2684 1133 2918 1194 Sacra-

712 1243 935 1306 mentis
956 1259 974 1304 .·
1022 1239 1259 1305 habeat
1308 1257 1463 1304 sane
1507 1239 1631 1303 sibi
1673 1239 1973 1303 Pontifex
2003 1236 2268 1299 titulum
2308 1235 2493 1298 illum
2513 1259 2530 1312 3
2578 1235 2919 1298 renunciat

714 1347 773 1409 ei
816 1339 975 1422 Rex,
1023 1345 1206 1428 cujus
1252 1343 1332 1407 de
1364 1344 1612 1424 Septem
1646 1342 2071 1405 Sacramentis
2115 1338 2273 1402 fides
2319 1339 2500 1401 nulla
2544 1345 2676 1400 est:
2724 1359 2917 1420 quem

715 1463 1079 1525 numerum,
1128 1466 1243 1530 per
1293 1439 1784 1528 aliquammulta
1823 1445 2055 1508 saecula
2105 1442 2375 1506 nescivit
2423 1437 2748 1504 Ecclesia:
2797 1462 2918 1504 nec

716 1574 793 1616 eo
822 1557 1042 1615 tamen
1072 1551 1287 1613 minus
1320 1549 1555 1631 fidelis,
1650 1547 2018 1631 Postquam,
2070 1568 2146 1610 ea
2173 1544 2341 1609 vocis
2374 1544 2535 1625 fidei
2566 1544 2775 1628 glossa
2798 1552 2915 1621 est,

726 1654 938 1736 (fidei,
963 1654 1028 1716 id
1063 1660 1182 1731 cst,
1216 1654 1293 1715 de
1325 1653 1570 1733 Septem
1606 1652 2098 1731 Sacramentis:)
2152 1663 2284 1713 non
2327 1654 2426 1711 cst
2468 1669 2581 1710 cur
2631 1646 2792 1730 Regi
2841 1646 2921 1710 dc

716 1756 909 1820 titulo
956 1757 1266 1818 irascatur
1317 1754 1635 1830 Pontifex,
1690 1753 1861 1817 illius
1894 1754 2054 1836 fidei
2104 1754 2240 1815 Rex
2281 1750 2590 1832 Defensor
2628 1773 2760 1813 non
2801 1758 2917 1828 est,

719 1880 840 1922 nec
887 1859 981 1921 rei
1031 1857 1319 1933 titulum,
1379 1877 1498 1919 nec
1547 1855 1722 1919 tituli
1774 1878 1912 1918 rem
1974 1855 2095 1919 sibi
2143 1855 2442 1918 vindicat.
2538 1856 2675 1918 Rex
2722 1852 2918 1931 enim,

724 1961 1059 2023 Catholicoe
1094 1958 1255 2040 fidei
1294 1958 1607 2040 Defensor
1654 1965 1761 2022 est.
1864 1960 2043 2021 Certe
2092 1964 2315 2033 autem,
2359 1975 2483 2039 per
2530 1979 2726 2020 annos
2772 1958 2923 2038 plus

715 2065 902 2140 mille,
934 2083 1009 2125 ne
1039 2083 1327 2124 numerus
1356 2061 1600 2144 quidem
1636 2063 2051 2145 Septenarius
2085 2064 2647 2125 Sacramentorum
2671 2059 2923 2122 auditus

714 2172 825 2229 est.
901 2166 1212 2238 Quomodo
1244 2187 1389 2246 erqo
1421 2166 1746 2229 Catholica
1778 2172 1869 2228 est
1901 2165 1980 2229 de
2012 2171 2258 2248 septem
2287 2163 2717 2227 Sacramentis
2733 2161 2920 2243 fides,

713 2267 786 2332 id
812 2273 922 2346 est,
964 2289 1202 2349 semper
1230 2268 1493 2345 credita,
1534 2270 1593 2330 si
1624 2275 1769 2331 ante
1799 2284 2025 2331 annum
2054 2285 2246 2350 supra
2286 2268 2672 2330 millesimum
2704 2267 2924 2329 audita

716 2393 839 2434 non
869 2377 960 2434 est
982 2375 1014 2431 ἑ)
1102 2371 1417 2453 Agnoscit
1448 2370 1621 2433 enim
1655 2371 2014 2436 Cardinalis
2052 2373 2284 2455 (spero)
2322 2370 2561 2455 stylum
2594 2392 2804 2434 suum.

783 2527 906 2584 Quae
928 2517 1044 2576 clim
1068 2526 1140 2575 ita
1169 2527 1289 2587 sint,
1320 2542 1423 2575 non
1457 2542 1659 2591 possum
1683 2541 1786 2576 non
1821 2525 2146 2576 vehementer
2166 2525 2422 2585 admirari,
2445 2542 2536 2575 cur
2557 2525 2690 2575 hunc
2715 2526 2924 2575 titulum

847 2607 946 2657 sibi
970 2606 1215 2667 desumat,
1239 2609 1325 2672 qui
1350 2607 1636 2657 Romanum
1662 2607 1976 2669 Pontificem,
2000 2623 2031 2657 a
2065 2623 2162 2670 quo
2198 2607 2380 2656 titulus
2412 2605 2560 2656 datus
2592 2611 2682 2666 est,
2709 2622 2813 2655 non
2846 2622 2928 2669 ag·

848 2688 1041 2738 noscit:
1075 2690 1162 2751 qui
1199 2704 1311 2738 eam
1353 2687 1502 2738 fidem
1543 2689 1769 2748 damnat,
1808 2704 1957 2752 quam
1996 2687 2342 2752 profitebatur,
2366 2687 2455 2752 qui
2487 2688 2698 2736 titulum
2732 2689 2929 2750 primus

847 2770 1073 2834 accepit:
1106 2771 1194 2834 qui
1219 2769 1435 2833 denique
1458 2785 1560 2819 non
1584 2771 1672 2819 vii.
1697 2771 2033 2830 Sacramenta,
2057 2769 2120 2819 ob
2144 2784 2355 2833 qnorum
2379 2768 2718 2819 defensionem
2744 2769 2928 2818 titulus

848 2851 997 2901 datus
1019 2856 1109 2910 est,
1132 2851 1217 2901 sed
1244 2852 1357 2911 du0,
1377 2852 1457 2901 vel
1481 2852 1580 2901 tria
1601 2856 1801 2902 tantum
1825 2866 1930 2901 esso
1952 2850 2456 2913 contentum—[Bell.
2474 2850 2624 2913 Apol.
2642 2865 2732 2913 pro
2746 2850 2879 2913 Resp
2903 2850 2924 2913 ]

850 2947 899 2995 p.
925 2935 1003 2983 20.
1043 2932 1183 2996 [Op.,
1206 2936 1328 2982 tom.
1352 2932 1437 2981 vii.
1461 2933 1555 2982 col.
1580 2933 1691 2985 716.
1717 2932 1773 2981 B.
1801 2931 1882 2994 0.]

810 3063 1066 3126 Invadit
1091 3078 1239 3126 eum
1269 3070 1415 3146 post
1445 3066 1762 3127 vehemens
1792 3066 2147 3143 admiratae,
2174 3086 2287 3128 eur
2316 3066 2598 3129 desumat
2625 3064 2745 3126 sibi
2776 3065 2926 3126 titu-

723 3168 847 3228 lum
870 3166 1026 3241 Rex,
1054 3186 1190 3229 cum
1219 3187 1340 3229 non
1371 3173 1666 3249 aquo-scat
1697 3169 2082 3251 Pontificem,
2116 3191 2155 3232 α
2175 3191 2292 3251 quo
2325 3170 2510 3231 datus
2529 3193 2550 3231 .·
2583 3189 2695 3232 nec
2712 3169 2930 3231 credat

721 3276 949 3352 septem
981 3272 1410 3348 Sacramenta,
1444 3278 1711 3352 propter
1756 3293 1888 3354 quae
1934 3274 2136 3336 datus.
2228 3272 2457 3336 Dicam
2499 3294 2671 3351 vero,
2715 3280 2791 3336 ut
2838 3274 2933 3335 nil

724 3372 1114 3450 admirando,
1163 3373 1377 3437 beat-us
1424 3372 1596 3455 fiat¹.
1692 3376 1961 3459 Scripsit
2013 3376 2258 3439 Pilatus
2303 3376 2570 3439 titulum
2589 3402 2608 3453 ;
2657 3376 2927 3454 Pilatus,

726 3475 837 3560 qui
881 3475 1175 3555 infidelis,
1217 3476 1505 3555 titulum,
1553 3480 1665 3561 qui
1710 3500 1905 3542 sensu
1950 3479 2210 3562 quidem
2256 3479 2450 3543 Pilati
2492 3479 2709 3557 falsuS,
2741 3501 2930 3543 verus

723 3588 944 3644 tamen
998 3602 1036 3643 a
1083 3602 1184 3644 se:
1234 3581 1461 3644 Mirati
1507 3588 1652 3645 tum
1705 3590 1857 3645 sunt
1909 3582 2142 3661 Judaei,
2192 3590 2266 3646 ut
2323 3604 2500 3646 nunc
2548 3582 2930 3647 Cardinalis„

729 3684 857 3749 Sed
888 3684 1299 3748 commodum
1344 3685 1502 3748 mihi
1541 3685 1611 3748 in
1656 3693 1943 3749 mentem
1974 3687 2147 3750 venit
2180 3686 2258 3750 de
2290 3687 2622 3766 Pontifice‚
2654 3693 2729 3751 ut
2759 3687 2930 3750 Pon-

727 3788 966 3852 tificem
1008 3803 1156 3852 cum
1194 3789 1507 3852 Pontifice
1549 3788 1945 3853 collidamus,
2037 3789 2260 3854 Edidit
2303 3789 2382 3853 de
2414 3791 2675 3854 Christo
2708 3790 2932 3854 vatici-

727 3891 910 3954 nium
943 3892 1239 3975 CaiphaS,
1276 3890 1449 3955 idem
1491 3892 1830 3971 maximus,
1877 3893 2318 3977 pessimusque
2348 3894 2690 3974 Pontife13
2737 3895 2932 3958 veris-

732 3992 969 4057 simum
1001 4004 1218 4059 autem
1241 3995 1639 4075 vaticinium,
1674 4018 1865 4060 sensu
1900 3997 2174 4079 Spiritus
2205 3998 2454 4061 sancti:
2502 3998 2939 4076 falsissimum,

730 4118 865 4160 suo.
958 4098 1217 4177 Mirum,
1270 4119 1385 4161 cur
1429 4099 1729 4163 Christus
1775 4100 1966 4163 Pilati
2006 4102 2298 4180 titulum,
2341 4123 2456 4164 scu
2505 4102 2934 4165 characterem

732 4200 999 4282 gesserit
1018 4226 1036 4278 ;
1071 4202 1331 4284 Caiphae
1372 4202 1745 4266 vaticinium
1797 4203 1866 4266 in
1899 4205 2321 4287 Evangelium
2371 4204 2595 4267 referri
2627 4204 2933 4268 voluerit:

733 4325 901 4381 cum,
944 4326 1063 4368 nec
1095 4304 1377 4368 Pilatum
1418 4313 1662 4383 tamen,
1711 4328 1834 4370 nec
1865 4308 2177 4391 Caipham
2222 4316 2633 4392 agnosceret:
2680 4329 2802 4371 nec
2853 4307 2937 4369 ad

733 4427 955 4470 eorum
1017 4416 1304 4472 mentem
1359 4419 1527 4473 esset
1578 4433 1823 4488 sensm,
1876 4413 1977 4475 vel
2024 4413 2199 4476 tituli
2252 4414 2351 4478 vel
2398 4412 2704 4502 vaticinii.
2795 4413 2939 4477 Nec

1433 4582 1445 4616 ¹
1485 4586 1641 4649 [Vide
1669 4589 1846 4642 Horat.
1873 4590 1962 4655 Ep.
1984 4592 2015 4641 i.
2043 4595 2086 4642 6.
2116 4596 2159 4653 1,
2179 4592 2252 4655 2.]
