3165 4959
402 1619 499 1683 [De
532 1617 626 1667 hac
649 1631 701 1665 re

399 1683 692 1732 testimonia

402 1745 648 1811 Patrum]

709 340 839 403 210

1340 350 1425 397 AD
1472 349 1856 398 CARDINALIS
1897 348 2298 397 BELLARMINI

711 515 1007 574 mentum
1053 505 1286 588 Vetus)
1338 526 1534 587 quam
1580 505 1691 589 qui
1736 504 1860 568 fuit
1905 505 2060 567 olim
2125 505 2493 585 Synayoyoe.
2582 501 2726 564 Etsi
2776 521 2931 564 vero

717 612 1031 677 Hebraeos
1089 609 1261 691 (eum
1330 609 1757 693 Hieronymo)
1813 608 2092 671 libenter
2152 608 2483 691 sequimur
2539 605 2611 668 in
2665 606 2931 668 Canone

714 715 937 792 veteri,
986 735 1120 777 non
1167 721 1393 776 tamen
1434 713 1746 793 Spiritum
1789 713 2092 773 Sanctum
2139 712 2473 792 alliyamoeoe
2520 710 2609 771 ad
2654 710 2932 790 linyuam
2973 757 2986 762 -

717 819 1116 895 Hebraicam,
1141 822 1213 878 ut
1231 817 1436 878 Judoei
1458 843 1477 876 .·
1525 836 1736 896 neque
1768 816 1856 877 ad
1884 816 2160 895 linquam
2181 815 2493 890 Italicam,
2515 821 2579 875 et
2611 833 2679 875 os
2706 813 2931 873 summi

721 923 1033 998 Pastoris,
1085 928 1161 983 ut
1209 940 1356 995 vos;
1422 919 1587 983 liber
1634 926 1771 980 erat
1828 919 2122 1001 SpirituS,
2176 918 2282 978 ubi
2330 917 2542 993 voluit,
2591 916 2858 995 spiravit
2879 924 2929 978 ¹.-

722 1046 952 1106 neque,
986 1024 1141 1107 quid
1180 1023 1287 1087 hic
1318 1023 1526 1086 faeere
1563 1022 1869 1105 potuerit,
1904 1022 2018 1084 sed
2050 1021 2203 1103 quid
2233 1020 2476 1098 fecerit,
2509 1019 2928 1101 disputamus,

484 1129 611 1191 158
724 1128 947 1191 Potuit
1013 1128 1226 1190 Groece
1287 1127 1564 1190 dictasse
1622 1134 1806 1188 tum:

1883 1146 2015 1188 non
2077 1124 2358 1188 dietavit.
2476 1123 2730 1184 Credita
2787 1129 2932 1184 sunt

722 1232 960 1293 Judoeis
989 1232 1231 1312 eloquia
1261 1231 1425 1303 Dei5
1469 1232 1690 1292 Graeca
1718 1228 1848 1291 ilh's
1880 1229 2120 1290 credita
2143 1249 2264 1290 nee
2290 1225 2647 1290 Cardinalis
2678 1225 2927 1288 dixerit.

790 1349 943 1398 Recte
968 1348 1062 1412 [8.]
1086 1350 1405 1411 Augustinus
1435 1348 1525 1396 lib.
1552 1347 1694 1396 xviii.
1719 1346 1782 1395 de
1806 1346 1912 1395 civ.
1943 1346 2053 1405 Dei,
2081 1362 2190 1409 cap.
2209 1349 2285 1395 36.
2329 1349 2342 1371 ‘
2359 1345 2565 1394 Libros'
2601 1345 2771 1407 inquit
2801 1345 2932 1393 ‘Ma-

855 1431 1176 1480 chabaeorum
1202 1446 1305 1480 non
1335 1431 1366 1479 J
1372 1431 1524 1491 udsei,
1549 1431 1637 1480 sed
1661 1429 1883 1479 Ecclesia
1916 1443 2008 1491 pro
2034 1428 2302 1477 Canonicis
2328 1427 2482 1477 babet
2495 1427 2760 1491 ·.'—[13e11.
2787 1427 2934 1491 Apol.

856 1526 948 1575 pro
966 1511 1098 1576 Resp
1122 1512 1143 1574 ]
1175 1527 1223 1575 p.
1250 1511 1279 1564 ’ἴ
1284 1514 1331 1562 8.
1367 1513 1499 1576 [Op.‚
1523 1517 1646 1561 tom.
1669 1510 1756 1559 vii.
1782 1510 1874 1559 col.
1899 1511 2010 1561 748.
2037 1508 2089 1558 C.
2119 1509 2201 1573 D.]

814 1603 1226 1685 Augustinus
1267 1611 1506 1681 autem,
1554 1603 1647 1665 ibi
1691 1604 1792 1666 vel
1834 1602 2176 1664 Canonicos
2227 1600 2388 1664 dixit
2427 1601 2934 1664 Machabaeorum

731 1707 923 1769 libros
974 1706 1055 1768 ad
1112 1727 1345 1784 mores,
1401 1706 1597 1788 (unde
1657 1706 1919 1784 seilicet,
1967 1705 2258 1788 exempla
2302 1705 2635 1782 virtutum,
2681 1726 2935 1768 morum

728 1811 969 1892 regulae
997 1809 1131 1891 peti
1174 1817 1436 1892 possent
1460 1810 1498 1890 :)
1533 1810 1656 1887 vel,
1691 1809 1743 1871 si
1785 1831 1917 1872 non
1947 1809 2127 1886 dixit,
2162 1809 2458 1871 audimus
2489 1809 2937 1872 cardinalem:

731 1912 1053 1975 mittimus
1080 1912 1279 1989 hunc,
1323 1911 1455 1994 (qui
1485 1912 1555 1974 in
1585 1912 1821 1994 angulo
1849 1912 2087 1974 Afrieae
2120 1911 2555 1994 Hipponensis
2584 1912 2936 1995 Episcopus

728 2014 885 2099 fuit)
933 2015 1227 2078 audimus
1287 2035 1356 2077 os
1410 2016 1651 2077 Summi
1701 2015 2053 2096 Pontifici&
2111 2015 2405 2097 Gregorii
2457 2016 2688 2097 Magni
2707 2017 2744 2092 ‘,
2808 2016 2935 2098 qui,

734 2117 1029 2181 ducentis
1064 2128 1211 2200 post
1257 2118 1462 2195 anniS,
1501 2120 1847 2182 Canonicos
1880 2118 2271 2202 pernegavit.

2368 2118 2495 2180 Sed
2530 2117 2694 2180 nihil
2738 2140 2900 2201 opus
2921 2144 2935 2181 z

729 2223 926 2287 etiam
946 2221 1295 2305 Augustini
1318 2221 1515 2305 ipsius
1539 2233 1698 2299 oreu,
1729 2223 1852 2304 (De
1873 2222 2108 2285 Mirab.
2130 2222 2361 2302 Seript.
2377 2221 2441 2283 ii.
2466 2222 2572 2284 32.
2585 2248 2605 2299 ς
2631 2229 2856 2285 contra
2873 2225 2932 2285 2.

728 2327 933 2409 Epist.
970 2324 1293 2390 Gaudent.
1328 2348 1383 2389 e.
1417 2328 1548 2410 23.)
1593 2328 1891 2389 Canonici
1919 2334 2242 2409 negantur
2272 2347 2425 2389 esse.

793 2453 1003 2516 Alioqui
1025 2451 1151 2503 fides
1171 2458 1344 2503 nostra
1366 2453 1429 2503 ab
1451 2453 1718 2503 hominum
1742 2453 2078 2514 dubitatione,
2095 2453 2175 2503 vel
2198 2468 2302 2503 non
2324 2452 2658 2513 dubitatione,
2681 2453 2938 2518 penderet.

857 2534 955 2584 Sed
979 2535 1057 2584 illi
1082 2535 1176 2583 soli
1200 2540 1319 2585 sunt
1340 2534 1588 2585 habendi.
1615 2573 1626 2586 .
1654 2536 1911 2595 Canonici,
1935 2572 1949 2585 .
1972 2570 1984 2583 .
2013 2573 2024 2585 .
2049 2550 2174 2599 quos
2208 2540 2373 2584 mater
2406 2535 2628 2585 Ecclesia
2654 2573 2666 2585 .
2687 2573 2701 2585 .
2726 2572 2738 2584 .
2763 2552 2854 2600 per
2886 2553 2941 2587 os

859 2617 1046 2666 summi
1082 2617 1318 2677 Pastoris,
1355 2616 1455 2682 [vel
1479 2616 1821 2667 Conciliorum
1842 2615 2228 2680 legitimorum,]
2264 2632 2369 2667 esse
2393 2617 2751 2683 dicit—[Belt
2791 2618 2943 2682 Apol.

860 2712 952 2762 pro
986 2698 1157 2763 Resp.]
1190 2716 1239 2762 p.
1266 2700 1342 2750 78.
1382 2698 1523 2763 [Op.‚
1546 2704 1667 2747 tom.
1685 2699 1770 2747 vii.
1799 2698 1889 2747 col.
1908 2699 2020 2749 748.
2043 2698 2135 2761 D.]

823 2790 959 2851 Scit
992 2796 1211 2852 autem
1242 2790 1602 2853 Cardinalis
1634 2789 1793 2852 scire
1821 2809 1960 2866 nOS,
1994 2789 2192 2852 etiam
2224 2789 2303 2851 de
2336 2788 2714 2871 quibusdam
2749 2790 2944 2872 primi

736 2894 998 2956 Ordinis
1029 2894 1372 2957 Canonicis
1417 2892 1790 2956 dubitatum
1822 2914 1980 2970 esse,
2011 2913 2133 2955 nec
2173 2914 2213 2954 α
2255 2894 2656 2971 dubitatione,
2687 2896 2787 2956 vel
2822 2916 2946 2958 non

735 2996 1139 3073 dubitatione,
1161 2997 1439 3076 pendere
1469 2996 1656 3059 nobis
1685 2996 1943 3058 illorum
1974 2996 2447 3059 auctoritatem.
2541 2997 2759 3060 Gratis
2791 3018 2946 3080 ergo

803 3154 821 3177 ¹
855 3144 950 3209 [Cf.
973 3145 1120 3194 Joan.
1144 3146 1217 3195 iii.
1245 3146 1318 3209 8.]

804 3217 822 3239 ⁸
857 3214 909 3273 Γ
931 3211 1154 3266 Quorum
1183 3211 1474 3274 supputatio
1506 3215 1794 3274 temporum

738 3288 841 3322 non
886 3274 941 3322 in
987 3275 1261 3336 Scripturis
1303 3277 1503 3335 sanctis,
1550 3292 1664 3337 quae
1710 3277 1796 3325 Ca-

738 3339 935 3389 nonicae
959 3340 1294 3403 appellantur,
1326 3339 1412 3389 sed
1440 3342 1495 3390 in
1517 3340 1633 3390 aliis
1664 3342 1797 3391 inve·

739 3406 895 3463 nitur,
936 3406 992 3452 in
1038 3405 1221 3466 quibus
1254 3410 1374 3453 sunt
1408 3410 1460 3455 et
1494 3406 1802 3456 Machabaeo-

741 3483 856 3517 rum
879 3470 1013 3528 libri,
1036 3484 1161 3533 quos
1193 3484 1297 3518 non
1318 3469 1349 3518 J
1353 3470 1504 3529 udaei,
1526 3471 1614 3520 sed
1639 3472 1803 3521 Eccle-

743 3535 819 3583 sia
851 3549 943 3597 pro
969 3536 1225 3584 canonicis
1259 3535 1426 3594 habet,
1451 3542 1657 3600 propter
1688 3552 1804 3599 quo-

746 3600 960 3648 rundam
1013 3605 1293 3662 martyrum
1359 3603 1615 3664 passiones
1664 3603 1805 3651 vehe-

747 3670 957 3724 mentes,
971 3669 1121 3727 atque
1136 3666 1407 3718 mirabiles.
1420 3669 1523 3729 qui,
1533 3673 1804 3730 antequam

750 3729 981 3778 Christus
1002 3732 1221 3779 venisset
1243 3732 1296 3779 in
1320 3747 1536 3785 earnem.
1560 3747 1716 3794 usque
1737 3732 1800 3782 ad

749 3799 966 3844 mortem
1000 3809 1090 3857 pro
1124 3795 1217 3844 Dei
1251 3796 1365 3857 lege
1395 3803 1726 3856 certaverunt,
1752 3802 1804 3847 et

751 3861 886 3909 mala
905 3860 1204 3921 gravissima
1232 3865 1382 3923 atque
1403 3861 1669 3910 horribilia
1701 3877 1804 3925 per-

751 3924 1139 3973 tulerunt.”——S.
1164 3927 1294 3986 Aug.
1332 3926 1395 3974 de
1420 3927 1523 3974 Civ.
1561 3926 1672 3985 Dei,
1716 3928 1802 3975 lib.

751 3989 889 4037 xviii.
918 4003 1022 4051 cap.
1044 3992 1120 4038 36.
1159 3990 1269 4052 Op„
1305 3995 1427 4039 tom.
1450 3991 1537 4039 vii.
1565 3993 1804 4043 eoll.833.

751 4052 829 4109 D;
864 4057 972 4103 834.
1002 4055 1090 4118 A.]

817 4120 833 4149 ²
870 4118 927 4180 [⁰
946 4119 1020 4167 De
1055 4134 1153 4181 qua
1178 4134 1230 4168 re
1264 4133 1368 4168 non
1399 4120 1683 4169 inordinate
1704 4121 1806 4181 agi·

749 4196 880 4241 mus,
901 4184 944 4232 si
974 4199 1037 4232 ex
1067 4185 1228 4241 libris,
1252 4185 1370 4233 lieet
1393 4201 1495 4234 non
1522 4186 1803 4241 Canonicis,

750 4247 835 4294 sed
861 4254 1031 4296 tamen
1055 4249 1118 4296 ad
1153 4249 1543 4299 aedificationem
1569 4250 1804 4299 Ecclesiae

749 4312 918 4371 editus,
942 4314 1289 4362 testimonium
1315 4316 1636 4376 proferamus.
1699 4317 1804 4365 Ele—

745 4390 860 4425 azar
903 4392 1119 4440 namque
1162 4378 1217 4426 in
1261 4380 1439 4441 praelio
1482 4380 1801 4443 elephantem

745 4440 928 4490 seriens
961 4443 1299 4491 stravit.”—S.
1323 4446 1468 4506 Greg.
1496 4445 1596 4508 M]
1625 4446 1801 4494 Moral.

746 4502 821 4612 gn
866 4505 980 4553 Job.
1014 4506 1126 4568 lib.]
1171 4508 1276 4554 xix.
1326 4508 1486 4571 [eap.]
1539 4511 1647 4559 xiii.
1674 4510 1799 4574 [xxi.

791 4580 866 4614 en.
895 4567 1003 4629 Op„
1026 4574 1147 4617 tom.
1174 4572 1206 4619 i.
1231 4572 1323 4619 eol.
1348 4574 1457 4630 622,
1484 4573 1569 4636 A]

1947 3157 1973 3178 '²
1998 3148 2050 3213 [“
2067 3147 2126 3196 In
2147 3148 2550 3198 Machabaeorum
2567 3149 2729 3205 libris,
2747 3150 2842 3198 etsi
2857 3150 2950 3199 ali-

1883 3212 2006 3275 quid
2038 3214 2348 3262 mirabilium
2381 3228 2590 3262 numero
2621 3215 2949 3263 inserendum

1883 3279 2185 3327 conveniens
2207 3278 2359 3327 fuisse
2373 3278 2540 3328 ordini
2563 3280 2864 3339 inveniatur,
2884 3279 2951 3328 de

1886 3342 1981 3392 hoe
2027 3346 2198 3392 tamen
2242 3343 2383 3392 nulla
2425 3359 2545 3393 eura
2588 3344 2952 3405 fatigabimur;

1888 3409 2011 3471 quia
2033 3412 2233 3456 tantum
2256 3422 2403 3468 agere
2426 3409 2791 3470 proposuimus
2810 3415 2868 3457 ut
2886 3409 2951 3458 de

1890 3473 2068 3521 Divini
2094 3472 2313 3521 Canonis
2343 3473 2661 3522 mirabilibus
2693 3475 2953 3535 exiguam,

1890 3539 2120 3600 quamvis
2171 3538 2416 3599 ingenioli
2471 3539 2632 3587 nostri
2684 3538 2951 3587 modulum

1890 3601 2231 3661 excedentem,
2255 3602 2544 3651 historicam
2580 3604 2951 3664 expositionem

1890 3682 1954 3715 ex
1970 3668 2139 3729 aliqua
2152 3672 2294 3729 parte
2302 3669 2773 3729 tangeremus.‘'—A
2780 3674 2950 3729 ugust.

1891 3732 2170 3780 Monachus
2200 3732 2431 3781 Cantuar.
2460 3732 2594 3791 (vide
2624 3732 2773 3781 Cavei
2811 3733 2948 3782 Hist.

1891 3796 1991 3845 Lit.
2016 3801 2135 3845 tom.
2160 3797 2193 3844 i.
2233 3812 2281 3859 p.
2307 3798 2436 3858 294.)
2474 3796 2536 3845 de
2559 3797 2740 3847 Mirab.
2765 3798 2949 3860 Script.

1890 3862 1981 3910 lib.
2009 3862 2063 3910 ii.
2107 3877 2213 3925 cap.
2250 3864 2359 3920 34.;
2403 3861 2536 3924 apud
2576 3862 2625 3910 S.
2650 3863 2781 3923 Aug.
2834 3863 2948 3927 Op..

1891 3930 2013 3974 tom.
2037 3928 2112 3975 iii.
2148 3926 2377 3990 Append.
2413 3927 2505 3974 col.
2533 3927 2673 3976 27'i'8.
2703 3928 2755 3981 C.
2781 3926 2841 3976 D.

1973 3994 2003 4016 ‘¹
2051 3991 2119 4039 Et
2171 3991 2301 4040 hane
2356 3990 2561 4053 quidem
2618 3992 2948 4054 Scripturam,

1893 4071 2007 4118 quae
2053 4057 2335 4118 appellatur
2373 4056 2793 4113 Machabaeorum,
2842 4072 2951 4106 non

1893 4120 2081 4169 habent
2123 4120 2290 4169 Judaei
2327 4122 2457 4168 sicut.
2494 4119 2695 4183 Legem,
2734 4128 2785 4171 et
2832 4122 2951 4171 Pro-

1892 4184 2086 4248 phetas,
2115 4192 2166 4234 et
2204 4185 2444 4241 Psalmos.
2479 4186 2660 4247 quibus
2699 4186 2952 4235 Dominus

1892 4251 2240 4299 testimonium
2274 4251 2518 4313 perhibet,
2543 4258 2779 4312 tanquam
2812 4254 2952 4300 testi·

1892 4316 1986 4363 bus
2004 4317 2105 4364 suis
2129 4351 2138 4362 .
2161 4353 2170 4363 .
2198 4353 2209 4363 .
2231 4316 2326 4364 Sed
2341 4321 2539 4376 recepta
2551 4322 2624 4364 est
2646 4316 2951 4366 alrEeclesia

1889 4396 1993 4429 non
2034 4381 2301 4439 inutiliter,
2333 4381 2375 4428 si
2422 4380 2586 4429 sobrie
2628 4380 2825 4441 legatur
2867 4382 2952 4429 vel

1888 4446 2299 4495 audiatur.”—-S.
2335 4447 2466 4507 Aug.
2505 4449 2663 4494 contr.
2700 4445 2949 4494 Gaudent.

1889 4511 1979 4559 lib.
2005 4512 2036 4559 i.
2083 4525 2186 4573 cap.
2225 4512 2365 4559 xxxi.
2432 4514 2544 4572 Op„
2588 4514 2709 4559 tom.
2732 4511 2803 4560 ix.
2849 4510 2944 4560 col.

1894 4578 2038 4623 1006.
2065 4576 2120 4635 C,
2147 4575 2237 4637 D.]
