3165 4959
914 358 1280 406 stomoma
1322 357 1690 407 nassonem.
2365 350 2408 412 9

217 513 522 576 Sacrificis
550 514 785 577 vestris
817 515 1098 598 quidam,
1132 516 1243 599 qui
1271 516 1341 580 in
1369 516 1527 581 vivis
1557 517 1769 581 adhuc
1800 522 1975 580 sunt.
2040 516 2405 583 Quaesitum

212 616 285 680 ab
310 617 455 696 illis,
492 618 564 681 Si
591 625 738 701 post
765 619 964 682 latam
1003 622 1143 704 jam
1170 621 1242 683 in
1271 641 1379 684 eos
1410 621 1637 685 mortis
1678 621 2089 699 sententiam,
2120 620 2234 686 illo
2261 622 2406 705 ipso

211 742 408 800 mane,
454 743 585 806 quo
630 722 715 785 ad
759 724 1142 806 supplicium
1188 723 1467 788 ducendi
1510 731 1744 804 essent,
1775 724 2050 789 facultas
2078 724 2171 788 eis
2199 724 2402 809 impe-

209 826 355 889 trari
394 834 614 909 posset
662 827 1079 892 missificandi
1136 828 1227 912 (id
1274 836 1513 907 autem,
1559 851 1689 912 quo
1735 828 1831 892 ita
1872 828 1963 892 eis
2021 829 2214 892 certis
2265 851 2404 895 esse

208 928 387 992 detur
444 929 527 993 de
578 930 942 994 intentione
994 952 1112 995 sua
1159 931 1596 1011 consecrandi,
1651 953 1772 996 nec
1825 932 1904 995 ab
1967 932 2177 996 aliena
2223 932 2403 997 dubii

206 1033 543 1116 pendeant)
574 1034 916 1117 quaesitum
944 1035 1279 1119 (inquam,)
1307 1038 1436 1114 An,
1458 1042 1721 1119 peracta
1739 1037 1879 1119 jam
1901 1037 2398 1116 consecratione,

209 1159 343 1220 quo,
402 1138 816 1202 vacillantem
880 1146 1248 1204 nostrorum
1304 1139 1643 1204 hominum
1701 1140 1897 1204 fidem
1958 1140 2038 1204 de
2095 1140 2238 1219 hoc,
2307 1141 2402 1223 (in

212 1241 508 1324 Symbolo
571 1241 955 1324 cardinalis)
1027 1242 1303 1306 articulo
1373 1243 1603 1327 primo,
1671 1243 2398 1323 stambstantiationic,

208 1344 645 1408 confirmatam
704 1346 911 1428 magis
969 1345 1352 1422 redderent3
1416 1353 1678 1430 possent
1728 1346 1800 1409 in
1857 1346 2146 1409 animum
2206 1367 2399 1410 suum

208 1446 518 1527 inducere,
543 1455 626 1512 ut
655 1448 1113 1513 circumfusum
1143 1450 1452 1534 populum
1483 1450 1571 1514 sic
1603 1449 1786 1513 affari
1814 1450 2073 1529 vellent,
2099 1451 2248 1514 Nm·
2276 1453 2398 1530 hic,

209 1552 304 1632 φά
330 1552 393 1614 ἐπ
429 1552 644 1615 Colice
673 1554 788 1614 hoc
807 1553 952 1634 jam
979 1558 1091 1630 est,
1124 1554 1297 1633 cujus
1326 1554 1561 1635 species
1590 1553 1863 1631 cremitis,
1896 1553 2060 1615 idem
2087 1555 2218 1635 ipse
2255 1574 2402 1617 san-

200 1656 333 1735 quis
358 1656 460 1732 eit,
487 1656 600 1737 qui
623 1654 700 1717 de
728 1655 1049 1717 christiin
1078 1656 1275 1718 Cruce
1288 1656 1621 1737 pendentis
1645 1657 1839 1718 latere
1855 1657 2200 1737 proflavit,-
2246 1657 2402 1719 mihi

200 1780 343 1839 pare
382 1761 559 1822 nulla
606 1762 693 1822 ait
737 1762 835 1823 vel
873 1761 942 1823 in
987 1761 1223 1823 clav-isti
1264 1762 1582 1843 sanquine,
1616 1763 1715 1824 vel
1751 1762 1820 1824 in
1870 1762 2116 1825 Christo
2155 1763 2291 1843 ipso
2330 1764 2400 1826 in

206 1868 483 1925 eternum
500 1888 524 1937 ;
576 1869 772 1946 atque
821 1863 934 1941 ita,
980 1862 1084 1926 his
1128 1869 1441 1946 tanquam
1478 1861 1691 1928 verbis
1733 1863 2117 1943 novissimis,
2149 1866 2396 1930 mundo

205 1966 598 2031 valedicere?
633 1967 805 2033 Quid
828 1966 933 2031 hic
953 1966 1097 2030 illi?
1143 1969 1401 2051 Negare
1420 1988 1663 2031 omnes.
1713 1966 1923 2032 Credo
1942 1976 2180 2047 autem,
2203 1969 2258 2032 si
2274 1969 2399 2033 hoc

204 2067 403 2149 ipsum
434 2075 691 2153 quaerat
718 2069 862 2152 quis
892 2090 932 2132 a
961 2069 1303 2133 Cardinale
1342 2069 1500 2152 ipso,
1532 2089 1611 2132 ea
1637 2068 1816 2147 hora,
1849 2091 1977 2152 qua
2012 2070 2151 2154 jam
2194 2070 2397 2154 tergi-

204 2175 485 2238 versandi
544 2176 732 2238 locus
776 2174 1012 2252 nullus,
1067 2175 1394 2238 haesurum
1437 2179 1504 2237 et
1549 2174 1796 2256 Ipsum,
1857 2194 2067 2258 neque
2118 2175 2397 2257 pretium

206 2275 686 2362 Redemptionis
714 2299 845 2341 suae
872 2279 966 2341 ita
994 2284 1239 2341 temere
1266 2277 1438 2340 inter
1456 2276 1689 2341 Calicis
1718 2275 1901 2341 labra
1926 2277 2307 2360 positurum.

280 2378 672 2443 Gamettusi
695 2379 973 2463 quidem,
996 2401 1143 2442 cum
1166 2379 1295 2443 tale
1319 2378 1471 2462 quid
1496 2378 1576 2442 ab
1599 2400 1676 2443 eo
1699 2387 2112 2463 quaereretur,
2143 2381 2397 2444 modicae
2455 2397 2727 2452 ameum

193 2482 335 2563 fidei
380 2485 606 2564 fuisse,
663 2506 738 2548 ac
788 2484 1086 2568 perplexe
1138 2483 1292 2547 satis
1349 2484 1749 2567 respondisse
1808 2485 2062 2549 dicitur.
2154 2487 2397 2551 Merito
2421 2466 2720 2582 „beffigib

203 2587 469 2652 dubitari
532 2590 620 2653 de
672 2610 748 2653 eo
798 2609 1002 2672 posse.
1092 2588 1238 2651 Nec
1296 2587 1397 2650 vel
1455 2609 1544 2667 se,
1605 2589 1707 2652 vel
1765 2588 1964 2652 alium
2026 2610 2396 2672 quenquam
2421 2595 2561 2672 tion?

203 2693 412 2770 teneri,
445 2702 522 2756 ut
564 2701 815 2756 temere
854 2691 1093 2768 credat,
1127 2696 1240 2754 aut
1279 2690 1553 2754 salutem
1586 2712 1768 2754 suam
1804 2690 2122 2756 credendo
2155 2691 2226 2755 in
2266 2693 2396 2756 dis·
2422 2659 2644 2725 dumus]

205 2795 433 2858 crimen
480 2794 788 2871 adducat,
852 2793 1022 2877 quod
1073 2794 1175 2857 vel
1235 2793 1386 2876 Ipse
1447 2793 1708 2871 scilicet,
1773 2794 1876 2857 vel
1926 2793 2092 2857 alius
2141 2794 2281 2876 quis
2326 2794 2398 2858 in

207 2896 527 2962 individuo
586 2896 920 2973 Sacerdos,
967 2896 1069 2960 vel
1126 2896 1267 2972 hoc,
1321 2895 1424 2959 vel
1471 2900 1650 2959 certo
1697 2895 1822 2958 alio
1874 2895 2397 2960 Consecrationis

206 3020 326 3062 suae
368 3009 686 3084 tempore,
719 3020 953 3082 panem
994 2995 1638 3062 transubstantiando
1674 2997 1917 3062 Christi
1963 3019 2192 3082 corpus
2244 3019 2394 3062 con-

204 3099 381 3164 ficiat.
459 3100 685 3166 statui
714 3100 982 3164 forsitan
1011 3120 1195 3183 posse
1224 3099 1296 3162 in
1327 3120 1581 3182 genere,
1613 3108 1806 3183 atque
1835 3100 2189 3179 indefinite,
2224 3101 2397 3185 quod

212 3203 807 3268 stambstantiatio
852 3203 953 3281 sit,
1001 3211 1066 3266 et
1115 3202 1288 3286 quod
1332 3203 1411 3266 ab
1463 3204 1692 3286 alique,
1739 3203 1988 3283 alicubi,
2030 3204 2393 3284 Sacerdote,

202 3308 319 3370 tale
374 3310 550 3392 quid,
617 3308 954 3390 aliquando
1015 3308 1154 3370 fieri
1209 3306 1430 3389 possit.
1519 3307 1623 3370 Ab
1681 3307 1908 3389 aliqzw,
1969 3308 2217 3387 alicubi,
2278 3309 2396 3371 ali-

203 3414 429 3492 quando
448 3415 482 3476 ἕ
537 3413 760 3479 Quam
804 3411 969 3475 nihil
1014 3411 1173 3475 certi
1189 3411 1219 3473 ¹?
1268 3411 1378 3474 Illi
1408 3431 1580 3494 ergo,
1612 3418 1689 3474 ut
1722 3411 1994 3489 videtur,
2026 3433 2161 3476 non
2204 3412 2396 3476 modo

201 3518 517 3598 particula,
554 3518 775 3595 ‘Hoc,'
807 3516 921 3580 sed
964 3515 1570 3578 stambstantiatio
1599 3520 1756 3593 tota,
1788 3515 2174 3578 individuum
2203 3514 2396 3579 modo

202 3622 437 3705 vayumJ
457 3651 478 3686 .·
543 3623 758 3705 deque
815 3642 911 3700 ea,
972 3641 1199 3703 vagam
1260 3619 1452 3684 modo
1508 3619 1705 3682 fidem
1758 3619 2057 3683 habebat.
2148 3618 2394 3701 Populo
2548 3618 2593 3679 8

201 3724 445 3789 interim
502 3725 666 3809 quid
718 3724 877 3787 fiet?
941 3722 1097 3806 quid
1130 3723 1268 3805 fide
1318 3723 1456 3806 ejus
1473 3722 1503 3784 ?
1572 3722 1675 3784 cui
1725 3721 2029 3784 certitudo
2074 3740 2215 3783 esse
2261 3741 2394 3783 non

198 3837 397 3911 potest
445 3831 528 3893 de
578 3836 734 3892 actu
780 3827 1160 3904 Sacerdotis,
1203 3827 1312 3910 qui
1358 3826 1497 3909 ipse
1535 3846 1673 3888 non
1724 3830 1928 3887 certus
1967 3823 2047 3887 de
2093 3825 2255 3887 suo?
2301 3825 2396 3888 At

202 3956 375 4016 quem
410 3932 732 4000 Sacerdos
769 3932 884 4014 (sic
919 3938 995 3995 ut
1026 3931 1321 4009 vidimus,
1354 3950 1476 3993 non
1514 3928 1739 4010 certus)
1778 3927 2011 3992 invitat
2053 3935 2273 3993 tamen
2314 3928 2396 3992 ad

205 4037 490 4103 Hostiam
522 4058 714 4101 suam
753 4035 856 4117 (de
888 4057 1015 4119 qua
1041 4035 1135 4099 ita
1173 4035 1465 4117 incertus)
1507 4032 1919 4097 adorandam.
2008 4034 2119 4097 An
2149 4054 2292 4117 quae
2324 4034 2396 4096 in

208 4139 886 4206 stambstantiatione
928 4139 1168 4201 incerta
1198 4145 1295 4201 est
1330 4136 1582 4215 Hostia,
1616 4142 1788 4199 certa
1821 4136 1959 4219 jam
1989 4135 2113 4200 erit
2145 4136 2217 4199 in
2247 4136 2396 4199 ado·

202 4249 425 4310 ratione
444 4249 479 4309 ?
548 4245 645 4309 Et
690 4264 928 4321 annon,
962 4248 1138 4306 recte
1169 4242 1312 4325 quis
1357 4240 1614 4325 plebem
1649 4240 1741 4304 sic
1771 4240 2113 4323 compellet
2131 4241 2161 4303 ¹?
2236 4240 2405 4314 Quid

261 4431 272 4463 ¹
299 4432 357 4481 ln
370 4433 555 4495 colloq.
583 4445 703 4480 cum
722 4429 1255 4491 Decan.Saoell.Reg.,
1404 4427 1419 4468 ³
1457 4426 1630 4490 [Conf.
1675 4426 1723 4476 S.
1755 4426 1932 4477 Thom.
1971 4427 2162 4489 Aquin.
2208 4426 2402 4477 Summ.

205 4494 399 4555 paulin..
437 4504 491 4547 et
534 4496 898 4545 westmonast.
964 4494 1071 4544 Jac.
1117 4494 1256 4544 Mon·
1344 4491 1516 4541 Theou.
1552 4491 1662 4541 Par.
1686 4491 1759 4541 iii.
1785 4491 1971 4550 Quaest.
1994 4492 2194 4544 lxxviii.
2219 4493 2330 4543 Art.
2357 4506 2402 4539 v.

205 4565 322 4623 lagu,
343 4562 421 4614 Jo.
448 4561 681 4621 Ovcrall,
703 4565 754 4609 et
780 4559 882 4609 Ric.
962 4558 1094 4623 eila]
1346 4556 1493 4607 Cone.
1519 4560 1542 4618 ς
1581 4556 1694 4605 ‘Ad
1716 4555 2043 4619 secundum]
