3165 4959
461 2347 585 2408 155

680 319 812 381 206
1313 327 1395 374 An
1439 324 1822 375 ommam
1863 323 2264 373 sannanim

682 488 863 565 nulli,
944 486 1055 569 qui
1114 484 1300 548 illum
1355 485 1528 547 inter
1601 481 1863 545 Aulicos
1911 481 2178 563 Reginae
2224 485 2674 563 EHZABETHAE,
2716 505 2894 548 com-

682 591 1055 656 meminisse
1077 596 1372 672 possunt:
1410 608 1537 670 qua
1556 586 1629 648 in
1640 585 1811 649 Aula
1831 585 1940 667 qui
1964 585 2274 650 educatus
2293 588 2526 667 fuerat,
2548 610 2675 671 qua
2695 589 2896 652 fuerit

683 695 830 773 fide,
867 714 1008 777 quae
1052 692 1477 756 fundamenta
1507 689 1863 771 Religionis
1900 689 2151 772 jecerit,
2186 691 2328 772 quis
2371 713 2508 755 non
2546 691 2897 776 conjiciet?

687 797 1074 874 Praesertim,
1105 795 1299 858 Patre
1329 795 1468 877 ejus
1505 791 1728 874 (Regis
1756 792 1898 855 Avo
1944 792 2256 875 Paterno)
2303 794 2590 857 Leviniae
2620 795 2895 871 Comite,

687 901 769 963 ad
798 907 1087 963 nostram
1114 898 1283 961 hanc
1309 896 1748 961 Reformatam
1785 894 1919 976 (sic,
1950 900 2024 957 ut
2055 896 2216 976 erat)
2253 896 2504 961 affecto.
2592 898 2770 961 Nam
2818 897 2898 961 de

687 1023 766 1067 eo
805 1002 1058 1085 egregie
1089 999 1447 1065 Cardinalis
1479 1020 1550 1062 os
1581 997 1941 1075 sublinunt,
1974 997 2057 1060 ad
2085 998 2450 1081 prodigium
2478 1022 2685 1083 usque
2713 1022 2901 1064 men.

689 1105 896 1183 ‹lace8,
932 1104 1044 1187 qui
1073 1104 1404 1184 Papi-etam
1435 1101 1495 1163 ei
1525 1101 1871 1184 pinxerunt
1897 1126 1910 1164 z
1961 1101 2093 1165 Qui
2122 1101 2194 1164 in
2223 1102 2461 1185 Anglia
2487 1103 2613 1181 hic,
2644 1103 2898 1167 domes-

688 1208 893 1271 ticum
939 1227 1189 1289 semper
1227 1205 1494 1269 haberet
1526 1205 1606 1266 (16
1646 1202 2037 1286 presbyteris
2084 1205 2321 1267 nostris
2371 1206 2817 1283 Sacellanum3
2863 1228 2902 1268 a

691 1332 838 1393 quo,
872 1318 1015 1372 tum
1044 1309 1203 1392 ipse,
1234 1315 1378 1370 tum
1406 1305 1652 1370 familia
1693 1305 1852 1389 ejuS,
1881 1305 2168 1388 quotidie
2198 1327 2336 1369 rem
2367 1307 2649 1370 divinam
2680 1308 2890 1372 audie·

692 1413 871 1491 bant,
903 1412 1036 1475 ritu
1074 1419 1336 1487 nostro,
1383 1431 1422 1473 a
1452 1430 1601 1492 quo,
1647 1408 1831 1471 statis
1876 1408 2272 1491 temporibus
2318 1416 2384 1473 et
2423 1410 2899 1474 Eucharistiam

694 1515 1132 1599 accipiebant:
1181 1513 1333 1591 Qui,
1373 1533 1523 1576 cum
1565 1511 1634 1575 in
1682 1510 1963 1574 Scotiam
2011 1520 2156 1594 post
2196 1513 2495 1591 venisset,
2536 1512 2704 1576 nihil
2732 1513 2900 1576 anti-

693 1620 883 1703 quius
920 1618 1167 1695 habuit,
1211 1638 1404 1699 quam
1446 1625 1522 1679 ut
1568 1615 1721 1678 fidei
1769 1636 1902 1678 suae
1948 1615 2122 1679 ultro
2163 1615 2621 1699 professionem
2661 1616 2902 1694 ederet,

694 1723 869 1786 haud
899 1722 1090 1785 aliam
1123 1741 1315 1803 quam
1347 1739 1490 1802 quae
1533 1718 1606 1780 in
1651 1718 1867 1781 Scotia
1906 1717 2269 1783 obtineret:
2316 1718 2511 1802 idque
2554 1719 2902 1802 auspicato,

694 1825 1069 1908 priusquam
1099 1823 1400 1904 Proreyis
1444 1842 1685 1884 munus
1724 1841 2071 1904 capessere,
2104 1828 2216 1884 aut
2246 1822 2328 1885 ad
2356 1823 2542 1906 regni
2585 1823 2903 1906 guberna-

697 1928 842 1990 cula
891 1947 1158 1989 manum
1204 1926 1543 1988 admovere
1588 1924 1822 1987 vellet:
1868 1925 2230 2007 Nunquam
2270 1934 2414 2009 post
2459 1927 2656 1989 sacris
2692 1927 2903 1991 conci-

698 2029 952 2106 onibuS,
1010 2027 1433 2093 Eucharistiae
1487 2026 1804 2090 defuerit:
1871 2026 2137 2090 tandem
2185 2028 2468 2091 moriens
2526 2028 2908 2110 (astantibus

700 2155 735 2197 6
775 2133 1219 2195 ministrorum
1249 2151 1519 2194 numero
1546 2129 1797 2211 multis)
1837 2137 2133 2208 testatus,
2174 2132 2243 2194 in
2285 2154 2412 2214 qua
2439 2131 2612 2196 inter
2641 2153 2750 2195 eos
2781 2132 2906 2195 fide

700 2236 978 2314 vixisset,
1024 2236 1097 2298 in
1144 2233 1368 2299 eadem
1415 2241 1483 2298 et
1534 2234 1720 2298 mori.
1817 2234 2069 2299 Quodsi
2115 2242 2331 2299 autem
2383 2243 2696 2318 praeterea
2742 2236 2908 2299 nihil

702 2347 888 2417 esset,
933 2340 1034 2404 vel
1084 2361 1162 2403 ex
1207 2361 1340 2403 uno
1391 2339 1514 2403 hoc
1561 2337 1786 2415 discas,
1842 2359 2035 2420 quam
2095 2338 2288 2402 fuerit
2347 2338 2716 2404 Catholicus
2775 2361 2908 2403 non

702 2444 933 2523 bonus,
976 2443 1067 2527 (in
1098 2441 1221 2507 hac
1250 2442 1628 2527 praesertim,
1661 2460 1804 2524 quae
1835 2440 1947 2504 diu
1966 2442 2106 2525 jam
2132 2441 2375 2505 Orbem
2405 2451 2677 2522 exercet,
2712 2443 2910 2508 Cleri·

700 2569 922 2613 corum
942 2569 980 2610 a
1007 2548 1146 2610 foro
1177 2547 1376 2629 Regis
1407 2545 1856 2628 exemptione.)
1944 2546 2097 2607 Tota
2128 2545 2302 2608 enim
2330 2553 2646 2627 spectante
2671 2548 2907 2625 Scotia,

700 2650 1272 2735 Archiepiscopum
1308 2648 1921 2711 Sanctandraeanum
1952 2648 2534 2730 Metropolitanum
2564 2656 2631 2713 et
2663 2650 2910 2714 Prima-

700 2761 834 2816 tem
863 2754 1065 2817 totius
1099 2752 1351 2829 Scotiae,
1385 2750 1613 2814 sedens
1643 2771 1758 2833 pro
1794 2749 2148 2826 Tribunali,
2190 2749 2518 2814 damnavit
2549 2751 2630 2814 ad
2658 2751 2913 2834 patibu-

697 2858 835 2918 lum
855 2867 899 2918 8.
997 2855 1293 2937 (Factum
1343 2874 1570 2916 narro:
1633 2852 1712 2915 de
1767 2853 1808 2914 J
1811 2851 1943 2914 uris
1996 2851 2402 2917 ordinatione
2454 2854 2620 2917 nihil
2673 2861 2911 2918 statuo.

700 2960 809 3020 An
847 2957 919 3019 in
951 2978 1094 3020 eam
1125 2957 1411 3038 exceptio
1452 2954 1619 3018 forte
1648 2954 1882 3036 aliqua,
1916 2954 2182 3019 definire
2222 2977 2356 3019 non
2387 2963 2486 3019 est
2515 2958 2757 3039 meum)
2799 2957 2915 3021 sed

701 3060 944 3123 factum
992 3059 1149 3123 hoc:
1194 3059 1539 3121 damnatus
1576 3057 1657 3119 ad
1698 3059 2002 3140 laqueum
2043 3065 2161 3136 est,
2193 3060 2422 3140 laqueo
2452 3060 2654 3123 vitam
2683 3060 2913 3140 finivit,

701 3182 778 3225 eo
809 3161 999 3243 quod,
1032 3160 1407 3224 atrocissimi
1437 3160 1612 3223 illius
1640 3159 1940 3223 facinoris
1971 3162 2263 3224 conscius
2292 3161 2542 3241 fuisset,
2587 3184 2716 3245 quo
2745 3162 2916 3226 filius

701 3264 859 3347 ejus,
893 3265 1086 3327 Pater
1110 3263 1326 3345 Regis,
1359 3283 1473 3344 per
1503 3282 1831 3325 summum
1863 3263 2069 3326 scelus
2098 3263 2528 3347 interemptus
2559 3273 2677 3329 est.
2769 3267 2915 3330 Nec

703 3368 889 3431 aliter
917 3374 1136 3430 tamen
1178 3365 1487 3443 consciuS,
1525 3386 1718 3448 quam
1751 3365 2106 3429 Garnettus
2136 3366 2207 3429 in
2235 3389 2499 3450 nupero,
2531 3390 2664 3432 non
2695 3370 2915 3432 minus

701 3469 973 3534 immani
1018 3470 1254 3533 scelere
1294 3469 1688 3544 Ριιῐυενανὶο,
1735 3490 1988 3551 nempe,
2035 3469 2147 3531 sub
2190 3471 2398 3552 siyillo
2451 3470 2868 3553 Confieseiom’s
2890 3497 2912 3535 .·

703 3575 783 3638 de
837 3595 962 3657 quo
1012 3573 1401 3636 Garnettum
1450 3571 1808 3635 Cardinalis
1851 3577 1986 3633 tam
2033 3571 2375 3654 diligenter
2413 3582 2694 3651 excusat,
2741 3575 2917 3639 haud

703 3676 853 3755 scio,
896 3696 982 3738 an
1022 3680 1443 3737 excusaturus
1484 3680 1550 3736 et
1591 3673 2189 3754 Archiepiscopum;
2237 3674 2317 3738 de
2347 3676 2548 3739 Patre
2575 3677 2770 3755 hunc,
2806 3677 2917 3760 qui

701 3779 905 3855 illum,
967 3776 1048 3840 de
1098 3776 1281 3838 FinO.
1390 3775 1518 3838 Vix
1572 3775 1900 3838 Catholice
1947 3782 2169 3839 tamen
2219 3776 2344 3840 hoc
2394 3778 2475 3840 ab
2526 3779 2666 3841 Avo
2720 3781 2917 3862 Regis

702 3880 947 3945 factum
995 3880 1166 3942 dicet
1208 3878 1589 3953 Cardinalis,
1635 3877 1749 3941 sed
1790 3877 1891 3941 vel
1933 3878 2082 3941 inde
2130 3880 2382 3963 egregie
2425 3881 2767 3945 mendaces
2801 3903 2919 3964 pro

704 3990 1030 4066 comperto
1087 3980 1342 4058 habeat,
1413 3981 1524 4063 qui
1587 3980 1667 4043 de
1723 3980 1862 4045 Avo
1924 3980 2122 4064 Regis
2180 3990 2451 4065 paterno
2509 3984 2753 4048 audent
2817 3984 2919 4048 vel

703 4087 969 4151 hiscere.

773 4223 907 4280 Quin
930 4220 1085 4271 etiam
1108 4216 1444 4270 ostenduntur
1479 4217 1564 4267 hic
1598 4216 1773 4267 Romae
1797 4216 2039 4281 Epistolae
2060 4233 2166 4268 non
2196 4234 2369 4283 paucoe
2392 4234 2546 4270 manu
2568 4222 2773 4284 propria
2797 4220 2921 4285 ejus-

837 4303 954 4352 dem
983 4301 1193 4363 Reginae
1216 4305 1448 4361 exaratae,
1473 4313 1586 4363 quae
1618 4300 1742 4349 satis
1765 4303 2016 4349 testantur
2036 4300 2201 4350 zelum
2227 4301 2336 4363 ejus
2372 4302 2435 4351 de
2468 4303 2791 4352 conversione
2824 4301 2920 4352 filii

824 4531 848 4562 κ
879 4522 1029 4585 [Vide
1054 4521 1387 4585 Spotswood’s
1422 4523 1636 4586 Histoi-y
1659 4524 1715 4573 of
1743 4524 1828 4574 the
1844 4522 2045 4575 Church
2068 4526 2124 4576 of
2140 4525 2396 4588 Secund,
2419 4528 2509 4580 lib.
2527 4543 2574 4579 v·
2599 4543 2648 4592 p.
2667 4527 2801 4593 252]
