3165 4959
998 367 1361 415 stomoma
1404 368 1770 416 RESPONslo.
2359 357 2488 419 203

274 545 465 587 suam
517 530 779 588 strenue
828 544 1080 607 semper
1114 524 1484 588 vindicasse.
1578 527 1746 589 Rem
1792 546 1945 608 ergo
1992 531 2282 589 nostram
2330 528 2486 610 agit,

270 628 493 692 bonus
524 649 733 691 causae
765 649 899 691 suae
929 634 1239 710 patronus
1265 653 1279 691 ε
1326 635 1402 691 ut
1432 630 1657 711 gratiae
1703 650 1890 712 porro
1921 628 2106 692 nobis
2144 631 2242 712 (ut
2270 629 2475 713 video)

270 731 549 813 agendae
602 731 733 794 sint
775 730 1124 809 Cardinali,
1173 731 1285 815 qui
1329 731 1502 815 quod
1549 731 1620 794 in
1668 752 1807 794 rem
1853 739 2145 795 nostram
2191 731 2485 797 futurum

266 842 438 928 erat,
470 833 540 897 id
567 834 692 897 hoc
720 834 861 897 loco
888 834 1408 916 praetereundum
1440 856 1571 897 non
1602 834 1874 898 censuit.

342 968 446 1020 Sed
469 974 594 1029 esto,
616 970 838 1032 quinque
859 969 940 1018 illi
964 969 1126 1032 Reges
1146 969 1302 1019 alieni
1330 966 1362 1019 a
1384 969 1500 1019 sede
1517 968 1810 1033 Apostolica
1831 969 2058 1029 fuissent,
2078 983 2144 1018 an
2161 982 2264 1018 non
2280 967 2485 1020 deberet

410 1051 521 1101 Rex
553 1051 773 1101 Jacobus
804 1051 998 1100 imitari
1030 1051 1201 1115 potius
1232 1049 1474 1100 ducentos
1505 1052 1708 1101 circiter
1739 1051 1902 1114 Reges
1940 1050 2321 1114 praedecessores
2354 1067 2484 1111 suos,

408 1132 601 1195 partim
635 1131 846 1194 Anglos,
883 1132 1071 1195 partim
1109 1131 1297 1189 Scotos,
1334 1146 1487 1195 quam
1522 1132 1746 1195 quinque
1757 1131 1987 1196 3-—[Bcll.
2010 1131 2160 1195 Apol.
2188 1146 2280 1195 pro
2312 1131 2483 1196 Resp.]

409 1227 460 1276 p.
486 1213 567 1264 74.
603 1212 739 1277 [Op.‚
759 1218 881 1261 tom.
900 1212 987 1261 vii.
1012 1212 1103 1261 col.
1130 1213 1241 1263 746.
1266 1211 1344 1276 C.]

364 1311 460 1373 At
506 1311 665 1388 Rex,
712 1309 884 1393 apud
925 1315 1028 1373 tot
1072 1310 1358 1394 Majores
1403 1331 1571 1388 suos,
1621 1309 1731 1392 qui
1772 1307 1874 1374 vel
1916 1309 1988 1371 in
2018 1309 2257 1392 Anglia
2283 1309 2385 1373 vel
2413 1310 2483 1373 in

278 1414 502 1478 Scotia
544 1420 918 1496 regnarunt,
966 1413 1271 1496 quicquid
1304 1414 1523 1496 Regiae
1551 1412 1810 1475 virtutis
1855 1419 1973 1491 est,
2007 1412 2311 1495 quicquid
2338 1433 2482 1477 vere

277 1517 688 1595 Christianae,
741 1516 1021 1580 libenter
1071 1517 1142 1579 in
1201 1538 1277 1581 eo
1326 1538 1551 1581 omnes
1603 1516 1918 1579 imitatur.
2009 1516 2173 1578 Eam
2217 1537 2367 1580 vero
2412 1517 2484 1580 in

278 1621 666 1705 quibusdam
703 1619 959 1703 (quibus
989 1621 1234 1684 occasio
1277 1629 1419 1684 tum
1464 1641 1600 1683 non
1644 1619 1872 1697 defuit,
1906 1626 2018 1683 aut
2047 1618 2322 1702 animus)
2359 1620 2480 1683 vir-

274 1734 489 1789 tutem
533 1732 721 1808 putat
764 1746 912 1789 vere
950 1725 1151 1790 fuisse
1195 1735 1262 1789 et
1298 1727 1742 1804 Christianam,
1777 1733 1843 1788 et
1872 1725 2154 1806 Reyiam,
2187 1724 2481 1806 gliscenti

277 1830 605 1911 Papamm
634 1829 983 1913 tyrannidi,
1016 1838 1083 1893 et
1110 1831 1405 1892 Romame
1437 1831 1641 1892 Curioe
1670 1849 1804 1891 non
1835 1826 2121 1904 cessisse,
2154 1826 2483 1890 invadenti

266 1932 378 2016 jus
410 1933 693 2016 Regium
722 1941 985 1998 strenue
1014 1934 1362 1998 restitisse:
1410 1954 1679 2016 eamque
1724 1931 1846 1996 sibi
1889 1931 2189 2014 proponit
2222 1930 2482 1994 imitan-

278 2036 450 2099 dam.
544 2035 738 2101 Quod
780 2035 876 2099 illi
917 2043 1060 2100 tum
1102 2037 1417 2115 fecerunt,
1464 2035 1833 2099 faciendum
1883 2033 2005 2096 sibi
2051 2033 2122 2096 in
2169 2054 2239 2097 re
2289 2033 2482 2096 simili

276 2138 530 2201 statuit.
609 2137 800 2204 Quod
831 2138 967 2221 ipse
990 2139 1129 2222 jam
1158 2137 1330 2216 fecit,
1354 2158 1475 2200 nec
1496 2137 1644 2200 illos
1668 2136 1923 2200 dubitat
1950 2135 2231 2198 facturos
2261 2134 2476 2212 fuisse,

276 2240 331 2302 si
359 2240 431 2303 in
462 2239 771 2303 saeculum
798 2239 922 2303 hoc
952 2260 1174 2303 eorum
1202 2248 1495 2322 tempora
1521 2238 1920 2316 incidissent,
1942 2244 2028 2315 et,
2058 2243 2131 2300 ut
2157 2237 2238 2299 ad
2269 2237 2480 2300 simile

276 2341 644 2424 exemplum
673 2342 1108 2426 procederent,
1141 2349 1277 2405 tam
1309 2342 1613 2406 atrociter
1639 2342 1915 2405 fuissent
1943 2340 2247 2405 lacessiti.
2335 2341 2478 2403 Nec

274 2452 351 2508 tu
379 2445 543 2509 mihi
572 2446 679 2511 hic
707 2467 1013 2526 memora,
1040 2446 1365 2529 scripsisse
1393 2467 1503 2511 eos
1533 2444 1881 2529 aliquando
1912 2444 2079 2529 stylo
2111 2441 2445 2509 Romanoh
2458 2467 2477 2521 3

275 2549 601 2613 Censuras
645 2550 786 2633 ejus
832 2550 903 2613 in
945 2549 1200 2613 hostem
1252 2571 1442 2613 suum
1484 2547 1855 2633 expetiissei
1872 2574 1891 2626 3
1942 2548 2288 2611 Urbanum
2334 2547 2482 2610 Cle-

272 2652 483 2716 menti
508 2653 636 2735 (cui
662 2653 888 2716 Gallus
911 2661 1050 2716 tum
1085 2653 1288 2718 hostis
1318 2652 1582 2735 faveret)
1608 2648 2030 2735 praetulissek;
2078 2670 2227 2712 cum
2253 2648 2481 2712 eodem

272 2756 414 2837 ipso
445 2762 736 2838 tempore
765 2755 1001 2833 videas,
1034 2777 1118 2819 ne
1149 2755 1414 2819 decimae
1445 2754 1713 2838 Papales
1744 2752 2132 2835 colligantur
2149 2749 2183 2829 ¹,
2221 2771 2302 2813 ne
2332 2771 2485 2814 con-

270 2857 568 2921 ferantur
598 2858 949 2923 Prebendae
979 2880 1056 2923 ex
1087 2859 1279 2942 Papae
1310 2858 1619 2921 mandato
1638 2867 1699 2934 ¹¹¹,
1731 2877 1816 2919 ne
1849 2856 2074 2919 Causae
2105 2859 2384 2936 agantur
2413 2854 2484 2916 in

272 2962 474 3025 Curia
527 2963 819 3026 Romana
839 2972 889 3041 ¹¹,
937 2984 1021 3026 ne
1075 2962 1284 3026 Bullae
1344 2963 1482 3046 ejus
1525 2962 1962 3044 impetrentur
1980 2969 2026 3037 ⁰,
2076 2957 2481 3036 interdicere,

270 3086 411 3128 non
455 3073 754 3147 parentes
783 3067 855 3130 in
884 3087 1206 3130 carcerem
1252 3065 1617 3144 amandare,
1663 3064 1831 3128 bona
1871 3063 2028 3126 fisco
2073 3059 2480 3145 adjudicare:

270 3175 428 3231 utut
457 3176 689 3231 caetera
717 3170 1077 3248 unanimes,
1108 3169 1180 3233 in
1207 3170 1331 3233 hoc
1359 3176 1584 3233 tamen
1615 3167 1895 3230 diversos
1926 3165 2178 3230 abiisse.

339 3337 363 3368 ⁸
424 3337 555 3388 Vide
579 3337 794 3388 Edvard.
819 3338 860 3388 1.
891 3339 1053 3402 Epist.
1077 3337 1143 3389 ad
1168 3338 1331 3388 Bonis.
1485 3337 1497 3368 ¹
1545 3337 1792 3402 [Edvard.
1822 3337 1893 3387 11.
1916 3338 1972 3386 in
1996 3337 2273 3388 Robertum
2291 3334 2482 3398 Regem

274 3402 379 3452 V11
415 3439 428 3450 .
477 3402 611 3467 apud
654 3403 746 3453 Th.
789 3403 1154 3466 Walsingham.
1193 3403 1330 3452 Hist.
1420 3402 1620 3463 Scotiae,
1644 3404 1700 3450 in
1721 3417 1837 3451 ann.
1864 3403 2007 3453 1317.
2033 3401 2158 3450 ibid.
2183 3415 2232 3464 p.
2254 3403 2396 3461 109.;
2432 3403 2484 3449 et

272 3468 432 3529 Angl.
474 3468 529 3516 in
564 3484 679 3517 ann.
725 3471 866 3518 1302.
913 3468 1048 3533 apud
1087 3467 1332 3518 Camdeni
1421 3469 1476 3517 in
1499 3482 1617 3517 ann.
1643 3469 1786 3516 1318.
1847 3466 2016 3529 .111.]

272 3533 513 3595 Anglies,
573 3532 619 3581 N
626 3535 929 3592 ormannica,
997 3534 1083 3582 ἀο.
1193 3569 1205 3581 .
1255 3535 1331 3582 81.
1487 3529 1510 3561 ¹¹
1575 3529 1708 3579 Vide
1733 3533 1777 3578 2.
1851 3532 1911 3579 ic.
1938 3530 2004 3580 11.
2029 3546 2135 3594 cap.
2163 3528 2231 3592 7.]

272 3596 501 3647 Francos.
527 3600 694 3652 1603.;
729 3606 783 3647 et
807 3597 1021 3647 Edvard.
1046 3596 1142 3646 111.
1157 3548 1332 3661 {Epist-
1488 3593 1502 3626 ¹
1573 3594 1770 3670 Prjaefat.
1796 3594 1978 3644 Monit.
2014 3610 2062 3658 p.
2090 3594 2197 3656 39.]

268 3662 337 3712 ad
376 3661 623 3711 Clement.
664 3661 726 3712 V.
770 3663 826 3713 in
870 3678 987 3712 ann.
1029 3666 1171 3712 1343.
1208 3661 1335 3712 ibid.
1488 3668 1521 3690 ¹¹¹
1578 3657 1734 3722 Ibid.]

309 3764 320 3775 .
339 3730 482 3787 161.;
518 3732 575 3776 ut
597 3727 736 3778 citat.
759 3728 895 3791 apud
922 3727 1048 3778 Bcll.
1074 3728 1220 3791 Apol.
1245 3741 1336 3789 pro
1491 3731 1514 3755 ¹·
1579 3722 1713 3771 Ibid.
1747 3737 1829 3786 pp.
1855 3723 1935 3780 40,
1961 3722 2067 3786 41.]

377 3806 429 3856 p.
464 3791 576 3856 op..
615 3797 738 3843 tom.
760 3794 849 3843 vii.
885 3794 977 3843 001.
1004 3795 1114 3845 746.
1141 3794 1201 3842 A.
1221 3791 1304 3856 n]
1491 3799 1513 3823 ⁰
1550 3786 1711 3852 [lbid-
1746 3802 1794 3851 1>-
1820 3786 1921 3851 41·]

2508 1323 2674 1439 {Quod
2706 1324 2812 1374 illis

2530 1389 2811 1441 audifuisse

2509 1455 2614 1505 Rex
2637 1470 2736 1504 cre·

2508 1520 2627 1585 dit.]
