3165 4959
973 311 1339 360 APOLomAM
1380 313 1746 363 ΒΕεΡοΝειο.
2338 305 2464 367 143

247 491 283 533 e
337 466 648 532 Diaconis
710 467 1128 550 Presbyteros
1188 467 1401 547 faciat,
1462 490 1539 533 ex
1603 469 2003 554 Presbyteris
2062 471 2416 556 Episcopos
2433 499 2454 552 3

248 573 495 638 Christi
523 572 594 636 id
623 572 1045 636 incremento.
1101 573 1257 636 Non
1287 579 1507 636 autem
1538 595 1615 637 ex
1647 573 1984 657 Episcopis
2014 575 2456 660 PresbyteroS,

242 676 485 740 nedum
547 676 893 755 DiaconOS,
959 676 1130 759 quod
1196 683 1434 757 praeter
1508 684 1629 756 est,
1697 677 1848 757 imo,
1918 686 2137 742 contra
2212 688 2333 756 est,
2393 690 2461 745 et

243 781 711 861 Apostolorum,
773 785 841 842 et
899 779 1199 842 Ecclesice
1257 780 1460 843 totius
1521 781 1756 844 veteris
1817 784 2190 846 institutum.
2291 784 2460 847 Tum

247 883 586 945 contineat
643 902 711 945 se
768 881 945 944 intra
1001 882 1380 961 Ecclesiam,
1443 890 1509 947 et
1570 905 1714 967 quae
1770 885 2225 949 Ecclesiastico
2284 894 2459 951 sunt.

245 986 424 1049 Nam
455 984 669 1066 fulgor
698 984 826 1062 hic,
859 991 925 1049 et
956 985 1183 1064 fastus,
1216 993 1281 1050 et
1322 986 1537 1050 cultus
1568 994 1889 1067 externus,
1923 997 1988 1052 et
2025 991 2245 1052 titulus
2271 991 2459 1053 Illus-

243 1089 511 1150 trissimi
530 1097 575 1164 8,
615 1087 765 1169 (quo
810 1088 1142 1169 Principes
1185 1090 1316 1151 illis
1361 1090 1604 1168 cedunt,
1635 1089 1730 1153 illi
1774 1112 1840 1153 se
1875 1092 2147 1173 Reqibus
2189 1095 2460 1175 aequipa-

243 1198 398 1254 rant
417 1193 465 1274 ;)
538 1191 705 1255 nihil
754 1192 836 1255 ad
899 1194 1297 1274 Spirituolia,
1351 1196 1452 1258 vel
1510 1196 1885 1274 Ecclesiam,
1936 1216 2056 1260 nec
2115 1197 2461 1280 quicquam

242 1297 471 1380 resipit
509 1296 634 1359 nisi
673 1295 1164 1382 πρωτοκλισίας
1194 1306 1260 1381 et
1290 1296 1852 1385 πρωτοκαθεδρίας
1867 1297 1915 1378 ¹¹,
1950 1307 2015 1363 et
2048 1302 2460 1383 Supero-ilium

246 1401 739 1464 Pharisaeorum.

311 1535 449 1586 Nam
471 1550 634 1599 neque
655 1550 817 1599 nuper
847 1538 1012 1587 exorti
1046 1543 1180 1598 sunt,
1199 1539 1301 1588 nisi
1335 1539 1733 1602 quingentorum
1765 1553 2031 1598 annorum,
2056 1542 2147 1588 aut
2168 1539 2323 1589 etiam
2356 1554 2462 1589 sex-

376 1623 636 1668 centorum
658 1619 897 1681 spatium,
920 1634 1083 1684 nuper
1106 1620 1209 1669 dici
1233 1620 1629 1685 possit.—[Bell.
1655 1620 1804 1683 Apol.
1830 1634 1921 1684 pro
1945 1620 2116 1685 Resp.]
2141 1635 2190 1684 p.
2209 1622 2290 1669 41.
2316 1620 2436 1684 [Op.
2444 1657 2462 1682 ,

378 1705 501 1748 tom.
524 1700 612 1749 vii.
638 1699 729 1748 eol.
756 1699 868 1752 727.
894 1700 989 1765 D.]

348 1799 575 1862 Verum
620 1806 860 1877 autem,
893 1821 1089 1882 nuper
1132 1808 1382 1864 eoeortos
1400 1829 1421 1864 .·
1478 1803 1643 1865 Olim
1687 1801 1881 1880 enim,
1919 1809 1985 1865 et
2029 1823 2243 1884 nuper,
2274 1822 2460 1867 voces
2487 1807 2670 1885 [upper

244 1911 628 1986 comparatae
658 1911 832 1966 sunt.
899 1905 1122 1986 Nuper
1161 1905 1471 1989 (inquam)
1508 1912 1777 1985 exortos,
1809 1927 1945 1970 non
1976 1905 2030 1969 si
2062 1907 2143 1970 ad
2181 1928 2311 1986 nos,
2348 1905 2460 1990 qui
2485 1887 2735 2000 2320*

243 2007 370 2090 ipsi
412 2008 633 2089 nuperi
678 2030 920 2086 sumuS,
954 2008 1066 2072 sed
1112 2010 1165 2072 si
1216 2009 1297 2073 ad
1342 2012 1699 2092 Apostolos,
1733 2010 1814 2072 ad
1859 2010 2110 2089 Patres,
2144 2033 2183 2073 a
2224 2011 2458 2094 quibus

242 2117 541 2192 tempora
586 2110 642 2173 si
684 2132 1007 2191 numeres,
1040 2113 1357 2195 quinyenti
1399 2114 1548 2176 anni
1593 2114 1834 2194 nuperi,
1867 2134 2063 2195 nuper
2092 2122 2284 2177 erunt
2316 2114 2457 2197 qui-

248 2213 420 2290 dem,
454 2213 507 2275 si
539 2212 623 2276 ad
660 2215 830 2278 mille
860 2220 1102 2278 eentum
1143 2215 1575 2280 conferantur.
1672 2215 1801 2280 Sed
1847 2238 2056 2299 neque
2096 2218 2460 2298 quingentos

246 2326 611 2381 numerant.
660 2317 794 2381 Diu
823 2327 969 2402 post
1003 2318 1524 2383 Hildebrandum
1546 2319 1860 2383 lactentes
1891 2325 2076 2382 erant
2101 2328 2166 2383 et
2196 2320 2454 2384 tenelli:

246 2443 398 2487 cum
442 2422 815 2487 Alexandro
860 2424 996 2488 III.
1030 2424 1468 2507 grandescere,
1510 2444 1736 2507 nuper,
1769 2443 1890 2489 nec
1934 2430 2086 2488 ante
2131 2424 2455 2488 Innocen-

245 2528 415 2591 tium
454 2528 601 2606 IV.,
633 2536 807 2591 ostro
850 2527 1097 2611 fulgere
1115 2526 1151 2604 ί,
1182 2549 1390 2612 usque
1425 2528 1508 2592 ad
1552 2529 1830 2592 Paulum
1864 2529 1962 2591 ΙΙ.
1994 2528 2244 2611 pedites
2285 2529 2460 2592 ince-

252 2632 405 2696 dere
423 2630 488 2696 k:
544 2634 838 2713 nuperius
878 2654 1031 2715 ergo
1076 2633 1254 2696 mula
1296 2633 1483 2711 vecti,
1516 2633 1869 2712 nuperrime
1914 2631 2087 2694 aucti
2131 2631 2357 2710 titulis,
2396 2640 2463 2695 et

248 2738 685 2801 Bellarminus
732 2738 871 2821 ipse
918 2738 1137 2802 'ritulo
1198 2759 1316 2802 suo
1375 2737 1702 2819 antiquior
1762 2742 1880 2799 est.
1984 2735 2241 2798 Titulus
2289 2736 2458 2799 enim

248 2841 317 2903 S.
350 2840 581 2903 Mariae
623 2840 694 2903 in
721 2840 843 2918 via,
882 2841 1002 2922 (uti
1034 2840 1392 2904 Cardinalis
1437 2839 1640 2921 novit)
1676 2839 1945 2901 novitius
1975 2844 2092 2915 est,
2126 2846 2192 2902 et
2229 2860 2458 2920 nuper-

243 2944 401 3007 rime
429 2952 708 3023 exortus,
739 2951 805 3009 et
837 2952 989 3008 ante
1021 2946 1063 3007 J
1066 2944 1268 3008 ulium
1302 2944 1437 3008 III.
1473 2943 1699 3007 Romae
1729 2943 1853 3027 ipsi
1881 2942 2213 3007 inauditus
2229 2942 2266 3007 ¹.

308 3078 487 3143 Neque
510 3080 616 3129 suis
638 3078 737 3144 ipsi
759 3078 1032 3143 suffragiis,
1053 3079 1141 3129 sed
1164 3079 1464 3129 auctoritate
1486 3078 1610 3141 ejus,
1635 3080 1724 3141 qui
1748 3078 1844 3129 Dei
1866 3079 2031 3130 locum
2056 3084 2198 3130 tenet
2220 3080 2273 3130 in
2297 3081 2461 3140 terris,

376 3162 536 3211 evecti
558 3161 906 3227 sunu—[Bell.
934 3161 1086 3226 Apol.
1106 3177 1198 3226 pro
1221 3161 1391 3226 Resp]
1426 3176 1475 3225 p.
1499 3162 1576 3210 41.
1607 3161 1747 3225 [Op.,
1770 3164 1893 3211 tom.
1911 3162 1996 3212 vii.
2022 3162 2114 3212 col.
2139 3162 2251 3215 727.
2275 3162 2362 3227 D.]

335 3262 585 3328 Quodsi
643 3283 752 3326 eos
810 3284 945 3326 non
1004 3261 1129 3326 alia
1188 3262 1397 3326 evexit
1448 3262 1797 3325 auctoritas
1856 3284 2048 3347 quam
2100 3265 2455 3348 Pontificis,

239 3372 418 3428 recte
454 3366 597 3427 lecti
628 3386 668 3427 α
696 3386 763 3428 se
793 3371 987 3448 atque
1017 3366 1209 3429 evecti
1252 3365 1548 3428 dicentur
1564 3390 1582 3442 3
1629 3386 1884 3448 nempe,
1910 3367 2105 3448 Papoe
2133 3367 2460 3449 suffiayiis

247 3471 463 3547 evecti,
493 3490 701 3552 nuper
735 3469 914 3552 (quid
957 3469 1150 3548 aliud,
1184 3470 1398 3553 quam)
1445 3470 1824 3533 Cardinalis.
1916 3471 2253 3553 Pontifices
2283 3473 2456 3534 enim

233 3573 511 3657 jamdiu,
555 3593 780 3637 omnes
834 3574 1319 3636 Excardinales.
1418 3573 1788 3635 Cardinales
1839 3579 2077 3651 autem,
2118 3594 2269 3655 pars
2318 3594 2456 3637 cor-

243 3676 415 3760 poris
448 3678 638 3760 Papae
665 3676 737 3740 in
766 3683 906 3740 toto
942 3677 1093 3760 jure
1125 3675 1451 3740 Canonico
1470 3685 1531 3752 ¹¹¹,
1565 3674 1847 3758 corporis
1877 3681 2097 3738 autem
2135 3677 2455 3759 compacti

244 3782 311 3842 in
349 3780 641 3862 idipsum.
728 3780 977 3846 Quodsi
1015 3780 1096 3844 de
1127 3779 1360 3842 'ritulis
1391 3778 1745 3862 majoribus
1781 3778 1993 3841 adhuc
2037 3784 2354 3842 tractetur
2386 3780 2457 3843 in

309 3950 333 3981 Ι
366 3940 466 4005 [De
487 3940 581 3990 hoc
603 3941 755 3991 titulo
777 3941 980 3991 consule
1002 3941 1035 3990 J
1037 3940 1228 3991 acobat.
1244 3940 1308 3991 de
1394 3939 1514 3990 calc.
1538 3938 1673 4017 Egit.
1703 3939 1845 3989 Rom.
1873 3939 2047 4004 Pons]
2400 4006 2411 4017 ·

246 4005 439 4054 Concil.
462 4004 552 4054 lib.
573 4006 607 4054 i.
637 4005 738 4055 ‘De
763 4004 966 4057 Cardin.
992 4021 1077 4070 pp.
1103 4009 1181 4056 19.
1201 4020 1306 4070 seq.
1458 4012 1491 4035 ¹¹¹
1529 4004 1591 4067 [W
1608 4003 1691 4054 ide
1729 4004 1932 4054 Extrav.
1965 4005 1998 4054 J
2001 4020 2110 4055 oan.
2137 4004 2236 4053 XX
2246 4004 2312 4054 11.
2353 4005 2458 4055 Tit.

244 4070 464 4183 ''f-³⁰¹3}
488 4068 907 4184 *s‘i‘i'iaffli'ixiu
934 4134 1009 4198 6.]
1393 4068 1643 4184 Eibsff'ssd
1677 4069 2457 4184 ξέἔὶῗεεῗιῗῆωῑῗῖιὲὶιιῗῃῑιῖιῑῗ

308 4197 320 4230 ¹
384 4199 512 4249 Plat.
546 4201 603 4249 in
626 4200 734 4249 vit.
771 4199 940 4250 lunoc.
966 4198 1059 4249 IV.
1082 4199 1138 4248 in
1164 4197 1305 4249 vitis
1391 4198 1599 4248 Extrav.
1634 4199 1726 4248 eol.
1752 4202 1829 4250 35.
1854 4198 1988 4263 apud
2024 4199 2094 4248 Co
2159 4235 2170 4247 .
2197 4199 2230 4247 J
2235 4214 2306 4248 ur.
2332 4199 2455 4248 Can.

246 4263 433 4313 Pontif.
469 4279 516 4327 p.
543 4262 678 4328 223]
1390 4268 1513 4313 tom.
1560 4264 1669 4313 iii.2
1717 4264 1844 4312 conf.
1883 4278 2077 4326 quoque
2155 4264 2344 4313 aoobat.
2392 4263 2457 4314 de

306 4328 329 4359 ¹¹
378 4327 530 4393 [Plat.
575 4329 634 4379 in
671 4328 781 4380 vit.
839 4327 979 4379 Paul.
1035 4328 1123 4390 II.,
1176 4327 1301 4378 ibid.
1394 4327 1585 4378 Concil.
1610 4328 1696 4377 lib.
1721 4329 1754 4377 i.
1776 4328 1852 4377 De
1876 4326 2080 4377 Cardin.
2105 4343 2152 4391 p.
2177 4330 2254 4378 23.
2281 4328 2341 4377 Β.
2361 4328 2455 4377 col.

238 4408 288 4457 p.
314 4392 449 4456 339]
1392 4395 1436 4441 2.
1465 4392 1634 4454 (Cone.
1659 4397 1781 4442 tom.
1806 4393 1967 4457 xvii),
1989 4397 2040 4442 et
2063 4397 2290 4444 auctores
2312 4393 2373 4443 ab
2397 4408 2455 4443 eo

304 4456 316 4488 ¹
354 4456 580 4520 Onuphr.
667 4458 859 4523 suvia]
883 4459 945 4508 de
969 4457 1179 4523 [Epise]
1202 4457 1305 4508 Tit.
1392 4456 1617 4519 citatos.]

241 4524 321 4588 [et
345 4523 557 4573 Diacon.
619 4523 812 4586 ordin]
850 4539 899 4588 p.
923 4526 1001 4574 21.
1040 4524 1113 4587 [p.
1138 4526 1216 4572 61.
1241 4522 1304 4573 ad
