3165 4959
405 1056 651 1121 [Ubinam

405 1123 475 1171 sit
497 1121 641 1169 Para·

403 1183 578 1247 disus]

500 2074 631 2137 256

720 332 851 393 354
1360 345 1444 392 AD
1490 343 1875 391 CARmNAms
1916 343 2316 391 Βιιωιιιιιιιι

728 502 1014 566 Traditio
1041 503 1156 565 illa
1186 522 1227 565 a
1264 502 1662 583 Presbyteri-3
1699 500 1926 563 Irenoei
1943 510 1969 549 Β
1980 527 1999 561 .·
2051 520 2210 583 quos
2240 520 2389 563 cum
2419 497 2768 562 traditione
2797 516 2947 573 sua,

722 603 1007 686 explodit
1038 604 1231 667 Pater
1259 600 1535 685 Viegash
1563 628 1575 665 :
1626 609 1700 664 ut
1741 600 2065 665 debellata
2102 600 2397 665 nondum
2445 599 2718 683 quaestio
2755 597 2943 671 haee3

726 706 839 772 sed
867 714 935 770 et
964 727 1115 769 suus
1141 706 1346 770 labori
1373 712 1597 769 nostro
1625 705 1731 769 hic
1761 704 1958 768 locus.

792 842 1131 894 Bennrminus
1260 878 1273 891 .
1304 856 1552 905 nusquam
1587 840 1726 891 dixit
1757 877 1771 892 .
1806 877 1818 890 .
1853 876 1867 889 .
1902 839 2198 890 Paradisum
2231 841 2288 889 in
2326 854 2441 890 aere
2471 836 2951 904 pendere—[Bell.

855 924 1009 989 Apol.
1028 939 1120 988 pro
1142 922 1317 987 Resp]
1343 939 1392 988 Ρ.
1417 925 1532 974 146.
1553 923 1687 988 [Op.‚
1712 927 1835 973 tom.
1856 923 1946 972 vii.
1968 922 2060 972 eol.
2083 922 2194 975 786.
2219 921 2302 987 G.]

819 1031 1093 1097 Sudabit
1115 1053 1265 1095 vero
1286 1028 1691 1109 cardinalisi,
1717 1030 1772 1093 si
1795 1031 2152 1093 Paradisus
2179 1032 2352 1093 locus
2380 1030 2626 1112 quidem
2654 1030 2949 1093 sublimis

729 1136 834 1214 sit,
866 1141 932 1199 et
968 1155 1158 1216 usque
1202 1134 1291 1198 ad
1323 1134 1573 1217 globum
1603 1136 1761 1196 lunae
1791 1136 2139 1216 pertingat,
2178 1133 2233 1196 si
2273 1140 2448 1196 terra
2491 1139 2709 1196 nostra
2744 1133 2947 1195 subli-

729 1240 909 1317 mior,
940 1238 992 1301 si
1025 1240 1194 1302 locus
1223 1238 1370 1301 coelo
1402 1239 1753 1318 proximus,
1787 1238 1843 1299 si
1872 1238 1962 1300 ad
1987 1239 2124 1300 coeli
2169 1239 2455 1320 confinia,
2487 1236 2546 1299 si
2573 1238 2641 1298 in
2674 1235 2952 1298 editiore

726 1344 927 1427 ylobO,
961 1342 1016 1405 si
1045 1342 1151 1404 ubi
1180 1342 1440 1405 tenebra>
1484 1342 1686 1418 nulloe,
1721 1340 1777 1403 si
1807 1347 2050 1404 centum
2076 1342 2245 1404 mille
2276 1341 2501 1404 abhinc
2542 1341 2947 1418 milliaribus,

733 1458 811 1513 ut
853 1450 923 1511 in
980 1468 1144 1524 aere,
1191 1447 1324 1510 imo
1378 1467 1568 1529 super
1627 1466 1840 1509 aerem
1889 1446 2263 1524 inveniatur,
2319 1444 2726 1528 (inveniatur,
2777 1444 2949 1522 dice,

736 1573 871 1616 non
903 1551 1222 1632 pendeat:
1265 1570 1387 1614 nec
1430 1549 1607 1612 enim
1639 1549 1916 1629 pendent
1961 1550 2029 1610 in
2069 1568 2214 1611 aere
2253 1569 2496 1626 omnes,
2530 1548 2640 1631 qui
2683 1549 2753 1610 in
2800 1569 2951 1611 aere

737 1655 1134 1718 inveniuntur
1151 1653 1198 1734 .·)
1252 1651 1526 1715 Sudabit
1564 1652 1876 1734 (inquam)
1914 1659 1988 1715 ut
2026 1673 2153 1734 quo
2188 1651 2330 1716 loco
2359 1652 2444 1714 sit
2474 1658 2744 1714 statuat.
2791 1652 2950 1715 Non

740 1756 912 1840 quod
939 1756 1032 1820 ibi
1063 1755 1440 1819 Paradisum
1473 1762 1720 1819 statuat
1751 1754 2133 1832 Cardinalis‚
2170 1755 2313 1837 (nec
2340 1754 2409 1818 id
2441 1755 2580 1818 Rex
2608 1753 2799 1837 dixit)
2836 1756 2951 1818 sed

737 1858 911 1942 quod
940 1858 1368 1941 perquirendo
1397 1858 1596 1936 sudet,
1620 1879 1704 1920 an
1722 1878 1846 1939 per
1875 1863 2070 1920 totam
2101 1863 2336 1921 terram
2358 1856 2640 1939 diffusus,
2666 1878 2754 1919 an
2774 1860 2952 1921 ultra

739 1982 1033 2026 oceanum
1069 1963 1246 2038 situs,
1279 1983 1363 2025 an
1408 1983 1557 2025 vero
1601 1964 1670 2024 in
1714 1963 1845 2025 loco
1890 1961 1978 2024 ad
2013 1961 2261 2043 globum
2305 1961 2498 2033 Dum
2534 1962 2950 2043 pertingenti,

742 2064 1039 2147 denique,
1073 2085 1158 2126 an
1195 2065 1465 2144 supersit
1491 2065 1657 2146 jam,
1691 2086 1775 2128 an
1804 2086 1954 2128 vero
1984 2065 2203 2127 diluvii
2232 2066 2414 2146 aquis
2438 2066 2710 2146 perierit
2719 2064 2769 2129 ¹¹.
2862 2067 2954 2129 Et

742 2166 1021 2250 quidem,
1050 2165 1159 2250 qui
1188 2188 1265 2230 eo
1289 2167 1417 2230 situ
1445 2173 1719 2251 ponunt,
1744 2168 1888 2232 ideo
1909 2174 2182 2252 ponunt,
2205 2175 2350 2231 tum
2377 2174 2453 2231 ut
2483 2168 2729 2231 evitent
2750 2190 2958 2252 aquas

741 2269 965 2333 diluvii
1004 2270 1208 2353 (aquae
1253 2270 1428 2334 enim
1468 2273 1685 2334 coelum
1712 2293 1846 2335 non
1888 2272 2160 2354 intrant)
2198 2278 2362 2349 tum,
2392 2277 2469 2333 ut
2504 2271 2677 2335 bona
2706 2272 2792 2334 sit
2829 2271 2958 2335 loci

742 2372 1073 2453 habitudo,
1098 2394 1182 2437 ne
1212 2394 1472 2438 neeesse
1502 2375 1586 2437 sit
1616 2375 1885 2438 Enocho
1906 2374 2008 2438 vel
2036 2374 2197 2438 Eliae
2225 2374 2552 2438 interdum
2583 2373 2813 2438 morbo
2844 2375 2959 2438 de-

740 2475 1063 2542 cumbere.
1153 2476 1434 2542 Vidctur
1484 2485 1724 2555 autem,
1779 2477 1860 2541 ad
1905 2476 2265 2542 Cardinalis
2314 2478 2738 2563 propositum,
2787 2478 2959 2542 situs

739 2582 865 2646 iste
893 2603 1095 2664 prope
1133 2583 1362 2659 lunam,
1392 2582 1586 2665 longe
1621 2582 2203 2646 commodissimus.
2296 2581 2404 2646 Sic
2442 2583 2637 2660 enim,
2670 2583 2955 2647 salubris

742 2686 866 2750 erit
894 2685 1091 2764 locus,
1130 2685 1267 2767 (ubi
1297 2684 1569 2748 salubris
1605 2705 1713 2747 aer
1740 2692 1859 2761 est,
1890 2706 2024 2748 non
2052 2685 2371 2764 turbidus,
2403 2706 2552 2749 eum
2581 2708 2850 2769 vapores
2879 2709 2958 2751 eo

743 2811 878 2853 non
907 2787 1278 2866 ascendant,
1311 2809 1431 2851 nec
1454 2809 1490 2851 e
1520 2787 1670 2851 solis
1700 2787 1894 2851 radiis
1923 2787 2175 2851 reflexis
2203 2787 2617 2872 intemperies
2645 2789 2806 2873 ulla)
2841 2790 2956 2854 sed

745 2892 1019 2956 cessabit
1050 2891 1218 2956 aetio
1245 2892 1456 2955 omnis
1488 2891 1982 2955 contrarietatis.
2052 2892 2160 2956 Sic
2189 2898 2256 2957 et
2286 2914 2584 2957 securus:
2627 2895 2956 2958 Immunis

747 2996 920 3059 enim
951 2995 1041 3059 sic
1071 2995 1194 3060 erit
1224 3017 1263 3059 a
1292 2996 1532 3060 diluvio
1560 2996 1911 3080 paradisus,
1936 3018 1975 3059 a
2005 3018 2132 3079 quo
2161 2997 2399 3079 alioqui
2421 2998 2604 3061 valde
2631 2999 2956 3082 periclita-

745 3105 892 3163 tur:
937 3098 1124 3177 Tum,
1156 3098 1435 3180 paradisi
1480 3099 1820 3162 amoenitas
1855 3099 2063 3164 omnis
2106 3120 2190 3163 ne
2219 3100 2717 3165 exterminetur:
2764 3103 2955 3182 Tum,

745 3199 879 3263 vita
906 3200 1101 3264 etiam
1142 3200 1437 3283 salusque
1467 3202 1721 3265 Enochi
1764 3223 1847 3265 ne
1892 3203 2074 3286 aquis
2113 3203 2527 3286 praefocetur.
2572 3205 2762 3283 Tum,
2795 3227 2960 3269 rom-

736 3304 907 3384 phea
953 3324 1205 3386 quoque
1255 3305 1437 3386 iynea
1482 3326 1565 3368 ne
1617 3306 2051 3389 extinguatur.
2140 3307 2441 3385 Tantum,
2489 3328 2573 3371 ne
2615 3308 2688 3371 in
2730 3316 2960 3374 monte

746 3406 881 3472 ullo
925 3413 1185 3486 statuat,
1218 3429 1302 3470 ne
1348 3406 1661 3473 altissimo
1702 3409 1984 3492 quidem.
2081 3410 2443 3483 Quindecim
2486 3412 2659 3476 enim
2708 3412 2961 3492 cubitis,

746 3513 1085 3590 minimum,
1135 3512 1335 3593 operti
1382 3518 1512 3574 tum
1570 3519 1716 3576 sunt
1763 3514 1943 3595 aquis
1993 3534 2200 3577 omnes
2256 3520 2510 3593 montes,
2564 3518 2966 3596 quantumvis

749 3617 997 3693 eoecelm‘,
1016 3616 1129 3679 sub
1157 3617 1444 3680 universo
1467 3618 1637 3680 coelo.
1705 3616 1798 3681 Ut
1825 3623 2089 3700 praestet
2118 3617 2309 3696 forte,
2321 3618 2718 3699 pendulum
2693 3641 2764 3681 m
2792 3641 2962 3698 aere,

749 3741 943 3803 quam
968 3719 1310 3782 demersum
1331 3721 1400 3782 in
1424 3721 1604 3802 aquis
1627 3740 1908 3803 quaerere
1935 3720 2332 3785 Paradisum.
2396 3722 2591 3800 Nam,
2611 3728 2687 3785 ut
2714 3727 2734 3756 ‘
2753 3743 2967 3788 omnes

748 3829 984 3886 montes
1019 3824 1218 3904 operti
1247 3828 1394 3885 sunt
1410 3824 1428 3853 '
1461 3823 1925 3904 interpretetur
1967 3822 2061 3886 ita
2100 3824 2266 3906 quis„
2299 3843 2421 3887 non
2464 3844 2672 3887 omnes
2698 3832 2963 3906 montes,

748 3925 1108 3990 violentum
1134 3926 1203 3989 id
1232 3925 1425 3990 nimis
1457 3925 1727 3989 videtur.
1821 3925 2014 3990 Quod
2054 3926 2231 3990 enim
2266 3927 2533 4011 opponit
2574 3928 2962 4009 Cardinalis,

755 4029 1010 4110 (Omnes
1026 4030 1299 4093 homines
1326 4035 1603 4093 mortuos
1634 4030 1784 4111 tum)
1818 4029 1930 4092 ubi
1963 4030 2366 4113 Scripturam
2400 4037 2618 4094 tamen
2645 4031 2966 4096 habemus

755 4133 1155 4211 (translatum
1197 4153 1328 4195 esse
1369 4153 1557 4195 unum
1601 4131 1953 4210 hominem,
1986 4153 2063 4195 ne
2092 4133 2331 4196 uideret
2362 4141 2621 4197 mortem
2642 4137 2687 4216 .·)
2751 4142 2822 4199 et
2856 4135 2968 4199 ille

814 4318 1144 4449 :ivmp
1051 4335 1107 4369 su
1112 4334 1217 4383 pra,
1250 4333 1300 4383 p.
1325 4320 1434 4370 348.
1471 4321 1619 4368 not..¹
1621 4318 1657 4382 .]
1896 4319 2215 4434 minisgcsp.
2231 4320 2308 4369 xii
2347 4318 2458 4384 ΟΡ..
2472 4324 2596 4370 tom.
2610 4319 2678 4370 iv.
2703 4321 2966 4385 pp.11.G.

904 4385 1020 4434 Blae
1069 4385 1131 4434 de
1158 4384 1303 4447 Vieg.
1330 4384 1386 4432 in
1413 4385 1571 4446 Apoc.
1610 4399 1716 4447 cap.
1736 4384 1805 4433 xi.
1896 4387 2025 4433 —12
2129 4385 2170 4499 ³

752 4448 1033 4541 comment.
1060 4453 1105 4499 5.
1128 4454 1246 4498 sect.
1269 4464 1315 4498 v,
1339 4449 1546 4512 p..490]
1959 4448 1983 4481 ¹¹
2021 4449 2133 4514 [Bel
2215 4448 2276 4499 de
2322 4448 2464 4500 Grat.
2511 4449 2669 4513 primi
2702 4448 2968 4508 Hominis,

816 4511 1019 4575 ¹[Vide
1055 4511 1202 4574 Beli]
1244 4513 1321 4563 De
1355 4512 1495 4562 Grat.
1517 4512 1673 4576 primi
1707 4511 1808 4562 Ho-
1896 4529 2003 4577 cap.
2029 4515 2130 4564 xiv.
2157 4515 2267 4578 Op„
2291 4519 2414 4566 tom.
2437 4516 2512 4564 iv,
2529 4530 2576 4580 Ρ.
2605 4518 2682 4565 13.
2708 4514 2800 4580 A.]
