3165 4959
394 1392 526 1450 Quid
549 1393 604 1441 in

408 1463 666 1507 uramento

692 323 782 386 84
1318 341 1403 389 An
1448 342 1834 393 CARDINAms
1876 344 2278 393 summum

696 495 810 559 sed
832 493 1204 560 indefinite:
1238 502 1451 580 atque,
1475 507 1552 562 ut
1576 500 1824 563 dolosus
1842 501 2117 565 ambulat
2138 503 2379 582 semper
2399 501 2468 563 in
2489 500 2906 583 generalibus,

694 620 940 678 revoca,
988 608 1065 663 ut
1125 621 1268 684 quae
1317 602 1431 666 illa
1481 609 1767 686 potestas
1816 605 1919 683 sit,
1971 613 2039 668 et
2090 605 2171 668 ad
2225 604 2400 687 quid,
2445 613 2522 668 ut
2567 605 2646 668 de
2700 606 2907 669 decem

695 705 826 767 illis
854 726 1067 768 unum·
1091 705 1348 789 aliquod
1382 706 1620 771 diserte
1650 707 1824 772 dicat
1852 729 2052 793 penes
2083 709 2465 773 Pontificem
2496 730 2653 788 esse,
2685 717 2906 773 mutus

694 807 888 871 illico.

762 950 906 1008 Quod
929 951 1091 1014 igitur
1107 952 1473 1015 juramentum,
1499 953 1635 1017 quod
1660 953 1769 1004 Rex
1792 954 1999 1016 Angliae
2031 954 2314 1016 fidelitatis,
2336 960 2390 1004 et
2410 955 2578 1004 civilis
2601 953 2907 1004 obedientiae

822 1037 984 1093 vocat,
1006 1048 1109 1083 non
1132 1035 1202 1082 sit
1221 1034 1573 1097 juramentum
1604 1035 1857 1098 simplicis
1879 1034 2157 1095 fidelitatis,
2175 1050 2338 1100 neque
2363 1036 2519 1085 solius
2541 1036 2710 1086 civilis
2739 1037 2906 1086 obedi-

825 1115 994 1176 entiae,
1027 1116 1348 1180 perspicuum
1375 1119 1466 1174 est,
1490 1131 1553 1165 ex
1588 1116 1741 1165 titulo
1768 1115 1974 1166 Edicti:
2013 1154 2025 1166 .
2047 1152 2060 1166 .
2086 1155 2098 1167 .
2127 1116 2256 1167 ‘Hic
2277 1118 2416 1167 enim
2447 1122 2524 1168 est
2556 1118 2787 1168 Titulus:
2818 1118 2906 1168 Ad

825 1196 1132 1260 detegendos
1154 1233 1167 1247 .
1191 1235 1202 1246 .
1231 1234 1243 1247 .
1268 1197 1746 1263 Papistas’—[Bell.
1781 1198 1931 1263 Apol.
1968 1213 2060 1264 pro
2095 1198 2269 1263 Resp]
2305 1214 2353 1263 p.
2390 1201 2470 1248 22.
2508 1200 2641 1265 [Op.,
2663 1204 2786 1250 tom.
2815 1201 2902 1250 vii.

824 1280 916 1328 col.
938 1279 1050 1330 717.
1080 1278 1163 1343 Β.]

780 1388 1101 1469 Abneyari
1129 1389 1491 1469 juramento
1533 1389 1968 1451 auctoritatem
1997 1387 2416 1470 Pontificiam,
2460 1389 2528 1452 id
2567 1410 2719 1453 vero
2753 1410 2901 1471 per-

371 1521 660 1572 Fidelitatis
692 1491 971 1571 spicuam
1000 1491 1207 1555 facere
1224 1491 1382 1570 vult,
1414 1492 1650 1555 iterum
1671 1492 1831 1575 jam,
1860 1492 1971 1554 Ex·
1998 1492 2133 1573 ipso
2157 1492 2378 1555 Edicti
2407 1493 2608 1556 titulo.
2653 1494 2904 1557 Verum

368 1586 579 1648 abnega-
692 1593 761 1656 id
799 1583 993 1677 (quod
1027 1601 1092 1657 et
1124 1601 1274 1657 ante
1307 1595 1497 1658 docui
1512 1596 1561 1676 Χ)
1597 1614 1899 1677 perversa
1928 1595 2081 1658 satis
2112 1595 2593 1679 consequentia.
2681 1597 2903 1659 Edicta·

368 1656 468 1699 tur.
478 1650 498 1715 ]

475 2001 556 2064 65

693 1698 914 1760 titulus
943 1703 1055 1773 est,
1079 1698 1191 1760 Ad
1218 1698 1582 1781 detegendos
1612 1698 1934 1778 Papistas.
2024 1695 2198 1783 Ergo
2227 1699 2294 1761 in
2307 1700 2687 1781 juramenta,
2719 1700 2902 1763 abne-

687 1805 882 1881 9atur
918 1806 1203 1880 potestas
1254 1801 1602 1883 Pontifici-3.
1691 1801 1797 1864 Ab
1832 1801 2066 1865 Edicto
2106 1801 2189 1865 ad
2230 1803 2681 1881 Juramentum,
2722 1804 2904 1867 nulla

691 1902 1040 1965 necessitas
1084 1910 1184 1966 est
1229 1902 1721 1986 consequentiae.
1815 1903 2035 1967 Multa
2080 1911 2315 1988 praeter
2352 1905 2799 1985 Juramentum,
2830 1906 2902 1970 in

691 2004 924 2067 Edicto
956 2013 1127 2068 sunt.
1222 2005 1350 2069 Sed
1378 2027 1588 2090 neque
1619 2027 1659 2069 a
1687 2007 1972 2087 Papistis
2002 2008 2082 2071 ad
2115 2010 2509 2091 Pontzjficiam
2527 2016 2902 2091 potestatem

691 2098 1023 2191 sequitur:
1069 2109 1315 2173 Praeter
1348 2114 1725 2190 potestatem
1771 2109 1946 2174 enim
1994 2111 2342 2194 Pontificis,
2388 2114 2596 2177 multa
2633 2113 2900 2177 halluci-

689 2219 932 2274 nantur
962 2212 1262 2293 Papistae.

780 2313 910 2378 Sed
941 2313 1096 2398 quid
1125 2315 1320 2395 agat?
1385 2315 1789 2379 Haerendum
1818 2316 2013 2380 etiam
2045 2316 2141 2380 illi
2172 2318 2241 2380 in
2269 2319 2470 2397 titulo,
2496 2340 2623 2403 qua
2653 2319 2900 2412 laborat

688 2416 981 2499 penuria.
1071 2416 1356 2482 Aliunde
1387 2418 1563 2482 enim
1593 2440 1728 2483 non
1757 2418 1977 2500 habet,
2012 2441 2137 2503 quo
2160 2420 2378 2485 fucum
2403 2421 2663 2487 Lectori
2682 2415 2899 2489 faciat.

692 2518 871 2582 Fecit
911 2519 1035 2583 hoc
1079 2540 1227 2583 cum
1272 2521 1509 2584 'Portus
1554 2528 1746 2600 esset,
1778 2529 1845 2585 et
1890 2530 2174 2587 retortus
2221 2532 2342 2588 est.
2432 2526 2577 2589 Nec
2621 2527 2795 2589 enim
2825 2549 2902 2590 ea

668 2622 1011 2687 -contineri
1032 2624 1103 2687 in
1127 2624 1332 2686 thulo
1363 2624 1599 2704 omnia,
1634 2645 1777 2708 quae
1805 2625 1877 2689 in
1898 2626 2133 2690 Edicto
2163 2628 2371 2691 multa
2400 2635 2574 2708 sunt,
2607 2639 2674 2693 et
2703 2630 2896 2693 varia.

577 2806 580 2810 Δ
693 2727 794 2789 De
823 2727 1049 2810 viginti
1079 2727 1315 2790 duobus
1358 2728 1802 2812 ParagraphiS,
1837 2735 1965 2793 tres
2009 2729 2091 2792 ad
2133 2751 2458 2794 summum
2499 2732 2602 2795 vel
2632 2739 2900 2814 qzmtuor

693 2830 1127 2894 Juramentum
1161 2837 1479 2915 tangunt:
1536 2831 1752 2895 caeteri
1797 2831 1938 2895 aliis
1981 2832 2172 2897 rebus
2212 2840 2384 2897 sunt.
2475 2834 2662 2913 Tum,
2698 2837 2897 2919 quad-

695 2953 837 2997 rare
890 2936 1044 2997 satis
1091 2936 1381 3013 Titulum,
1429 2935 1487 2996 A
1494 2935 1541 2996 d
1576 2935 1946 3017 detegendos
1985 2937 2303 3018 Papi-etas.
2395 2939 2675 3020 Papistoe
2722 2940 2899 3003 enim

694 3036 884 3099 multi
932 3038 1004 3100 in
1049 3038 1295 3101 recenti
1348 3037 1604 3117 scelere,
1658 3038 1957 3121 pessime,
2004 3047 2080 3103 ut
2127 3040 2398 3119 videtur,
2449 3042 2752 3106 animati:
2816 3044 2899 3107 ad

694 3139 997 3220 Papisius
1046 3140 1264 3224 itaque
1310 3141 1580 3223 reliquos
1640 3141 2029 3224 detegendos,
2084 3164 2169 3206 an
2220 3144 2441 3209 eadem
2491 3144 2618 3209 illis
2670 3167 2894 3211 mens:

702 3244 871 3324 (qu0,
926 3242 1160 3325 quibus
1218 3265 1349 3307 non
1410 3244 1656 3323 eadem,
1718 3244 1982 3324 dimitti,
2050 3246 2284 3331 quibus
2341 3248 2586 3328 eadem,
2645 3258 2898 3315 mature

692 3345 955 3429 reprimi
982 3348 1295 3430 possent.)
1388 3348 1490 3411 Ex
1524 3349 1729 3411 Pitulo
1774 3355 2016 3427 autem,
2049 3351 2260 3434 siquid
2291 3350 2564 3429 volebat,
2595 3352 2690 3416 ita
2718 3353 2895 3417 colli-

695 3472 845 3533 gere
876 3449 1137 3515 debuit:
1183 3451 1476 3516 fiaudem
1509 3453 1795 3536 quotidie
1827 3454 2114 3536 Papi-etis
2144 3475 2446 3532 crescere,
2479 3477 2558 3519 ex
2588 3478 2715 3540 quo
2743 3458 2900 3521 facti

690 3575 898 3639 nuper
926 3556 1239 3637 aequivoci,
1272 3562 1345 3618 ut
1377 3556 1602 3620 detecti
1643 3556 1809 3621 forte
1839 3565 2050 3637 antea,
2081 3557 2163 3622 de
2203 3580 2370 3624 novo
2408 3559 2548 3643 jam
2577 3560 2900 3644 detegendi

689 3659 964 3723 iterum:
1028 3660 1118 3723 Et
1165 3679 1314 3723 cum
1360 3659 1605 3738 fraude,
1656 3659 1895 3723 malam
1941 3667 2264 3724 mentem:
2332 3668 2408 3725 ut
2458 3663 2647 3746 proin
2692 3664 2899 3748 magis

689 3762 883 3826 etiam
918 3763 1187 3827 sollicite
1217 3762 1623 3847 reprimendi.
1722 3763 1923 3827 Fraus
1949 3773 2167 3828 autem
2199 3773 2263 3828 et
2292 3766 2463 3830 mala
2491 3788 2678 3831 mens
2695 3768 2899 3852 lique-

687 3866 850 3930 bant
882 3887 916 3930 e
947 3866 1266 3949 responsis
1304 3887 1525 3929 eorum
1568 3866 1994 3950 turpissimis:
2044 3869 2353 3931 Sacerdos
2382 3890 2504 3932 mm
2532 3891 2688 3950 sum,
2718 3880 2897 3955 puta,

686 3970 1023 4051 Apollinis.
1114 3970 1305 4032 Mare
1352 3990 1475 4032 non
1530 3971 1780 4048 transii,
1829 3991 2083 4054 nempe,
2127 3973 2419 4053 ylaciale.
2528 3974 2738 4037 Romoe
2779 3997 2901 4039 non

669 4072 799 4153 fiai,
860 4073 1188 4150 nimirum,
1249 4073 1546 4136 hodierno
1600 4094 1798 4137 mane.
1910 4075 2249 4157 Nunquam
2309 4077 2439 4138 vidi
2500 4079 2897 4158 Parsonium,

688 4177 947 4257 scilicet,
980 4196 1294 4258 nunquam
1324 4176 1391 4238 in
1421 4175 1698 4257 Japom'a
1717 4187 1764 4238 5.

750 4377 773 4400 ¹
809 4369 970 4435 [Vide
1005 4370 1202 4419 'Pol-tur.
1238 4370 1393 4429 'rot-ti,
1430 4384 1512 4433 pp.
1540 4371 1747 4419 19—22.
1838 4372 1893 4420 in
1919 4371 2212 4434 Garnetum,
2248 4388 2332 4438 pp.
2361 4376 2585 4432 34—36;
2628 4374 2681 4425 et
2704 4375 2898 4426 Tracta-

687 4434 824 4489 Edit.
850 4433 1028 4498 nostin]
1836 4441 1950 4486 tum
1986 4438 2151 4500 ipsum
2188 4442 2202 4465 ‘
2222 4438 2298 4488 De
2333 4439 2777 4502 AEquivocatione,'
2809 4441 2897 4504 qui

751 4507 771 4537 ⁷
807 4499 906 4562 [De
921 4498 1209 4561 hujusmodi
1232 4500 1749 4563 AEquivocationibm,
1837 4500 2051 4551 habetur
2072 4503 2179 4552 MS.
2204 4504 2339 4567 apud
2368 4503 2501 4554 Bibl.
2528 4504 2700 4570 Bodl.]

683 4562 801 4612 vide
825 4563 963 4611 Orati
972 4578 1050 4612 ou.
1071 4562 1192 4613 Edv.
1215 4564 1366 4623 Coke,
1393 4565 1526 4627 apud
1543 4567 1745 4616 Action.
