3165 4959
442 1424 567 1486 167

353 1775 431 1838 [et.
455 1774 641 1824 dissen-

352 1842 516 1888 tiones
539 1840 601 1889 de

354 1904 597 1954 Paschate

351 1969 472 2017 cele-

353 2031 581 2096 brando.]

679 299 814 369 224
1316 319 1401 366 AD
1447 318 1833 366 oAanAms
1875 316 2274 366 BELLARMm1

680 483 742 540 et
771 477 915 558 Eyo
952 495 1140 538 unum
1182 495 1413 552 sumus,
1449 481 1597 558 ξομ
1689 474 1836 536 Ηοο
1880 493 2049 550 vern,
2083 493 2216 535 non
2259 477 2398 534 tam
2442 491 2520 534 ex
2567 472 2912 535 traditione

686 580 926 663 (credo)
990 602 1181 663 quam
1236 600 1313 642 ex
1377 578 1749 659 Scripturis.
1807 642 1811 646 ,
1843 576 2187 643 Quomodo
2235 582 2454 638 autem
2517 577 2857 638 terminata
2878 578 2911 637 Ρ

678 685 912 748 Visum
959 693 1076 762 est,
1107 684 1206 746 uti
1235 704 1390 746 voce
1433 678 1805 763 ὁμοουσίου,
1844 682 1988 763 (nec
2016 687 2238 743 tamen
2280 700 2358 741 ex
2406 679 2748 742 traditione
2785 701 2906 742 non

677 789 968 869 scripta.)
1065 786 1358 870 Reperiri
1407 784 1579 848 enim
1614 791 1897 847 testatur
1926 804 2003 847 eo
2033 783 2170 866 ipso
2201 783 2341 846 loco
2365 783 2707 860 Eusebius,
2729 784 2902 863 pris-

679 912 802 969 003,
849 892 1081 967 doctos,
1113 896 1175 952 et
1202 895 1515 970 spectatos
1543 888 1893 969 Episcopus
1923 887 2299 968 ScriptoreS,
2333 887 2443 969 qui
2485 908 2557 948 ea
2590 888 2731 968 ipsa
2760 908 2905 950 voce

678 990 1026 1075 ὁμοουσίου
1055 994 1155 1055 usi
1161 990 1457 1074 fuissent,
1491 992 1567 1053 de
1591 991 1816 1053 Patris
1844 996 1905 1052 et
1934 990 2090 1052 Filii
2121 990 2514 1053 divinitaten.
2583 990 2711 1067 Ita,
2737 990 2904 1053 nihil

679 1097 770 1161 ibi
821 1119 944 1160 non
986 1098 1308 1178 scriptum.
1400 1096 1530 1158 Res
1560 1095 1701 1177 ipsa
1734 1093 2084 1176 Scripturis
2136 1091 2421 1172 definita,
2453 1114 2576 1156 vox
2607 1113 2643 1156 e
2673 1093 2902 1176 priscis

680 1200 1099 1282 scriptoribus
1143 1200 1367 1283 petita.
1459 1198 1631 1261 Date
1669 1204 1735 1260 et
1766 1218 1877 1260 vos
1915 1196 1995 1260 de
2031 1195 2301 1279 Scriptis
2339 1216 2476 1260 rem
2505 1221 2519 1258 ε
2568 1195 2900 1260 vobiscum

680 1324 872 1367 nemo
904 1303 996 1367 de
1014 1323 1166 1367 voce
1192 1301 1495 1386 litigabit.

748 1422 1018 1472 Decretum
1039 1427 1210 1472 autem
1234 1421 1297 1470 de
1320 1420 1562 1470 Paschate
1585 1419 1883 1470 celebrando
1906 1418 1989 1468 die
2003 1418 2275 1468 Dominica
2296 1432 2362 1468 ne
2384 1423 2582 1483 poterat
2604 1418 2811 1482 quidem
2836 1434 2901 1468 ex

814 1503 1089 1568 Scripturis
1110 1503 1231 1552 ullis
1253 1502 1451 1563 deduci,
1469 1501 1554 1551 sed
1578 1517 1643 1550 ex
1665 1501 1771 1550 sola
1791 1500 2069 1550 traditione
2090 1500 2154 1548 ab
2173 1500 2451 1563 Apostolis,
2475 1505 2627 1563 atque
2659 1500 2900 1563 inprimis

811 1600 843 1634 a
864 1585 912 1635 S.
941 1585 1089 1634 Petro
1110 1589 1327 1648 accepta,
1360 1589 1412 1633 et
1446 1584 1501 1633 in
1532 1584 1671 1633 Urbe
1707 1582 1973 1643 custodite,
1997 1582 2269 1632 formatum
2294 1583 2604 1648 esu—[Bell.
2631 1582 2782 1645 Apol.
2808 1598 2900 1645 pro

812 1666 983 1730 Resp.]
1019 1682 1066 1730 p.
1093 1669 1168 1716 89.
1210 1665 1347 1730 [Op.,
1370 1670 1492 1715 tom.
1518 1665 1606 1715 vii.
1630 1664 1722 1714 col.
1747 1665 1856 1717 754.
1883 1663 1967 1727 Β.]

768 1760 881 1837 At,
914 1758 994 1822 de
1025 1758 1358 1834 Paschate‚
1403 1757 1528 1820 alia
1570 1757 1753 1834 rati0,
1802 1777 1950 1819 cum
1995 1776 2074 1819 ex
2120 1776 2196 1819 eo
2240 1777 2459 1819 rerum
2506 1776 2742 1839 genere
2790 1757 2896 1833 sit,

684 1883 826 1946 quae
862 1863 1061 1943 fidem
1105 1882 1236 1924 non
1267 1867 1578 1944 spectent,
1611 1881 1930 1942 moresque
1959 1856 2216 1922 vivendi
2238 1885 2255 1936 3
2307 1880 2598 1942 quaeque,
2631 1881 2748 1945 per
2780 1883 2898 1923 an-

682 1986 800 2029 nos
846 1964 1173 2041 ducentos,
1206 1964 1432 2047 praxin
1476 1963 1952 2026 indifferentem
1998 1962 2265 2039 habuit3
2313 1963 2500 2026 aliter
2528 1963 2672 2042 hoc,
2706 1964 2897 2027 aliter

681 2069 805 2133 alio
835 2069 977 2133 loco
1007 2067 1400 2131 celebratum
1428 2092 1441 2127 :
1490 2087 1569 2130 ex
1600 2087 1667 2130 se
1704 2066 1992 2149 proinde,
2026 2066 2199 2128 inter
2229 2066 2597 2149 adiaphora.
2690 2068 2893 2145 Nam,

681 2172 750 2235 in
781 2171 974 2236 rebus
1019 2169 1353 2254 ejusmodi,
1398 2170 1615 2233 locum
1658 2168 1896 2232 habere
1942 2169 2168 2252 praxin
2198 2169 2503 2232 Ecclesiae
2533 2191 2663 2232 non
2696 2191 2893 2252 nega-

679 2298 843 2339 mus.
945 2275 1029 2338 In
1088 2274 1401 2338 Paschate
1473 2281 1716 2348 tamen,
1779 2293 2081 2355 eousque,
2142 2293 2276 2335 non
2336 2271 2658 2335 habuisse.
2761 2274 2894 2340 Qui

678 2378 949 2462 potuit?
1025 2399 1173 2442 cum
1238 2378 1362 2441 alia
1420 2374 1661 2459 Ephesi
1714 2375 1924 2458 praxis
1975 2374 2193 2451 fuerit,
2245 2374 2368 2438 alia
2422 2376 2697 2438 Romae?
2768 2376 2895 2439 alia

684 2484 725 2546 J
728 2484 954 2546 oannis
984 2481 1280 2567 Apostoli
1323 2503 1436 2566 per
1468 2481 1826 2558 Orientem,
1861 2479 1986 2544 alia
2015 2479 2193 2543 Petri
2238 2501 2350 2562 per
2382 2477 2892 2543 Occidentemo?

681 2607 803 2649 nec
844 2592 1055 2649 totum
1099 2591 1356 2648 tamen:
1406 2584 1539 2648 Diu
1568 2582 1741 2647 enim
1770 2589 1935 2666 post,
1970 2582 2310 2645 Britannia
2352 2589 2574 2644 nostra
2603 2581 2892 2645 Orientis

681 2689 787 2753 hic
810 2710 1052 2753 morem
1085 2688 1356 2752 servavit
1367 2700 1416 2750 P.
1482 2688 1614 2750 Res
1643 2708 1792 2750 vero
1823 2685 1913 2750 sic
1944 2706 2010 2749 se
2040 2684 2287 2748 babuit.
2353 2685 2518 2748 Cum
2554 2680 2671 2768 p‘ar
2700 2695 2901 2765 esset,-

684 2794 1082 2858 Christianos
1122 2812 1364 2868 omnes,
1398 2791 1508 2873 qui
1553 2797 1785 2854 caetera
1827 2791 1966 2873 jam
2006 2788 2177 2852 idem
2224 2789 2560 2864 sentirent,
2592 2790 2662 2852 in
2692 2790 2890 2873 hujus

686 2917 939 2979 quoque
986 2896 1157 2958 Festi
1204 2894 1634 2958 celebratione
1683 2894 2036 2956 uniformes
2083 2912 2255 2955 esse:
2305 2912 2427 2955 nec
2472 2893 2749 2970 deceret,
2784 2894 2888 2956 de-

685 3002 847 3063 cima
894 3005 1120 3081 quarta
1165 2998 1359 3060 Isunoe
1402 2998 1519 3061 hos
1566 2997 1822 3080 quidem
1861 2996 2130 3080 jejuniis
2178 3018 2315 3060 sese
2363 3017 2706 3075 macerare,
2746 2998 2890 3062 illos

750 3137 784 3158 '¹⁸
848 3128 1008 3176 Ἀλλὰ
1047 3128 1126 3176 καὶ
1163 3129 1365 3176 ἐνταῦθα
1397 3127 1442 3175 οἷ
1471 3127 1739 3184 ἐπίσκοποι,
1829 3128 1883 3175 ἐν
1925 3125 2103 3190 Νικαίᾳ
2153 3124 2350 3188 συνόδῳ.
2417 3125 2601 3189 ἔγραψε
2651 3127 2731 3177 καὶ
2786 3132 2892 3180 τοῖς

688 3198 778 3242 θεω
840 3211 1011 3242 σαντες
1048 3192 1238 3241 δκείνων
1259 3193 1317 3239 τὸ
1340 3190 1515 3251 δόλιον,
1540 3191 1742 3252 συνήγα-
1830 3189 1960 3241 ἰδίοις
1992 3189 2421 3251 διαβεβαιούμενος,
2450 3193 2525 3239 ὅτι
2559 3193 2639 3241 καὶ
2671 3196 2772 3241 var
2804 3213 2889 3243 τα·

687 3275 779 3320 γον
804 3259 858 3306 ἐκ
881 3259 979 3305 τῶν
998 3257 1198 3320 γραφῶν
1216 3255 1277 3305 τὸ
1295 3253 1636 3316 Ἀπαῦγασμα,
1653 3255 1745 3313 τήν
1829 3258 1977 3304 λαιὸν
2003 3256 2137 3306 τινὰς
2171 3257 2365 3317 λογίους
2401 3257 2479 3305 καὶ
2520 3258 2768 3318 ἐπιφανεῖς
2795 3260 2890 3307 ἔτι·

687 3342 746 3371 τε
776 3323 960 3381 Πηγὴν,
985 3322 1062 3371 καὶ
1086 3322 1325 3381 Ποταμὸν,
1357 3322 1434 3369 καὶ
1458 3323 1744 3385 Χαρακτῆρα
1831 3319 2042 3371 σκότους
2080 3319 2158 3369 καὶ
2197 3323 2509 3385 συγγραφέας
2544 3322 2755 3384 εὕρομεν,
2808 3326 2888 3373 ἐπὶ

687 3389 802 3451 πρὸς
816 3385 1309 3446 τὴνὛπόστασιν,καὶ
1319 3385 1579 3447 τὸ,Ἐντῷ
1596 3387 1744 3448 φωτί
1832 3387 1919 3442 τῆς
1940 3388 2028 3434 τοῦ
2049 3385 2238 3447 Πατρός
2271 3385 2349 3434 καὶ
2380 3389 2469 3434 τοῦ
2492 3386 2604 3434 ‘rios
2626 3385 2887 3446 Θεότητος,

688 3452 804 3505 Σου
826 3449 1086 3515 ὀψόμεθα
1107 3453 1236 3515 φῶς,
1251 3450 1327 3499 καὶ
1344 3450 1420 3511 τι),
1436 3452 1577 3510 Ἐγὼ
1598 3451 1694 3499 καὶ
1716 3454 1742 3499 ὁ
1829 3451 1898 3512 τῷ
1910 3453 1999 3498 τοῦ
2018 3450 2298 3508 Ὀμοουσίυυ
2319 3449 2647 3512 χρησαμένους
2662 3451 2879 3510 ὀνόματι.

690 3518 889 3581 Πατὴρ
923 3517 981 3566 ἕν
1002 3520 1025 3566 ἐ
1034 3538 1065 3567 σ
1074 3536 1140 3578 με
1153 3535 1194 3564 ν.
1230 3517 1319 3564 Καὶ
1342 3513 1627 3578 λευκότερον
1647 3525 1742 3564 λοι·
1829 3513 1945 3563 -8,
1960 3513 2148 3563 Athau.
2165 3514 2320 3578 apud]
2337 3514 2551 3565 Theodo.
2570 3515 2727 3579 [Hist.
2747 3516 2882 3566 Eccl.

687 3584 873 3633 πὸνκαὶ
889 3580 1131 3639 συντόμως
1157 3581 1216 3642 ἔγ
1310 3600 1383 3640 αν,
1414 3579 1745 3636 Ὀμοοόσιον
1831 3579 1945 3642 lib.]
1970 3580 2003 3627 i.
2031 3578 2192 3642 [cap]
2219 3582 2264 3627 8.
2292 3579 2367 3643 [p.
2392 3579 2501 3642 30.]

687 3667 719 3696 τ
742 3651 765 3663 ’“
786 3650 969 3712 Πατρὶ
990 3646 1095 3697 τὸν
1122 3649 1186 3696 Ti
1230 3666 1269 3695 ν.
1333 3645 1402 3695 Τὰ
1423 3645 1518 3707 γὰρ
1539 3664 1575 3693 π
1631 3665 1744 3707 ειρη-
1889 3651 1912 3674 '¹
1952 3644 2108 3708 [Ἐπεὶ
2132 3644 2212 3692 καὶ
2236 3645 2333 3693 των
2355 3645 2570 3694 παλαιῶν
2593 3647 2726 3694 τινὰς
2749 3648 2882 3707 λογί-

686 3670 804 3772 μῖνα
821 3712 977 3762 πάντα
989 3665 1745 3774 ταῦτηνὲχειτὴνσημασζνἯαὶ
1832 3728 1910 3759 ους
1939 3710 2016 3758 καὶ
2051 3710 2293 3771 ἐπιφανεῖς
2327 3708 2613 3759 ἐπισκόπους
2644 3711 2725 3759 καὶ
2759 3729 2882 3772 συγ·

687 3782 713 3826 ὁ
734 3778 1012 3839 γογγυσμὸς
1035 3776 1085 3827 δὲ
1105 3779 1273 3836 αὺτόν,
1292 3776 1365 3825 ὅτι
1385 3774 1594 3839 ἅγραφοί
1613 3774 1735 3825 εἰσιν
1819 3773 2032 3835 γραφέας
2049 3773 2277 3834 ἔγνωμεν,
2292 3776 2368 3823 ἐπὶ
2381 3774 2470 3833 τῆς
2493 3777 2580 3823 τοῦ
2595 3777 2880 3838 Πατρὸςκαὶ

686 3844 735 3891 αἱ
757 3843 923 3905 λέξεις,
941 3842 1204 3904 ἐλέγχεται
1218 3841 1323 3903 παρ’
1346 3840 1501 3889 αὐτῶν
1520 3839 1732 3899 μάταιος·
1818 3840 1930 3887 Tlos)
1957 3838 2221 3899 θεολογίας,
2247 3841 2316 3901 τῷ
2336 3841 2425 3888 τοῦ
2455 3840 2743 3898 Ὀμοουσίου
2762 3859 2878 3900 συγ-

686 3909 736 3969 ὄξ
771 3905 999 3970 ἀγράφων
1026 3907 1124 3970 γὰρ
1152 3905 1493 3962 ἀσεβήσαντες,
1519 3903 1733 3967 (ἄγραφα
1817 3903 2147 3965 χρησαμένους
2182 3903 2388 3965 ὀνόματι.
2413 3931 2477 3939 -
2504 3903 2681 3952 Euseb.
2715 3905 2875 3969 apud]

684 3972 731 4021 δί
758 3974 838 4027 Τὸ,
857 3974 906 4035 ἐξ
928 3974 1013 4022 οὐκ
1038 3972 1200 4030 ὄντων,
1218 3970 1309 4030 καὶ,
1328 3970 1405 4025 Τὸ,
1425 3969 1484 4028 ἦν
1505 3970 1624 4018 ποτὲ
1646 3970 1729 4018 ὅτε
1816 3968 2003 4016 Socrat.
2043 3967 2207 4032 [Hist.
2253 3969 2386 4017 Eccl.
2432 3967 2545 4032 lib.]
2570 3968 2603 4017 i.
2650 3967 2802 4034 [cap]
2826 3972 2873 4019 8.

682 4039 770 4086 οὐκ
791 4036 884 4099 ἦν,)
903 4036 1142 4086 αἰτιῶνται
1163 4033 1283 4084 διότι
1304 4037 1354 4096 ἐξ
1377 4032 1606 4097 ἀγράφων
1623 4035 1729 4094 μετ’
1815 4032 1884 4097 [p.
1909 4032 2014 4145 25³]
2918 4041 2926 4047 ’

682 4102 927 4159 εὐσεβείας
964 4101 1224 4162 νοουμένων
1253 4098 1428 4161 λέξεων
1450 4099 1725 4160 κατεκρίθη·
1878 4106 1901 4130 ⁰
1939 4097 1960 4161 [
2019 4097 2102 4147 ide
2136 4099 2315 4149 Euseb.
2354 4096 2492 4146 Hist.
2531 4096 2664 4146 Eeel.
2704 4096 2796 4146 lib.
2822 4113 2869 4147 v.

680 4187 773 4217 σαν
793 4204 804 4216 .
834 4201 848 4215 .
874 4204 885 4216 .
910 4167 955 4216 οἱ
999 4165 1050 4216 δὲ
1095 4165 1361 4223 ἐπίσκοποι,
1408 4165 1502 4225 οὐχ
1540 4165 1726 4213 ἑαυτοῖς
1811 4176 1952 4225 capp.
1973 4164 2052 4223 23,
2072 4164 2151 4212 24.
2177 4179 2261 4227 pp.
2277 4164 2552 4213 241—249.
2572 4179 2584 4221 ;
2608 4168 2660 4211 et
2679 4162 2870 4212 Socrat.

679 4230 897 4295 εὑρόντες
919 4231 1006 4281 τὰς
1035 4229 1202 4292 λέξεις,
1234 4229 1345 4277 ἀλλ’
1370 4228 1424 4277 ἐκ
1456 4230 1554 4276 τὸν
1577 4230 1723 4276 ποτέ·
1813 4226 1949 4275 Hist.
1987 4227 2120 4277 Eccl.
2176 4230 2264 4280 lib.
2291 4244 2337 4278 v.
2385 4243 2492 4291 cap.
2519 4229 2598 4276 22.
2644 4242 2729 4290 pp.
2756 4230 2871 4287 293,
2903 4289 2907 4292 Α
3013 4252 3023 4260 ·

675 4315 768 4359 ρων
824 4296 1022 4359 ἔχοντες
1073 4294 1168 4352 τὴν
1235 4293 1506 4356 μαρτυρίαν,
1579 4295 1726 4343 οὕτως
1812 4292 1952 4356 294.]

676 4360 915 4426 ἔγραψαν.
941 4397 952 4408 .
981 4395 993 4407 .
1019 4360 1265 4409 καὶτοῦτο
1302 4358 1561 4420 ἐγίνωσκεν
1584 4358 1724 4407 Εὐσέ·
1876 4366 1897 4397 Ρ
1948 4357 2111 4421 [Vide
2150 4356 2304 4407 Bedae
2341 4357 2479 4406 Hist.
2519 4357 2651 4407 Eccl.
2690 4355 2779 4407 lib.
2811 4358 2866 4407 ii.

674 4430 777 4479 βιος
808 4427 833 4473 ό
865 4421 1122 4485 γενόμενος
1153 4422 1410 4472 ἐπίσκοπος
1439 4425 1527 4482 τῆς
1550 4431 1722 4472 Kama-
1809 4438 1917 4486 cap.
1942 4425 1987 4471 2.
2023 4438 2106 4487 pp.
2128 4424 2417 4480 110—114;
2451 4423 2540 4472 lib.
2566 4423 2641 4471 iii.
2664 4437 2771 4486 cap.
2789 4424 2866 4472 25.

671 4488 813 4567 ptlfs,
833 4489 1063 4550 πρότερον
1083 4489 1172 4547 μὲν
1193 4489 1549 4550 συντρέχωντῆ
1569 4490 1723 4550 Ἀρει-
1810 4502 1892 4551 pp.
1918 4490 2192 4537 233—236.
2220 4486 2428 4538 cantab.
2455 4486 2620 4551 1643]

672 4569 760 4615 ανῃ
796 4549 988 4611 αίρέσεν
1035 4550 1234 4612 ὕστερον
1263 4549 1314 4597 δὲ
1354 4539 1630 4614 ὑπογρᾶψας
1660 4555 1725 4616 τῇ
