3165 4959
912 342 1275 393 Aromomm
1322 344 1682 393 nsssronsm.
2280 328 2401 392 381

210 500 445 565 Ribera
461 498 488 539 ¹¹
537 501 659 566 hoc
717 510 932 585 negat.
1022 503 1113 565 Et
1161 502 1267 585 qui
1305 522 1429 584 per
1473 501 1723 583 Equum
1774 502 2020 581 nigrum
2064 500 2409 564 Hcereticos

208 605 525 687 desiynari
552 611 857 685 statuunt,
890 626 1133 669 necesse
1161 605 1388 669 habent
1416 604 1659 685 famem
1687 624 1866 666 suam
1895 604 1984 666 ad
2010 604 2207 667 divini
2236 604 2408 667 verbi

192 710 529 789 permriam
572 729 889 772 revocare.
978 710 1198 791 Atque
1234 708 1329 771 ita
1374 709 1553 771 Rex:
1601 715 1942 792 postquam
1980 707 2172 785 enim,
2206 707 2408 770 effusa

206 811 275 873 in
312 810 756 874 Christianum
798 810 1019 875 orbem
1053 810 1445 875 Gotthorum
1479 818 1670 893 atque
1699 808 2140 872 vandalorum
2169 808 2406 887 illuvie,

206 914 533 979 barbaries
562 913 784 978 orbem
815 914 1146 998 occupavit
1172 940 1187 978 ι
1221 934 1299 976 ex
1330 912 1625 977 barbarie
1645 912 1776 989 illa,
1809 931 2145 994 crassaque
2172 912 2405 996 passim

207 1018 577 1100 linguarum
625 1025 692 1080 et
736 1017 1072 1082 literarum
1131 1015 1516 1100 ignorantia,
1568 1014 1809 1097 ubique
1848 1014 2121 1077 haereses
2165 1016 2410 1095 multae,

209 1120 452 1203 ubique
509 1120 641 1198 illa,
690 1118 920 1205 (quam
965 1117 1118 1202 dixi)
1174 1117 1386 1201 sames
1430 1116 1777 1201 spiritualis
1820 1117 2112 1180 invaluit.
2199 1120 2264 1181 4.
2327 1119 2411 1181 Ιιι

210 1225 469 1287 Pallida
516 1233 752 1303 autem,
801 1230 1043 1305 pestem
1102 1229 1168 1286 et
1227 1223 1366 1305 ipse
1412 1221 1721 1303 intelligit
1761 1228 1952 1303 atque
1997 1220 2155 1285 adeo
2199 1241 2412 1303 cmpo-

208 1322 374 1405 rum,
402 1326 720 1410 praecipue
764 1333 986 1389 tamen
1023 1325 1192 1409 (quae
1229 1324 1712 1390 Antichristum
1752 1323 2043 1388 comitari
2090 1330 2247 1386 nata
2288 1326 2409 1407 est)

209 1430 581 1491 animarum.
675 1428 983 1495 Quamvis
1029 1428 1203 1492 enim
1242 1434 1308 1491 et
1350 1427 1419 1490 in
1461 1447 1745 1509 corpora,
1792 1427 1862 1490 in
1910 1428 2153 1490 animas
2195 1433 2415 1490 tamen

208 1532 531 1616 praecipue
561 1533 783 1611 saeviit,
812 1533 1133 1617 praecipue
1163 1532 1379 1596 saeviet
1397 1532 1859 1609 Antichristus,
1892 1538 1967 1594 ut
1990 1531 2243 1595 XV110.
2277 1552 2411 1614 cap.

210 1635 514 1700 habetur.
607 1636 828 1700 Sessar
879 1636 1178 1720 pallentis
1235 1636 1426 1719 Equi,
1481 1637 1667 1699 Mors
1718 1635 1974 1699 dicitur.
2065 1635 2150 1697 In
2203 1635 2418 1697 Morte

210 1760 369 1803 vero
419 1746 563 1802 tum
612 1740 833 1819 Rubri,
880 1761 996 1824 per
1040 1741 1327 1823 yladium
1383 1741 1454 1803 in
1510 1760 1795 1821 corpora,
1853 1745 1996 1802 tum
2041 1739 2255 1820 Niyri,
2304 1758 2418 1822 per

199 1842 468 1924 samon,
499 1842 570 1906 in
602 1845 846 1907 animas
873 1843 1267 1922 bacchantis,
1297 1850 1594 1926 utraque,
1624 1843 1909 1926 inquam,
1943 1843 2185 1906 saevitia
2213 1841 2416 1910 conti-

210 1952 428 2010 netur.
524 1946 820 2030 Utroque
865 1948 1048 2030 Equo
1096 1953 1342 2030 pugnat
1393 1945 1857 2024 AntichristuS,
1899 1945 1979 2009 de
2036 1952 2268 2009 neutro
2307 1944 2415 2008 de-

215 2048 526 2113 scendere
568 2050 727 2128 vult,
768 2050 964 2114 etiam
1015 2056 1272 2114 mortem
1322 2050 1529 2133 ipsam
1576 2069 1903 2131 corporum
1946 2048 2145 2131 spirat
2186 2048 2414 2113 adhuc.

216 2150 391 2216 Vide
448 2152 607 2215 mihi
667 2152 845 2216 illam
900 2153 973 2215 in
1030 2152 1275 2236 nuptiis
1329 2153 1642 2215 lanienam
1715 2149 2212 2227 Pamiensem¹;
2275 2152 2418 2216 vide

216 2256 554 2332 cultellum,
606 2256 803 2338 Regis
851 2255 1121 2319 Henrici
1167 2255 1369 2319 Tertii
1389 2252 1459 2295 ¹·
1441 2255 1656 2338 ‚jam
1715 2274 1864 2317 vero
1907 2253 2173 2319 Quartil
2225 2255 2419 2319 etiam

215 2357 537 2440 sanguine
566 2357 955 2435 madentem,
1001 2378 1122 2420 nec
1162 2357 1286 2421 alia
1328 2357 1410 2421 de
1453 2377 1664 2433 causa,
1698 2377 1890 2438 quam
1934 2363 2010 2418 ut
2038 2357 2421 2419 Antichristi

216 2479 496 2542 regnum
529 2464 676 2535 stet,
700 2457 865 2521 nihil
887 2458 967 2523 de
985 2478 1060 2523 eo
1088 2464 1342 2542 pereat:
1375 2457 1631 2522 favente
1659 2477 1793 2521 non
1815 2477 1965 2535 uno,
1991 2456 2104 2521 sed
2133 2457 2425 2542 pluribus

216 2561 586 2645 Theologis‚
627 2583 785 2644 quos
826 2569 965 2625 erat
1009 2559 1340 2625 Parricida
1383 2560 1743 2624 sciscitatus
1789 2559 1874 2624 ad
1916 2561 2185 2625 Hem-ici
2226 2563 2426 2626 Tertii

216 2671 502 2729 mortem
526 2665 623 2746 (ut
644 2663 842 2728 refert
860 2665 1256 2747 Marianamz)
1292 2662 1549 2727 favente
1571 2683 1722 2726 vero
1744 2669 1809 2726 et
1833 2663 2126 2727 stimulos
2149 2664 2426 2728 addente

218 2766 544 2831 Marianae
586 2765 771 2846 libro,
804 2767 886 2830 ad
928 2767 1179 2834 Quarti.
1271 2766 1435 2832 Quae
1479 2765 1590 2849 qui
1618 2765 1869 2844 viderit,
1901 2786 2003 2830 nae
2044 2766 2156 2830 ille
2184 2768 2428 2830 Pallidi

220 2870 370 2953 equi
413 2888 712 2931 sessorem
760 2869 1290 2952 paludamentum
1334 2869 1501 2932 ferre
1543 2867 1806 2947 videbit,
1838 2867 1937 2931 uti
1982 2868 2176 2951 Niyri
2218 2877 2428 2934 atrore

219 2973 568 3058 pullatum,
614 2971 711 3036 ita
753 2972 903 3055 Rufi
949 2972 1261 3057 sanguine
1304 2979 1773 3056 purpuratum:
1821 2992 1988 3051 vere,
2018 2979 2096 3036 ut
2139 2973 2199 3037 ei
2226 2975 2431 3055 pestis

221 3097 470 3141 nomen
520 3077 881 3155 conveniat,
928 3083 1004 3141 ut
1058 3076 1170 3160 qui
1212 3097 1345 3140 non
1391 3075 1609 3139 minus
1660 3075 1732 3138 in
1784 3096 2050 3157 corpora
2101 3085 2431 3161 grassetur

224 3201 426 3265 quam
470 3181 760 3254 animam
804 3181 1140 3264 utriusque
1167 3179 1317 3244 vitae
1354 3179 1515 3258 lues,
1566 3186 1760 3262 atque
1802 3181 2135 3264 pernicies,
2179 3204 2430 3266 quaque

221 3304 453 3366 empus
481 3283 631 3347 huic
661 3283 895 3348 saeculo
921 3283 1094 3362 vivit,
1128 3303 1379 3367 quaque
1401 3284 1616 3346 anima
1644 3282 1882 3348 futuro.

295 3434 443 3486 Hanc
464 3434 714 3486 visionem
733 3433 798 3484 ad
822 3423 1201 3485 Antichristum
1222 3448 1326 3485 non
1360 3434 1629 3499 pertinere,
1646 3437 1930 3499 praesertim
1953 3451 2068 3486 cum
2092 3452 2156 3486 ex
2177 3440 2434 3488 communi

359 3516 614 3566 sententia
634 3515 864 3566 omnium
886 3515 1230 3579 expositorum
1252 3515 1315 3565 de
1338 3514 1658 3565 Antichristo
1679 3520 1860 3578 agatur
1879 3518 2028 3581 paulo
2046 3521 2159 3580 post
2183 3518 2238 3566 iu
2260 3518 2435 3568 eodem

358 3598 525 3661 capite
542 3598 599 3646 in
612 3596 873 3660 apertione
894 3597 1054 3660 sigilli
1077 3596 1226 3646 sexti.
1249 3631 1262 3644 .
1287 3630 1300 3644 .
1323 3632 1336 3645 .
1362 3593 1441 3644 Ex
1462 3610 1563 3659 quo
1585 3596 1940 3660 intelligimus,
1962 3598 2144 3648 falsum
2158 3613 2279 3658 esse,
2302 3598 2436 3662 quod

361 3678 635 3730 adversarii
667 3677 861 3737 dicunt,
885 3677 1261 3727 Antichristum
1289 3676 1401 3739 jam
1434 3690 1667 3739 mgnasso
1699 3678 1848 3727 annia
1878 3679 2022 3728 mille
2055 3682 2109 3729 et
2139 3678 2437 3742 amplius.—

363 3761 512 3828 [Bell.
536 3760 686 3825 Apol.
710 3774 802 3824 pro
824 3758 994 3825 Resp.]
1015 3774 1064 3824 p.
1090 3761 1199 3810 162.
1222 3758 1358 3825 [Op.,
1379 3761 1502 3809 tom.
1523 3758 1612 3808 vii.
1635 3759 1729 3810 col.
1753 3760 1863 3811 790.
1888 3762 1950 3810 A.
1978 3760 2065 3824 Β.]

229 3986 404 4102 ωζῗ
418 3987 610 4037 Multi.
849 4001 915 4035 uo
1100 3984 1296 4034 haereti·
1382 3987 1505 4033 tom.
1529 3981 1604 4031 iii.
1621 3983 1799 4046 Ρ,126.
1821 3984 1950 4061 seq]

364 3987 765 4116 ntemguntssin
867 3999 1108 4113 beli-[fin
1138 4052 1181 4097 A
1446 4045 1708 4132 *['rhum
1723 4046 1858 4098 nist..
1877 4047 1963 4099 hb.
1974 4049 2104 4098 xcvi.
2118 4062 2223 4112 cap.
2238 4050 2301 4108 8.
2317 4051 2440 4098 tom.

234 4116 448 4182 [capUJV
467 4116 585 4193 [leg.
603 4117 670 4166 vi.
673 4130 824 4228 ιιιιιιιι.
846 4118 921 4164 16.
940 4129 989 4178 p.
1011 4116 1154 4164 139.
1226 4128 1299 4162 or·
1382 4112 1509 4174 imp
1511 4111 1683 4176 .764.]

232 4188 366 4232 tasse
409 4196 529 4257 ergo
566 4182 641 4230 ita
673 4181 812 4230 locus
844 4179 1196 4243 explicabitur,
1232 4177 1298 4227 far
1448 4175 1459 4206 ¹
1475 4125 1641 4241 p[Die
1676 4177 1777 4227 xiv.
1816 4177 1943 4227 Maii
1980 4191 2077 4227 An.
2104 4180 2247 4227 1610.
2283 4191 2314 4225 a
2351 4177 2441 4227 Ra

233 4260 373 4295 mem
396 4244 602 4309 quidem
625 4245 711 4294 hic
766 4243 959 4303 medici,
980 4248 1037 4293 at
1061 4257 1165 4292 non
1197 4257 1299 4291 cor-
1386 4242 1597 4292 vaillaco
1619 4241 1876 4305 percussi]

234 4311 391 4373 poris,
416 4324 529 4374 qum
543 4308 678 4359 nihil
776 4281 1043 4358 haercti'cos
1063 4308 1301 4371 pertinet.
1452 4316 1486 4338 ¹¹
1512 4308 1579 4372 [J.
1606 4306 1820 4357 Marian.
1859 4306 1934 4356 De
1968 4306 2091 4369 Reg.
2115 4311 2167 4356 et
2188 4305 2340 4368 Regis
2364 4306 2442 4355 In-

237 4373 326 4423 sed
348 4374 592 4423 famem..
608 4378 697 4424 ,οι
718 4372 985 4437 penuriam
998 4373 1140 4422 verbi
1063 4315 1302 4422 p‘mDeil'
1388 4373 1550 4421 stitut.
1619 4371 1707 4421 lib.
1726 4371 1759 4420 i.
1797 4386 1902 4435 cap.
1920 4375 1964 4422 6.
2001 4371 2069 4435 [Ρ.
2091 4374 2166 4423 63.
2209 4371 2441 4435 Moguut.

237 4439 438 4488 -Ibid.
458 4453 596 4487 num.
620 4441 759 4502 2Ο.Ρ
760 4437 931 4498 ,.141]
1392 4438 1534 4487 1605.

306 4502 317 4533 ¹
354 4503 574 4566 [Thuan.
594 4503 730 4553 Hist.
724 4452 961 4566 plib.]lii.
985 4516 1090 4565 cap.
1116 4502 1159 4552 7.
1185 4516 1302 4565 seq„

2529 2053 2656 2116 275
