3165 4959
974 364 1338 412 APOLOGIAM
1384 364 1748 412 RESPONSIO.
2383 351 2421 413 7
2424 351 2464 411 3

249 523 429 587 enim
462 521 799 587 Christum
833 522 1098 600 Pilatus,
1139 522 1232 584 ita
1264 523 1510 605 Regem
1541 522 1816 605 scripsit,
1872 528 1947 585 ut
1989 529 2166 602 erat3
2213 543 2333 585 nec
2376 521 2471 584 ita

232 648 367 710 pro
400 633 591 709 yente
628 632 908 689 mortuus
952 632 1067 705 est,
1100 631 1175 689 ut
1213 626 1486 710 Caiphas
1531 625 1609 704 ei,
1645 647 1771 707 pro
1809 632 1992 707 ,qente
2035 626 2415 689 moriendum
2428 636 2469 664 ¹¹¹

250 731 654 794 definiverat.
730 730 857 792 Vel
886 731 1151 792 miretur
1177 730 1317 793 haec
1348 751 1601 812 quoque
1633 729 2026 793 Cardinalis:
2065 730 2165 793 vcl
2200 730 2465 813 Regem,

254 832 585 917 Regisque
638 833 904 895 titulum
957 834 1182 895 mirari
1235 829 1505 896 desinat.
1599 827 1856 895 Titulus
1897 847 1936 895 a
1979 833 2189 895 Pilato
2234 832 2465 911 datus;

253 959 404 1020 quo,
456 936 538 1000 ab
584 957 663 1001 eo
710 936 900 1000 datus
954 957 1169 1014 sensu,
1219 958 1353 1000 non
1396 949 1631 999 verus:
1697 957 1817 999 nec
1864 953 1940 999 eo
1985 936 2199 999 minus
2245 943 2467 1000 tamen

253 1063 292 1103 a
336 1041 604 1104 Christo
651 1046 1034 1123 usurpatus:
1093 1060 1215 1103 nec
1267 1061 1343 1103 eo
1402 1040 1618 1102 minus
1676 1039 1917 1102 relatus
1977 1039 2047 1102 in
2094 1031 2463 1123 Evangelia.

253 1146 473 1208 Verus
495 1143 692 1222 enim,
725 1143 931 1207 verior
950 1144 1163 1226 longe,
1198 1164 1388 1207 sensu
1420 1143 1684 1221 Christi,
1717 1164 1907 1225 quarn
1939 1144 2131 1206 Pilati
2158 1170 2171 1207 ε
2207 1141 2468 1227 Caiphae

257 1269 513 1330 quoque
542 1245 882 1329 prophetia
910 1247 1135 1310 verior.

348 1350 692 1416 Quadrant
736 1349 875 1413 haec
915 1351 1134 1414 omnia
1161 1349 1231 1413 in
1264 1341 1530 1433 Regem.
1623 1343 1886 1433 Caiphae
1916 1349 2140 1413 similis
2171 1344 2468 1415 Pontifex

259 1455 508 1537 Regem
540 1452 796 1535 Angliae
826 1443 1004 1516 Fidei
1042 1451 1446 1534 Defensorem
1475 1453 1658 1517 dixit.
1753 1448 1901 1519 Quo
1943 1466 2135 1516 sensu
2179 1452 2360 1531 dixit,
2401 1453 2471 1517 id

257 1577 483 1620 verum
512 1577 648 1619 non
676 1555 837 1619 fuit:
887 1555 1019 1634 sed,
1066 1577 1203 1619 cum
1234 1551 1536 1637 Pontifex·
1581 1557 1821 1619 scilicet
1865 1561 2023 1618 esset
2067 1557 2216 1618 anni
2254 1556 2468 1619 illiusfl

269 1662 412 1742 (nec
444 1659 622 1723 enim
654 1660 745 1722 sic
768 1658 893 1722 fuit
917 1662 1283 1742 sequente0)
1308 1661 1731 1742 prophetavit,
1755 1662 1999 1743 Regem
2019 1655 2272 1741 Angliae
2291 1650 2469 1722 Fide-i

258 1762 662 1845 Defensorem
699 1763 868 1844 fore.
961 1764 1030 1826 Is
1078 1753 1295 1827 autem
1342 1764 1477 1847 ipse
1531 1766 1688 1842 Rex,
1737 1764 1845 1846 qui
1892 1763 2155 1827 titulum
2205 1764 2466 1846 accepit,

259 1866 736 1951 superstitionis
781 1873 847 1930 et
899 1866 1265 1950 tyrannidis
1312 1867 1629 1950 depulsor,
1677 1875 1870 1931 exuto
1917 1866 2248 1945 Pontifice,
2281 1879 2468 1929 verus

255 1992 427 2035 verae
454 1971 637 2033 Fidei
667 1969 976 2050 Defensor
1004 1970 1222 2033 statim
1253 1991 1392 2033 esse
1421 1971 1637 2053 coepit.
1690 1970 1864 2035 Quid
1897 1971 2171 2053 quaeris?
2216 1961 2470 2033 Titulus

256 2075 383 2138 sibi
430 2080 722 2137 constat:
773 2080 973 2137 cesset
1020 2069 1376 2136 admiratio,
1469 2068 1606 2138 Leo
1648 2075 1728 2137 X.
1765 2069 2041 2157 Caiphas
2093 2075 2307 2138 fuerit.
2401 2075 2469 2137 Is

256 2178 535 2242 titulum
594 2177 883 2256 dederit,
962 2172 1207 2259 Septem
1268 2180 1677 2241 Sacramenta
1736 2177 1807 2241 in
1865 2179 2082 2242 animo
2132 2177 2465 2241 habuerit}

241 2284 448 2365 fidem
478 2282 657 2344 illam
699 2281 872 2344 haud
905 2281 1095 2344 aliam
1127 2283 1397 2345 senserit
1427 2308 1439 2344 :
1492 2284 1650 2345 Sera
1681 2281 1872 2345 nimis
1906 2280 2073 2363 fides
2108 2283 2220 2345 illa
2253 2276 2470 2346 sae'culi

258 2385 615 2463 undecimi,
669 2392 743 2449 ut
788 2406 939 2448 vera
986 2385 1105 2448 sit:
1161 2403 1311 2448 vera
1363 2385 1506 2463 alia,
1555 2385 1769 2470 prisca
1819 2385 2046 2469 magiS.
2140 2386 2280 2449 Rex
2331 2386 2467 2469 jam

258 2496 509 2566 noster,
542 2489 664 2553 etsi
708 2487 888 2552 Fidei
933 2490 1091 2572 ejus»,
1148 2511 1339 2573 quam
1382 2490 1582 2553 voluit
1631 2490 1784 2567 LeO,
1841 2489 2099 2572 (quippe
2131 2511 2272 2572 quae
2302 2484 2473 2572 fides

261 2614 402 2656 non
432 2596 600 2673 vera)
656 2592 963 2673 Defensor
1013 2606 1147 2655 non
1188 2591 1310 2655 sit:
1358 2592 1508 2675 quia
1540 2592 1700 2674 fidei
1746 2601 1965 2655 tamen
2008 2613 2197 2671 verae,
2227 2592 2471 2655 veriore

262 2717 480 2774 sensu,
529 2693 838 2776 Defensor
884 2702 1015 2759 est.-
1064 2696 1308 2774 eodem,
1359 2696 1490 2759 imo
1538 2695 1802 2758 meliore
1851 2694 1973 2757 sibi
2011 2695 2160 2777 jure
2204 2694 2471 2757 titulum

265 2798 639 2861 vindicabit.
732 2798 1006 2862 Meliore
1049 2799 1216 2882 jure,
1274 2799 1315 2861 J
1320 2799 1556 2862 acobus
1591 2819 1811 2860 verum
1853 2797 2011 2880 jam,
2060 2816 2250 2879 quam
2288 2798 2470 2860 Hen-

266 2901 441 2965 ricus
472 2901 659 2965 initio
688 2900 940 2964 falsum.
1010 2898 1195 2965 Nihil
1225 2903 1331 2966 hic
1360 2901 1646 2964 mirabile
1675 2902 1741 2962 in
1765 2901 1958 2963 oculis
1989 2902 2275 2979 nostri-91³,
2308 2900 2471 2964 nihil

270 3027 528 3068 novum.
620 3005 961 3084 Miramur,
1008 3007 1231 3067 mirari
1278 3005 1693 3068 Cardinalem.
1783 2994 1971 3068 Nihil
2009 3005 2183 3069 enim
2226 3006 2471 3068 Christo

271 3108 413 3187 Dei,
446 3108 631 3190 Regi,
681 3108 850 3191 quod
881 3130 1009 3172 non
1039 3108 1209 3172 idem
1246 3109 1491 3171 Christo
1522 3110 1644 3190 ipsi
1675 3107 1967 3191 contigit.

339 3232 520 3285 Quaero
543 3232 797 3291 praeterea,
818 3228 915 3286 Qui
938 3229 1090 3278 titulo
1112 3230 1209 3278 isto
1232 3233 1339 3278 tam
1361 3228 1651 3287 honorifico,
1676 3229 1864 3290 Regem
1893 3229 2090 3291 Angliae
2113 3229 2473 3289 cohonestavit,

407 3310 598 3360 Christi
615 3310 863 3370 vicarius,
881 3325 946 3359 an
959 3310 1151 3360 Christi
1165 3310 1494 3360 Adversarius
1513 3310 1636 3359 suit'l
1672 3310 1725 3360 Si
1743 3310 1931 3359 Christi
1950 3312 2191 3372 Vicarius,
2207 3328 2297 3362 cur
2310 3312 2475 3362 desen-

404 3407 488 3442 sor
503 3391 805 3442 Christianae
823 3392 939 3442 fidei
957 3391 1409 3441 ChristiViearium
1426 3407 1529 3441 non
1545 3392 1709 3441 auditi
1729 3407 1830 3441 non
1847 3393 2053 3456 recipit'l
2075 3409 2178 3442 non
2195 3396 2480 3443 veneratur}

408 3512 419 3523 .
443 3512 454 3520 .
470 3512 481 3522 .
503 3474 764 3532 Quomodo
778 3475 917 3523 enim
940 3475 1040 3524 ists
1061 3473 1331 3532 cohoerent,
1354 3478 1413 3522 ut
1435 3474 1548 3536 quis
1570 3472 1855 3523 Romanum
1881 3475 2179 3524 Pontificem
2197 3475 2479 3524 Antichris-

404 3566 519 3604 tum
538 3556 843 3616 essecredat,
863 3557 914 3606 et
937 3556 1145 3605 titulum
1170 3554 1374 3604 honoris
1396 3556 1460 3604 ab
1483 3570 1541 3605 eo
1562 3554 1740 3604 datum
1762 3571 1865 3604 non
1879 3557 2173 3605 exhorreat?
2206 3555 2340 3617 Ergo
2356 3555 2480 3614 Rex,

406 3638 451 3687 si
476 3638 625 3701 sapit,
645 3634 894 3701 originem
918 3637 1068 3700 hujus
1089 3637 1231 3686 tituli
1253 3636 1388 3701 apud
1411 3648 1463 3686 se
1486 3636 1763 3699 diligenter
1777 3638 1983 3698 cogitet,
1998 3641 2050 3686 et
2065 3636 2211 3686 facile
2228 3635 2484 3698 intelliget

406 3734 526 3769 eum
550 3718 614 3768 ad
637 3733 689 3768 se
711 3719 926 3768 minime
949 3720 1216 3782 pertinere,
1239 3723 1291 3767 et
1327 3718 1460 3781 apud
1492 3718 1724 3767 homines
1745 3718 1996 3780 sapientes
2025 3719 2139 3782 plus
2160 3732 2302 3767 vanae
2325 3722 2485 3767 osten-

407 3800 620 3850 tationis
641 3800 840 3861 hsbere,
878 3815 1029 3863 quam
1060 3799 1236 3849 solidae
1271 3798 1552 3861 dignitati&
1622 3798 1770 3864 [Bell.
1796 3798 1944 3863 Apol.
1969 3814 2060 3861 pro
2086 3798 2261 3861 Resp.]
2297 3813 2382 3862 pp.
2404 3801 2483 3858 20,

408 3885 489 3931 21.
529 3881 669 3946 [Op.,
692 3887 815 3931 tom.
839 3882 927 3931 vii.
949 3880 1042 3931 eol.
1068 3882 1176 3932 716.
1204 3881 1258 3930 C.
1283 3871 1376 3944 D.]

369 4000 502 4064 Hic
552 3998 727 4062 idem
779 4014 1022 4062 cuneus
1087 3997 1359 4060 dissilire
1414 3997 1472 4061 ei
1526 3996 1720 4061 faciet
1769 4004 1835 4059 et
1885 3996 2132 4059 nodum
2186 3995 2483 4060 alterum.

283 4104 406 4176 Qui
446 4102 622 4165 enim
663 4101 857 4165 titulo
902 4100 1013 4164 illo
1046 4093 1242 4184 Regis
1281 4107 1411 4163 tam
1455 4102 1790 4183 honorifico
1822 4100 2158 4164 Christum
2198 4101 2484 4163 cohones-

280 4208 462 4284 tavit,
488 4204 716 4283 ,fidelis
747 4211 905 4283 erat,
948 4226 1031 4267 an
1069 4203 1398 4267 infidelis?
1494 4205 1786 4284 Caiphas,
1825 4204 2184 4266 Christusne
2213 4203 2355 4280 Dei,
2403 4226 2487 4266 an

284 4310 523 4372 Christi
558 4309 958 4371 adversarius
981 4307 1014 4370 ‚2
1105 4308 1177 4371 Si
1213 4308 1495 4371 Christus
1525 4306 1668 4385 Dei,
1712 4327 1824 4369 eur
1862 4328 1997 4369 eum
2028 4306 2326 4371 Christus
2369 4328 2490 4369 non

345 4472 378 4494 ³¹
407 4461 579 4526 [Joan.
604 4461 673 4511 xi.
701 4463 776 4511 50.
1437 4459 1548 4508 Oct.
1606 4474 1701 4508 Λα).
1751 4462 1894 4520 1521,
1940 4465 1992 4510 et
2036 4461 2167 4511 obiit
2212 4461 2323 4512 Kal.
2372 4461 2490 4513 Dee.

346 4536 369 4559 ¹¹
425 4527 572 4576 Joan.
598 4527 666 4575 xi.
692 4527 771 4575 49.
1435 4526 1557 4575 anni
1579 4524 1848 4590 ejusdem]

346 4601 369 4625 ⁸
430 4592 531 4642 Leo
556 4590 621 4641 X.
649 4591 852 4641 Bullam
883 4589 1024 4639 dedit
1055 4590 1183 4654 prid.
1212 4590 1346 4640 Non.
1503 4599 1524 4630 Ρ
1559 4589 1662 4655 [Pe.
1691 4592 1840 4640 cxvii.
1870 4590 2064 4654 (Vulg.)
2091 4590 2191 4655 23]
