<?xml version="1.0" encoding="UTF-8"?>
<!DOCTYPE html PUBLIC "-//W3C//DTD XHTML 1.0 Transitional//EN"
    "http://www.w3.org/TR/xhtml1/DTD/xhtml1-transitional.dtd">
<html xmlns="http://www.w3.org/1999/xhtml" xml:lang="en" lang="en">
 <head>
  <title>
</title>
<meta http-equiv="Content-Type" content="text/html;charset=utf-8" />
  <meta name='ocr-system' content='tesseract 3.04.00' />
  <meta name='ocr-capabilities' content='ocr_page ocr_carea ocr_par ocr_line ocrx_word'/>
</head>
<body>
  <div class='ocr_page' id='page_1' title='image "./responsioadapol01andrgoog_0135.png"; bbox 0 0 3165 4959; ppageno 0'>
   <div class='ocr_carea' id='block_1_1' title="bbox 1006 375 2499 438">
    <p class='ocr_par' dir='ltr' id='par_1_1' title="bbox 1006 375 2499 438">
     <span class='ocr_line' id='line_1_1' title="bbox 1006 375 2499 438; baseline -0.001 0"><span class='ocrx_word' id='word_1_1' title='bbox 1006 389 1369 438; x_wconf 67' lang='lat' dir='ltr'><strong>stomoma</strong></span> <span class='ocrx_word' id='word_1_2' title='bbox 1413 388 1775 437; x_wconf 70' lang='lat' dir='ltr'><strong>nnsroNsm.</strong></span> <span class='ocrx_word' id='word_1_3' title='bbox 2413 375 2499 437; x_wconf 88' lang='lat'><strong>99</strong></span> 
     </span>
    </p>
   </div>
   <div class='ocr_carea' id='block_1_2' title="bbox 275 545 2502 3124">
    <p class='ocr_par' dir='ltr' id='par_1_2' title="bbox 275 545 2501 2186">
     <span class='ocr_line' id='line_1_2' title="bbox 292 545 2501 632; baseline 0 -24"><span class='ocrx_word' id='word_1_4' title='bbox 292 546 490 610; x_wconf 90' lang='lat' dir='ltr'><strong>ullam</strong></span> <span class='ocrx_word' id='word_1_5' title='bbox 542 548 745 626; x_wconf 70' lang='lat' dir='ltr'><strong>habet,</strong></span> <span class='ocrx_word' id='word_1_6' title='bbox 787 569 981 631; x_wconf 90' lang='lat' dir='ltr'><strong>quam</strong></span> <span class='ocrx_word' id='word_1_7' title='bbox 1026 549 1199 612; x_wconf 87' lang='lat' dir='ltr'><strong>ultro</strong></span> <span class='ocrx_word' id='word_1_8' title='bbox 1237 549 1377 632; x_wconf 83' lang='lat' dir='ltr'><strong>jam</strong></span> <span class='ocrx_word' id='word_1_9' title='bbox 1422 545 1759 626; x_wconf 83' lang='lat' dir='ltr'><strong>abdicavit,</strong></span> <span class='ocrx_word' id='word_1_10' title='bbox 1792 567 1941 609; x_wconf 91' lang='lat' dir='ltr'><strong>cum</strong></span> <span class='ocrx_word' id='word_1_11' title='bbox 1986 546 2287 630; x_wconf 82' lang='lat' dir='ltr'><strong>deinceps</strong></span> <span class='ocrx_word' id='word_1_12' title='bbox 2334 549 2501 610; x_wconf 75' lang='lat' dir='ltr'><strong>sicut</strong></span> 
     </span>
     <span class='ocr_line' id='line_1_3' title="bbox 290 650 2497 735; baseline 0.002 -24"><span class='ocrx_word' id='word_1_13' title='bbox 290 650 632 714; x_wconf 75' lang='lat' dir='ltr'><strong>Ethnicum</strong></span> <span class='ocrx_word' id='word_1_14' title='bbox 672 674 711 715; x_wconf 85' lang='lat' dir='ltr'><strong>a</strong></span> <span class='ocrx_word' id='word_1_15' title='bbox 750 659 1068 735; x_wconf 78' lang='lat' dir='ltr'><strong>potestate</strong></span> <span class='ocrx_word' id='word_1_16' title='bbox 1113 674 1229 715; x_wconf 88' lang='lat' dir='ltr'><strong>sua</strong></span> <span class='ocrx_word' id='word_1_17' title='bbox 1273 651 1616 735; x_wconf 81' lang='lat' dir='ltr'><strong>ablegavit.</strong></span> <span class='ocrx_word' id='word_1_18' title='bbox 1709 650 1983 715; x_wconf 83' lang='lat' dir='ltr'><strong>Perinde</strong></span> <span class='ocrx_word' id='word_1_19' title='bbox 2015 652 2188 714; x_wconf 89' lang='lat' dir='ltr'><strong>enim</strong></span> <span class='ocrx_word' id='word_1_20' title='bbox 2219 658 2374 731; x_wconf 86' lang='lat' dir='ltr'><strong>erat,</strong></span> <span class='ocrx_word' id='word_1_21' title='bbox 2424 672 2497 715; x_wconf 88' lang='lat' dir='ltr'><strong>ac</strong></span> 
     </span>
     <span class='ocr_line' id='line_1_4' title="bbox 288 754 2494 838; baseline 0.001 -21"><span class='ocrx_word' id='word_1_22' title='bbox 288 755 341 818; x_wconf 90' lang='lat' dir='ltr'><strong>si</strong></span> <span class='ocrx_word' id='word_1_23' title='bbox 395 754 685 834; x_wconf 68' lang='lat' dir='ltr'><strong>diceret,</strong></span> <span class='ocrx_word' id='word_1_24' title='bbox 717 756 968 819; x_wconf 76' lang='lat' dir='ltr'><strong>Incidat</strong></span> <span class='ocrx_word' id='word_1_25' title='bbox 1026 757 1094 819; x_wconf 80' lang='lat' dir='ltr'><strong>in</strong></span> <span class='ocrx_word' id='word_1_26' title='bbox 1152 757 1345 838; x_wconf 82' lang='lat' dir='ltr'><strong>lupos,</strong></span> <span class='ocrx_word' id='word_1_27' title='bbox 1407 757 1514 837; x_wconf 78' lang='lat' dir='ltr'><strong>qai</strong></span> <span class='ocrx_word' id='word_1_28' title='bbox 1571 776 1696 818; x_wconf 80' lang='lat' dir='ltr'><strong>non</strong></span> <span class='ocrx_word' id='word_1_29' title='bbox 1751 756 1882 818; x_wconf 83' lang='lat' dir='ltr'><strong>vult</strong></span> <span class='ocrx_word' id='word_1_30' title='bbox 1926 756 2063 837; x_wconf 71' lang='lat' dir='ltr'><strong>reyi</strong></span> <span class='ocrx_word' id='word_1_31' title='bbox 2114 776 2155 817; x_wconf 89' lang='lat' dir='ltr'><strong>a</strong></span> <span class='ocrx_word' id='word_1_32' title='bbox 2207 756 2494 820; x_wconf 76' lang='lat' dir='ltr'><strong>Pastore.</strong></span> 
     </span>
     <span class='ocr_line' id='line_1_5' title="bbox 288 859 2494 943; baseline 0.001 -22"><span class='ocrx_word' id='word_1_33' title='bbox 288 859 526 922; x_wconf 77' lang='lat' dir='ltr'><strong>Punite</strong></span> <span class='ocrx_word' id='word_1_34' title='bbox 580 868 797 923; x_wconf 88' lang='lat' dir='ltr'><strong>autem</strong></span> <span class='ocrx_word' id='word_1_35' title='bbox 846 880 953 924; x_wconf 92' lang='lat' dir='ltr'><strong>eos</strong></span> <span class='ocrx_word' id='word_1_36' title='bbox 1005 860 1210 939; x_wconf 86' lang='lat' dir='ltr'><strong>aliter,</strong></span> <span class='ocrx_word' id='word_1_37' title='bbox 1272 881 1464 943; x_wconf 89' lang='lat' dir='ltr'><strong>quam</strong></span> <span class='ocrx_word' id='word_1_38' title='bbox 1521 860 1817 937; x_wconf 76' lang='lat' dir='ltr'><strong>Censura,</strong></span> <span class='ocrx_word' id='word_1_39' title='bbox 1878 880 2012 923; x_wconf 92' lang='lat' dir='ltr'><strong>non</strong></span> <span class='ocrx_word' id='word_1_40' title='bbox 2062 865 2317 942; x_wconf 84' lang='lat' dir='ltr'><strong>potest:</strong></span> <span class='ocrx_word' id='word_1_41' title='bbox 2373 881 2494 924; x_wconf 88' lang='lat' dir='ltr'><strong>nec</strong></span> 
     </span>
     <span class='ocr_line' id='line_1_6' title="bbox 287 964 2493 1049; baseline 0.002 -24"><span class='ocrx_word' id='word_1_42' title='bbox 287 970 488 1027; x_wconf 87' lang='lat' dir='ltr'><strong>restat</strong></span> <span class='ocrx_word' id='word_1_43' title='bbox 518 964 577 1028; x_wconf 89' lang='lat' dir='ltr'><strong>ei</strong></span> <span class='ocrx_word' id='word_1_44' title='bbox 620 973 766 1049; x_wconf 90' lang='lat' dir='ltr'><strong>post</strong></span> <span class='ocrx_word' id='word_1_45' title='bbox 813 987 1135 1028; x_wconf 72' lang='lat' dir='ltr'><strong>censuram</strong></span> <span class='ocrx_word' id='word_1_46' title='bbox 1177 987 1389 1049; x_wconf 87' lang='lat' dir='ltr'><strong>poena,</strong></span> <span class='ocrx_word' id='word_1_47' title='bbox 1440 987 1633 1048; x_wconf 86' lang='lat' dir='ltr'><strong>quam</strong></span> <span class='ocrx_word' id='word_1_48' title='bbox 1680 965 1933 1048; x_wconf 87' lang='lat' dir='ltr'><strong>infligat</strong></span> <span class='ocrx_word' id='word_1_49' title='bbox 1975 965 2268 1029; x_wconf 87' lang='lat' dir='ltr'><strong>ulterius.</strong></span> <span class='ocrx_word' id='word_1_50' title='bbox 2363 966 2493 1029; x_wconf 86' lang='lat' dir='ltr'><strong>Sed</strong></span> 
     </span>
     <span class='ocr_line' id='line_1_7' title="bbox 291 1068 2492 1153; baseline 0.002 -25"><span class='ocrx_word' id='word_1_51' title='bbox 291 1087 503 1149; x_wconf 88' lang='lat' dir='ltr'><strong>neque</strong></span> <span class='ocrx_word' id='word_1_52' title='bbox 534 1076 607 1131; x_wconf 90' lang='lat' dir='ltr'><strong>ut</strong></span> <span class='ocrx_word' id='word_1_53' title='bbox 647 1068 871 1133; x_wconf 86' lang='lat' dir='ltr'><strong>redeat</strong></span> <span class='ocrx_word' id='word_1_54' title='bbox 900 1069 1283 1153; x_wconf 86' lang='lat' dir='ltr'><strong>compellere</strong></span> <span class='ocrx_word' id='word_1_55' title='bbox 1317 1075 1548 1153; x_wconf 87' lang='lat' dir='ltr'><strong>potest,</strong></span> <span class='ocrx_word' id='word_1_56' title='bbox 1594 1069 1740 1151; x_wconf 92' lang='lat' dir='ltr'><strong>(nisi</strong></span> <span class='ocrx_word' id='word_1_57' title='bbox 1781 1089 2059 1147; x_wconf 75' lang='lat' dir='ltr'><strong>censura,</strong></span> <span class='ocrx_word' id='word_1_58' title='bbox 2094 1089 2236 1151; x_wconf 83' lang='lat' dir='ltr'><strong>quae</strong></span> <span class='ocrx_word' id='word_1_59' title='bbox 2271 1069 2492 1133; x_wconf 88' lang='lat' dir='ltr'><strong>Eccle-</strong></span> 
     </span>
     <span class='ocr_line' id='line_1_8' title="bbox 293 1171 2491 1256; baseline 0.001 -22"><span class='ocrx_word' id='word_1_60' title='bbox 293 1171 404 1234; x_wconf 84' lang='lat' dir='ltr'><strong>siae</strong></span> <span class='ocrx_word' id='word_1_61' title='bbox 442 1175 562 1254; x_wconf 90' lang='lat' dir='ltr'><strong>est)</strong></span> <span class='ocrx_word' id='word_1_62' title='bbox 609 1174 720 1256; x_wconf 90' lang='lat' dir='ltr'><strong>qui</strong></span> <span class='ocrx_word' id='word_1_63' title='bbox 766 1173 994 1236; x_wconf 79' lang='lat' dir='ltr'><strong>Pastor</strong></span> <span class='ocrx_word' id='word_1_64' title='bbox 1039 1173 1344 1237; x_wconf 78' lang='lat' dir='ltr'><strong>Ecclesiae</strong></span> <span class='ocrx_word' id='word_1_65' title='bbox 1389 1179 1508 1237; x_wconf 87' lang='lat' dir='ltr'><strong>est.</strong></span> <span class='ocrx_word' id='word_1_66' title='bbox 1601 1173 1823 1236; x_wconf 91' lang='lat' dir='ltr'><strong>Potest</strong></span> <span class='ocrx_word' id='word_1_67' title='bbox 1867 1173 1976 1236; x_wconf 90' lang='lat' dir='ltr'><strong>ille</strong></span> <span class='ocrx_word' id='word_1_68' title='bbox 2022 1173 2185 1236; x_wconf 87' lang='lat' dir='ltr'><strong>alter</strong></span> <span class='ocrx_word' id='word_1_69' title='bbox 2238 1173 2491 1251; x_wconf 75' lang='lat' dir='ltr'><strong>Pastor,</strong></span> 
     </span>
     <span class='ocr_line' id='line_1_9' title="bbox 296 1274 2494 1360; baseline 0.001 -23"><span class='ocrx_word' id='word_1_70' title='bbox 296 1274 453 1353; x_wconf 80' lang='lat' dir='ltr'><strong>Rex,</strong></span> <span class='ocrx_word' id='word_1_71' title='bbox 506 1275 615 1357; x_wconf 93' lang='lat' dir='ltr'><strong>qui</strong></span> <span class='ocrx_word' id='word_1_72' title='bbox 645 1276 968 1340; x_wconf 87' lang='lat' dir='ltr'><strong>Vicariam</strong></span> <span class='ocrx_word' id='word_1_73' title='bbox 1014 1297 1181 1360; x_wconf 83' lang='lat' dir='ltr'><strong>saepe</strong></span> <span class='ocrx_word' id='word_1_74' title='bbox 1225 1297 1484 1360; x_wconf 87' lang='lat' dir='ltr'><strong>operam</strong></span> <span class='ocrx_word' id='word_1_75' title='bbox 1527 1275 1635 1339; x_wconf 89' lang='lat' dir='ltr'><strong>hic</strong></span> <span class='ocrx_word' id='word_1_76' title='bbox 1679 1282 1962 1359; x_wconf 84' lang='lat' dir='ltr'><strong>praestat,</strong></span> <span class='ocrx_word' id='word_1_77' title='bbox 1995 1282 2060 1339; x_wconf 89' lang='lat' dir='ltr'><strong>et</strong></span> <span class='ocrx_word' id='word_1_78' title='bbox 2104 1297 2298 1358; x_wconf 85' lang='lat' dir='ltr'><strong>poena</strong></span> <span class='ocrx_word' id='word_1_79' title='bbox 2326 1276 2494 1340; x_wconf 87' lang='lat' dir='ltr'><strong>civili</strong></span> 
     </span>
     <span class='ocr_line' id='line_1_10' title="bbox 290 1377 2494 1463; baseline 0.001 -23"><span class='ocrx_word' id='word_1_80' title='bbox 290 1377 509 1460; x_wconf 77' lang='lat' dir='ltr'><strong>adigit..</strong></span> <span class='ocrx_word' id='word_1_81' title='bbox 601 1381 892 1444; x_wconf 81' lang='lat' dir='ltr'><strong>Ecclesia</strong></span> <span class='ocrx_word' id='word_1_82' title='bbox 948 1401 1097 1444; x_wconf 84' lang='lat' dir='ltr'><strong>vero</strong></span> <span class='ocrx_word' id='word_1_83' title='bbox 1157 1380 1234 1443; x_wconf 89' lang='lat' dir='ltr'><strong>ad</strong></span> <span class='ocrx_word' id='word_1_84' title='bbox 1299 1400 1621 1443; x_wconf 72' lang='lat' dir='ltr'><strong>censuram</strong></span> <span class='ocrx_word' id='word_1_85' title='bbox 1679 1400 2030 1463; x_wconf 86' lang='lat' dir='ltr'><strong>progressa,</strong></span> <span class='ocrx_word' id='word_1_86' title='bbox 2089 1379 2264 1442; x_wconf 87' lang='lat' dir='ltr'><strong>ultra</strong></span> <span class='ocrx_word' id='word_1_87' title='bbox 2322 1379 2494 1463; x_wconf 91' lang='lat' dir='ltr'><strong>quod</strong></span> 
     </span>
     <span class='ocr_line' id='line_1_11' title="bbox 292 1482 2494 1567; baseline 0 -22"><span class='ocrx_word' id='word_1_88' title='bbox 292 1482 504 1560; x_wconf 85' lang='lat' dir='ltr'><strong>faciat,</strong></span> <span class='ocrx_word' id='word_1_89' title='bbox 535 1505 670 1546; x_wconf 92' lang='lat' dir='ltr'><strong>non</strong></span> <span class='ocrx_word' id='word_1_90' title='bbox 699 1484 916 1548; x_wconf 90' lang='lat' dir='ltr'><strong>habet.</strong></span> <span class='ocrx_word' id='word_1_91' title='bbox 994 1484 1319 1548; x_wconf 87' lang='lat' dir='ltr'><strong>Redeunti</strong></span> <span class='ocrx_word' id='word_1_92' title='bbox 1347 1490 1569 1547; x_wconf 90' lang='lat' dir='ltr'><strong>tamen</strong></span> <span class='ocrx_word' id='word_1_93' title='bbox 1590 1483 1952 1547; x_wconf 89' lang='lat' dir='ltr'><strong>condonare</strong></span> <span class='ocrx_word' id='word_1_94' title='bbox 1982 1488 2218 1566; x_wconf 90' lang='lat' dir='ltr'><strong>potest,</strong></span> <span class='ocrx_word' id='word_1_95' title='bbox 2252 1488 2318 1546; x_wconf 89' lang='lat' dir='ltr'><strong>et</strong></span> <span class='ocrx_word' id='word_1_96' title='bbox 2347 1506 2494 1567; x_wconf 85' lang='lat' dir='ltr'><strong>sup-</strong></span> 
     </span>
     <span class='ocr_line' id='line_1_12' title="bbox 292 1584 2496 1673; baseline 0.001 -25"><span class='ocrx_word' id='word_1_97' title='bbox 292 1584 462 1668; x_wconf 89' lang='lat' dir='ltr'><strong>plici.</strong></span> <span class='ocrx_word' id='word_1_98' title='bbox 551 1587 933 1651; x_wconf 73' lang='lat' dir='ltr'><strong>Auditum-m</strong></span> <span class='ocrx_word' id='word_1_99' title='bbox 977 1589 1151 1651; x_wconf 88' lang='lat' dir='ltr'><strong>enim</strong></span> <span class='ocrx_word' id='word_1_100' title='bbox 1197 1609 1265 1652; x_wconf 90' lang='lat' dir='ltr'><strong>se</strong></span> <span class='ocrx_word' id='word_1_101' title='bbox 1308 1594 1452 1673; x_wconf 91' lang='lat' dir='ltr'><strong>post</strong></span> <span class='ocrx_word' id='word_1_102' title='bbox 1499 1587 1772 1671; x_wconf 88' lang='lat' dir='ltr'><strong>spondet</strong></span> <span class='ocrx_word' id='word_1_103' title='bbox 1813 1587 2182 1665; x_wconf 73' lang='lat' dir='ltr'><strong>Ecclesiam,</strong></span> <span class='ocrx_word' id='word_1_104' title='bbox 2226 1586 2397 1651; x_wconf 81' lang='lat' dir='ltr'><strong>ultro</strong></span> <span class='ocrx_word' id='word_1_105' title='bbox 2429 1608 2496 1650; x_wconf 89' lang='lat' dir='ltr'><strong>se</strong></span> 
     </span>
     <span class='ocr_line' id='line_1_13' title="bbox 293 1689 2494 1776; baseline 0 -24"><span class='ocrx_word' id='word_1_106' title='bbox 293 1689 372 1752; x_wconf 92' lang='lat' dir='ltr'><strong>de</strong></span> <span class='ocrx_word' id='word_1_107' title='bbox 400 1711 568 1754; x_wconf 86' lang='lat' dir='ltr'><strong>novo</strong></span> <span class='ocrx_word' id='word_1_108' title='bbox 597 1691 875 1776; x_wconf 90' lang='lat' dir='ltr'><strong>subjicit.</strong></span> <span class='ocrx_word' id='word_1_109' title='bbox 966 1692 1255 1755; x_wconf 82' lang='lat' dir='ltr'><strong>Ecclesia</strong></span> <span class='ocrx_word' id='word_1_110' title='bbox 1290 1700 1507 1755; x_wconf 89' lang='lat' dir='ltr'><strong>autem</strong></span> <span class='ocrx_word' id='word_1_111' title='bbox 1548 1692 1778 1753; x_wconf 80' lang='lat' dir='ltr'><strong>nemini</strong></span> <span class='ocrx_word' id='word_1_112' title='bbox 1815 1691 2122 1772; x_wconf 72' lang='lat' dir='ltr'><strong>yrmnium</strong></span> <span class='ocrx_word' id='word_1_113' title='bbox 2166 1691 2401 1752; x_wconf 84' lang='lat' dir='ltr'><strong>claudit</strong></span> <span class='ocrx_word' id='word_1_114' title='bbox 2420 1689 2446 1729; x_wconf 77' lang='lat'><strong>&#39;³</strong></span> <span class='ocrx_word' id='word_1_115' title='bbox 2476 1718 2494 1752; x_wconf 88' lang='lat'><strong>.-</strong></span> 
     </span>
     <span class='ocr_line' id='line_1_14' title="bbox 290 1793 2495 1879; baseline 0 -24"><span class='ocrx_word' id='word_1_116' title='bbox 290 1794 636 1873; x_wconf 89' lang='lat' dir='ltr'><strong>neminem,</strong></span> <span class='ocrx_word' id='word_1_117' title='bbox 687 1796 796 1878; x_wconf 87' lang='lat' dir='ltr'><strong>qui</strong></span> <span class='ocrx_word' id='word_1_118' title='bbox 848 1796 926 1859; x_wconf 91' lang='lat' dir='ltr'><strong>de</strong></span> <span class='ocrx_word' id='word_1_119' title='bbox 972 1796 1246 1858; x_wconf 77' lang='lat' dir='ltr'><strong>Etlmico</strong></span> <span class='ocrx_word' id='word_1_120' title='bbox 1303 1795 1634 1879; x_wconf 84' lang='lat' dir='ltr'><strong>baptizari,</strong></span> <span class='ocrx_word' id='word_1_121' title='bbox 1687 1795 1797 1877; x_wconf 82' lang='lat' dir='ltr'><strong>qui</strong></span> <span class='ocrx_word' id='word_1_122' title='bbox 1856 1793 1938 1857; x_wconf 91' lang='lat' dir='ltr'><strong>de</strong></span> <span class='ocrx_word' id='word_1_123' title='bbox 1998 1795 2161 1856; x_wconf 76' lang='lat' dir='ltr'><strong>sicut</strong></span> <span class='ocrx_word' id='word_1_124' title='bbox 2220 1793 2495 1857; x_wconf 77' lang='lat' dir='ltr'><strong>Etlmico</strong></span> 
     </span>
     <span class='ocr_line' id='line_1_15' title="bbox 293 1896 2493 1983; baseline 0 -24"><span class='ocrx_word' id='word_1_125' title='bbox 293 1896 535 1960; x_wconf 84' lang='lat' dir='ltr'><strong>absolvi</strong></span> <span class='ocrx_word' id='word_1_126' title='bbox 593 1900 753 1977; x_wconf 88' lang='lat' dir='ltr'><strong>vult,</strong></span> <span class='ocrx_word' id='word_1_127' title='bbox 812 1899 1021 1983; x_wconf 85' lang='lat' dir='ltr'><strong>rejicit</strong></span> <span class='ocrx_word' id='word_1_128' title='bbox 1080 1921 1402 1982; x_wconf 84' lang='lat' dir='ltr'><strong>unquam3</strong></span> <span class='ocrx_word' id='word_1_129' title='bbox 1473 1920 1682 1981; x_wconf 91' lang='lat' dir='ltr'><strong>neque</strong></span> <span class='ocrx_word' id='word_1_130' title='bbox 1733 1918 1882 1961; x_wconf 89' lang='lat' dir='ltr'><strong>vero</strong></span> <span class='ocrx_word' id='word_1_131' title='bbox 1938 1904 2154 1980; x_wconf 88' lang='lat' dir='ltr'><strong>potest</strong></span> <span class='ocrx_word' id='word_1_132' title='bbox 2212 1898 2493 1981; x_wconf 83' lang='lat' dir='ltr'><strong>rejicere,</strong></span> 
     </span>
     <span class='ocr_line' id='line_1_16' title="bbox 294 2002 2495 2084; baseline -0 -20"><span class='ocrx_word' id='word_1_133' title='bbox 294 2002 617 2084; x_wconf 89' lang='lat' dir='ltr'><strong>Sponsum</strong></span> <span class='ocrx_word' id='word_1_134' title='bbox 678 2024 865 2065; x_wconf 89' lang='lat' dir='ltr'><strong>suum</strong></span> <span class='ocrx_word' id='word_1_135' title='bbox 923 2003 1194 2066; x_wconf 82' lang='lat' dir='ltr'><strong>imitata.</strong></span> <span class='ocrx_word' id='word_1_136' title='bbox 1292 2004 1412 2076; x_wconf 77' lang='lat' dir='ltr'><strong>Qui</strong></span> <span class='ocrx_word' id='word_1_137' title='bbox 1464 2003 1553 2064; x_wconf 82' lang='lat' dir='ltr'><strong>ad</strong></span> <span class='ocrx_word' id='word_1_138' title='bbox 1609 2003 1721 2065; x_wconf 88' lang='lat' dir='ltr'><strong>Me</strong></span> <span class='ocrx_word' id='word_1_139' title='bbox 1766 2003 2020 2080; x_wconf 81' lang='lat' dir='ltr'><strong>venerit,</strong></span> <span class='ocrx_word' id='word_1_140' title='bbox 2082 2021 2205 2064; x_wconf 78' lang='lat' dir='ltr'><strong>non</strong></span> <span class='ocrx_word' id='word_1_141' title='bbox 2250 2002 2495 2083; x_wconf 81' lang='lat' dir='ltr'><strong>ejiciam</strong></span> 
     </span>
     <span class='ocr_line' id='line_1_17' title="bbox 275 2104 521 2186; baseline 0.004 -19"><span class='ocrx_word' id='word_1_142' title='bbox 275 2104 521 2186; x_wconf 72' lang='lat' dir='ltr'><strong>fora-9⁶.</strong></span> 
     </span>
    </p>

    <p class='ocr_par' dir='ltr' id='par_1_3' title="bbox 288 2208 2502 3124">
     <span class='ocr_line' id='line_1_18' title="bbox 380 2208 2496 2293; baseline -0.002 -19"><span class='ocrx_word' id='word_1_143' title='bbox 380 2209 792 2292; x_wconf 81' lang='lat' dir='ltr'><strong>Quanquam,</strong></span> <span class='ocrx_word' id='word_1_144' title='bbox 815 2211 967 2293; x_wconf 86' lang='lat' dir='ltr'><strong>quid</strong></span> <span class='ocrx_word' id='word_1_145' title='bbox 992 2210 1289 2275; x_wconf 88' lang='lat' dir='ltr'><strong>Christus</strong></span> <span class='ocrx_word' id='word_1_146' title='bbox 1320 2210 1440 2275; x_wconf 91' lang='lat' dir='ltr'><strong>sibi</strong></span> <span class='ocrx_word' id='word_1_147' title='bbox 1462 2209 1634 2289; x_wconf 87' lang='lat' dir='ltr'><strong>velit,</strong></span> <span class='ocrx_word' id='word_1_148' title='bbox 1667 2230 1814 2273; x_wconf 85' lang='lat' dir='ltr'><strong>omn</strong></span> <span class='ocrx_word' id='word_1_149' title='bbox 1847 2208 2025 2287; x_wconf 78' lang='lat' dir='ltr'><strong>dixit,</strong></span> <span class='ocrx_word' id='word_1_150' title='bbox 2060 2209 2161 2271; x_wconf 76' lang='lat' dir='ltr'><strong>Sit</strong></span> <span class='ocrx_word' id='word_1_151' title='bbox 2191 2208 2305 2270; x_wconf 81' lang='lat' dir='ltr'><strong>tibi</strong></span> <span class='ocrx_word' id='word_1_152' title='bbox 2333 2209 2496 2270; x_wconf 71' lang='lat' dir='ltr'><strong>sicut</strong></span> 
     </span>
     <span class='ocr_line' id='line_1_19' title="bbox 292 2312 2496 2399; baseline -0.001 -26"><span class='ocrx_word' id='word_1_153' title='bbox 292 2313 620 2390; x_wconf 76' lang='lat' dir='ltr'><strong>Etlmicus,</strong></span> <span class='ocrx_word' id='word_1_154' title='bbox 663 2313 903 2377; x_wconf 80' lang='lat' dir='ltr'><strong>Paulus</strong></span> <span class='ocrx_word' id='word_1_155' title='bbox 939 2314 1256 2398; x_wconf 83' lang='lat' dir='ltr'><strong>interpres</strong></span> <span class='ocrx_word' id='word_1_156' title='bbox 1300 2315 1599 2399; x_wconf 85' lang='lat' dir='ltr'><strong>optimus,</strong></span> <span class='ocrx_word' id='word_1_157' title='bbox 1639 2312 1728 2395; x_wconf 91' lang='lat' dir='ltr'><strong>(id</strong></span> <span class='ocrx_word' id='word_1_158' title='bbox 1758 2314 1881 2395; x_wconf 87' lang='lat' dir='ltr'><strong>est)</strong></span> <span class='ocrx_word' id='word_1_159' title='bbox 1933 2313 2095 2374; x_wconf 77' lang='lat' dir='ltr'><strong>nihil</strong></span> <span class='ocrx_word' id='word_1_160' title='bbox 2137 2312 2250 2375; x_wconf 83' lang='lat' dir='ltr'><strong>tibi</strong></span> <span class='ocrx_word' id='word_1_161' title='bbox 2294 2318 2356 2375; x_wconf 87' lang='lat' dir='ltr'><strong>et</strong></span> <span class='ocrx_word' id='word_1_162' title='bbox 2399 2312 2496 2373; x_wconf 82' lang='lat' dir='ltr'><strong>illi</strong></span> 
     </span>
     <span class='ocr_line' id='line_1_20' title="bbox 288 2414 2496 2500; baseline 0 -24"><span class='ocrx_word' id='word_1_163' title='bbox 288 2416 393 2494; x_wconf 78' lang='lat' dir='ltr'><strong>sit,</strong></span> <span class='ocrx_word' id='word_1_164' title='bbox 430 2416 813 2479; x_wconf 89' lang='lat' dir='ltr'><strong>nominatim</strong></span> <span class='ocrx_word' id='word_1_165' title='bbox 844 2424 1061 2482; x_wconf 88' lang='lat' dir='ltr'><strong>autem</strong></span> <span class='ocrx_word' id='word_1_166' title='bbox 1090 2418 1402 2500; x_wconf 80' lang='lat' dir='ltr'><strong>judiciale</strong></span> <span class='ocrx_word' id='word_1_167' title='bbox 1431 2418 1610 2495; x_wconf 78' lang='lat' dir='ltr'><strong>nihil,</strong></span> <span class='ocrx_word' id='word_1_168' title='bbox 1645 2416 1807 2481; x_wconf 91' lang='lat' dir='ltr'><strong>nihil</strong></span> <span class='ocrx_word' id='word_1_169' title='bbox 1836 2414 2047 2498; x_wconf 85' lang='lat' dir='ltr'><strong>quoad</strong></span> <span class='ocrx_word' id='word_1_170' title='bbox 2078 2421 2284 2478; x_wconf 80' lang='lat' dir='ltr'><strong>actum</strong></span> <span class='ocrx_word' id='word_1_171' title='bbox 2312 2415 2496 2478; x_wconf 84' lang='lat' dir='ltr'><strong>Jadi-</strong></span> 
     </span>
     <span class='ocr_line' id='line_1_21' title="bbox 290 2517 2500 2604; baseline -0 -23"><span class='ocrx_word' id='word_1_172' title='bbox 290 2520 501 2582; x_wconf 80' lang='lat' dir='ltr'><strong>candi.</strong></span> <span class='ocrx_word' id='word_1_173' title='bbox 600 2521 767 2593; x_wconf 78' lang='lat' dir='ltr'><strong>Quid</strong></span> <span class='ocrx_word' id='word_1_174' title='bbox 791 2523 951 2584; x_wconf 81' lang='lat' dir='ltr'><strong>enim</strong></span> <span class='ocrx_word' id='word_1_175' title='bbox 990 2524 1162 2600; x_wconf 74' lang='lat' dir='ltr'><strong>mihi,</strong></span> <span class='ocrx_word' id='word_1_176' title='bbox 1210 2523 1318 2600; x_wconf 86' lang='lat' dir='ltr'><strong>ait,</strong></span> <span class='ocrx_word' id='word_1_177' title='bbox 1351 2523 1426 2585; x_wconf 88' lang='lat' dir='ltr'><strong>de</strong></span> <span class='ocrx_word' id='word_1_178' title='bbox 1463 2524 1545 2585; x_wconf 73' lang='lat' dir='ltr'><strong>iis</strong></span> <span class='ocrx_word' id='word_1_179' title='bbox 1575 2542 1707 2604; x_wconf 80' lang='lat' dir='ltr'><strong>qaae</strong></span> <span class='ocrx_word' id='word_1_180' title='bbox 1733 2519 1907 2601; x_wconf 73' lang='lat' dir='ltr'><strong>foris</strong></span> <span class='ocrx_word' id='word_1_181' title='bbox 1934 2526 2079 2582; x_wconf 75' lang='lat' dir='ltr'><strong>sunt</strong></span> <span class='ocrx_word' id='word_1_182' title='bbox 2104 2517 2500 2602; x_wconf 61' lang='lat' dir='ltr'><strong>judic-ared?</strong></span> 
     </span>
     <span class='ocr_line' id='line_1_22' title="bbox 288 2623 2497 2708; baseline 0 -24"><span class='ocrx_word' id='word_1_183' title='bbox 288 2623 530 2686; x_wconf 80' lang='lat' dir='ltr'><strong>Eorum</strong></span> <span class='ocrx_word' id='word_1_184' title='bbox 551 2625 656 2705; x_wconf 74' lang='lat' dir='ltr'><strong>qui</strong></span> <span class='ocrx_word' id='word_1_185' title='bbox 685 2626 870 2704; x_wconf 76' lang='lat' dir='ltr'><strong>intus,</strong></span> <span class='ocrx_word' id='word_1_186' title='bbox 891 2646 1083 2707; x_wconf 80' lang='lat' dir='ltr'><strong>penes</strong></span> <span class='ocrx_word' id='word_1_187' title='bbox 1106 2646 1216 2688; x_wconf 81' lang='lat' dir='ltr'><strong>nos</strong></span> <span class='ocrx_word' id='word_1_188' title='bbox 1237 2654 1255 2687; x_wconf 92' lang='lat'><strong>.·</strong></span> <span class='ocrx_word' id='word_1_189' title='bbox 1290 2627 1395 2708; x_wconf 80' lang='lat' dir='ltr'><strong>qui</strong></span> <span class='ocrx_word' id='word_1_190' title='bbox 1410 2625 1603 2707; x_wconf 78' lang='lat' dir='ltr'><strong>foris,</strong></span> <span class='ocrx_word' id='word_1_191' title='bbox 1625 2644 1816 2705; x_wconf 78' lang='lat' dir='ltr'><strong>penes</strong></span> <span class='ocrx_word' id='word_1_192' title='bbox 1836 2624 2034 2686; x_wconf 85' lang='lat' dir='ltr'><strong>Deum</strong></span> <span class='ocrx_word' id='word_1_193' title='bbox 2048 2623 2363 2703; x_wconf 80' lang='lat' dir='ltr'><strong>judiciam</strong></span> <span class='ocrx_word' id='word_1_194' title='bbox 2384 2628 2497 2684; x_wconf 80' lang='lat' dir='ltr'><strong>est.</strong></span> 
     </span>
     <span class='ocr_line' id='line_1_23' title="bbox 291 2724 2496 2812; baseline -0.002 -23"><span class='ocrx_word' id='word_1_195' title='bbox 291 2726 599 2790; x_wconf 90' lang='lat' dir='ltr'><strong>Potuitne</strong></span> <span class='ocrx_word' id='word_1_196' title='bbox 638 2728 843 2810; x_wconf 85' lang='lat' dir='ltr'><strong>magis</strong></span> <span class='ocrx_word' id='word_1_197' title='bbox 884 2730 1150 2810; x_wconf 85' lang='lat' dir='ltr'><strong>aperte?</strong></span> <span class='ocrx_word' id='word_1_198' title='bbox 1241 2729 1343 2792; x_wconf 92' lang='lat' dir='ltr'><strong>De</strong></span> <span class='ocrx_word' id='word_1_199' title='bbox 1390 2749 1461 2792; x_wconf 90' lang='lat' dir='ltr'><strong>re</strong></span> <span class='ocrx_word' id='word_1_200' title='bbox 1498 2726 1840 2812; x_wconf 86' lang='lat' dir='ltr'><strong>judiciaria</strong></span> <span class='ocrx_word' id='word_1_201' title='bbox 1871 2746 2162 2807; x_wconf 79' lang='lat' dir='ltr'><strong>expresse</strong></span> <span class='ocrx_word' id='word_1_202' title='bbox 2192 2724 2496 2806; x_wconf 89' lang='lat' dir='ltr'><strong>loquitur.</strong></span> 
     </span>
     <span class='ocr_line' id='line_1_24' title="bbox 288 2825 2502 2914; baseline -0.001 -23"><span class='ocrx_word' id='word_1_203' title='bbox 288 2830 367 2891; x_wconf 80' lang='lat' dir='ltr'><strong>In</strong></span> <span class='ocrx_word' id='word_1_204' title='bbox 385 2829 761 2911; x_wconf 65' lang='lat' dir='ltr'><strong>paenalibus,</strong></span> <span class='ocrx_word' id='word_1_205' title='bbox 794 2831 1052 2913; x_wconf 80' lang='lat' dir='ltr'><strong>dejure,</strong></span> <span class='ocrx_word' id='word_1_206' title='bbox 1084 2832 1387 2896; x_wconf 81' lang='lat' dir='ltr'><strong>Ecclesiae</strong></span> <span class='ocrx_word' id='word_1_207' title='bbox 1416 2832 1525 2914; x_wconf 83' lang='lat' dir='ltr'><strong>jus</strong></span> <span class='ocrx_word' id='word_1_208' title='bbox 1556 2829 1830 2907; x_wconf 91' lang='lat' dir='ltr'><strong>nullum,</strong></span> <span class='ocrx_word' id='word_1_209' title='bbox 1862 2836 1938 2891; x_wconf 90' lang='lat' dir='ltr'><strong>ut</strong></span> <span class='ocrx_word' id='word_1_210' title='bbox 1968 2828 2044 2889; x_wconf 86' lang='lat' dir='ltr'><strong>de</strong></span> <span class='ocrx_word' id='word_1_211' title='bbox 2074 2829 2156 2890; x_wconf 76' lang='lat' dir='ltr'><strong>iis</strong></span> <span class='ocrx_word' id='word_1_212' title='bbox 2185 2828 2291 2908; x_wconf 82' lang='lat' dir='ltr'><strong>qui</strong></span> <span class='ocrx_word' id='word_1_213' title='bbox 2328 2825 2502 2907; x_wconf 73' lang='lat' dir='ltr'><strong>foris</strong></span> 
     </span>
     <span class='ocr_line' id='line_1_25' title="bbox 290 2929 2499 3018; baseline -0.001 -24"><span class='ocrx_word' id='word_1_214' title='bbox 290 2938 437 2995; x_wconf 73' lang='lat' dir='ltr'><strong>sunt</strong></span> <span class='ocrx_word' id='word_1_215' title='bbox 450 2933 699 3013; x_wconf 79' lang='lat' dir='ltr'><strong>judicet</strong></span> <span class='ocrx_word' id='word_1_216' title='bbox 718 2958 739 2995; x_wconf 82' lang='grc'><strong>.-</strong></span> <span class='ocrx_word' id='word_1_217' title='bbox 772 2933 937 2996; x_wconf 88' lang='lat' dir='ltr'><strong>nihil</strong></span> <span class='ocrx_word' id='word_1_218' title='bbox 966 2935 1024 2997; x_wconf 91' lang='lat' dir='ltr'><strong>ei</strong></span> <span class='ocrx_word' id='word_1_219' title='bbox 1053 2934 1217 3018; x_wconf 85' lang='lat' dir='ltr'><strong>plus,</strong></span> <span class='ocrx_word' id='word_1_220' title='bbox 1250 2956 1443 3017; x_wconf 84' lang='lat' dir='ltr'><strong>quam</strong></span> <span class='ocrx_word' id='word_1_221' title='bbox 1483 2941 1556 2997; x_wconf 85' lang='lat' dir='ltr'><strong>ut</strong></span> <span class='ocrx_word' id='word_1_222' title='bbox 1590 2930 1843 3013; x_wconf 76' lang='lat' dir='ltr'><strong>auferat</strong></span> <span class='ocrx_word' id='word_1_223' title='bbox 1873 2953 1913 2994; x_wconf 89' lang='lat' dir='ltr'><strong>a</strong></span> <span class='ocrx_word' id='word_1_224' title='bbox 1942 2951 2027 3011; x_wconf 82' lang='lat' dir='ltr'><strong>se,</strong></span> <span class='ocrx_word' id='word_1_225' title='bbox 2060 2930 2279 2993; x_wconf 83' lang='lat' dir='ltr'><strong>tradat</strong></span> <span class='ocrx_word' id='word_1_226' title='bbox 2310 2929 2499 2992; x_wconf 87' lang='lat' dir='ltr'><strong>Sata-</strong></span> 
     </span>
     <span class='ocr_line' id='line_1_26' title="bbox 292 3037 1428 3124; baseline 0.002 -26"><span class='ocrx_word' id='word_1_227' title='bbox 292 3045 444 3114; x_wconf 60' lang='lat' dir='ltr'><strong>noee,</strong></span> <span class='ocrx_word' id='word_1_228' title='bbox 477 3060 515 3099; x_wconf 85' lang='lat' dir='ltr'><strong>a</strong></span> <span class='ocrx_word' id='word_1_229' title='bbox 543 3037 827 3102; x_wconf 87' lang='lat' dir='ltr'><strong>Domino</strong></span> <span class='ocrx_word' id='word_1_230' title='bbox 856 3045 1000 3121; x_wconf 87' lang='lat' dir='ltr'><strong>post</strong></span> <span class='ocrx_word' id='word_1_231' title='bbox 1024 3038 1428 3124; x_wconf 88' lang='lat' dir='ltr'><strong>judicandos.</strong></span> 
     </span>
    </p>
   </div>
   <div class='ocr_carea' id='block_1_3' title="bbox 359 3197 2498 3347">
    <p class='ocr_par' dir='ltr' id='par_1_4' title="bbox 359 3197 2498 3347">
     <span class='ocr_line' id='line_1_27' title="bbox 359 3197 2498 3264; baseline -0.001 -16"><span class='ocrx_word' id='word_1_232' title='bbox 359 3198 631 3262; x_wconf 79' lang='lat' dir='ltr'><strong>Sequimur</strong></span> <span class='ocrx_word' id='word_1_233' title='bbox 651 3237 664 3249; x_wconf 93' lang='lat'><strong>.</strong></span> <span class='ocrx_word' id='word_1_234' title='bbox 689 3236 702 3248; x_wconf 92' lang='lat'><strong>.</strong></span> <span class='ocrx_word' id='word_1_235' title='bbox 724 3237 737 3249; x_wconf 94' lang='lat'><strong>.</strong></span> <span class='ocrx_word' id='word_1_236' title='bbox 763 3200 1046 3251; x_wconf 77' lang='lat' dir='ltr'><strong>doctrinam</strong></span> <span class='ocrx_word' id='word_1_237' title='bbox 1085 3201 1134 3250; x_wconf 80' lang='lat' dir='ltr'><strong>S.</strong></span> <span class='ocrx_word' id='word_1_238' title='bbox 1155 3201 1381 3261; x_wconf 77' lang='lat' dir='ltr'><strong>Thomas,</strong></span> <span class='ocrx_word' id='word_1_239' title='bbox 1416 3202 1503 3264; x_wconf 88' lang='lat' dir='ltr'><strong>qui</strong></span> <span class='ocrx_word' id='word_1_240' title='bbox 1537 3201 1594 3249; x_wconf 87' lang='lat' dir='ltr'><strong>in</strong></span> <span class='ocrx_word' id='word_1_241' title='bbox 1618 3201 1662 3248; x_wconf 86' lang='lat'><strong>2.</strong></span> <span class='ocrx_word' id='word_1_242' title='bbox 1689 3201 1733 3248; x_wconf 86' lang='lat'><strong>2.</strong></span> <span class='ocrx_word' id='word_1_243' title='bbox 1758 3214 1804 3262; x_wconf 88' lang='lat' dir='ltr'><strong>q.</strong></span> <span class='ocrx_word' id='word_1_244' title='bbox 1829 3201 1906 3247; x_wconf 90' lang='grc'><strong>10.</strong></span> <span class='ocrx_word' id='word_1_245' title='bbox 1930 3214 1973 3248; x_wconf 84' lang='lat' dir='ltr'><strong>a.</strong></span> <span class='ocrx_word' id='word_1_246' title='bbox 2001 3200 2076 3248; x_wconf 91' lang='grc'><strong>10.</strong></span> <span class='ocrx_word' id='word_1_247' title='bbox 2100 3197 2331 3258; x_wconf 80' lang='lat' dir='ltr'><strong>affirmat,</strong></span> <span class='ocrx_word' id='word_1_248' title='bbox 2355 3212 2498 3262; x_wconf 87' lang='lat' dir='ltr'><strong>posse</strong></span> 
     </span>
     <span class='ocr_line' id='line_1_28' title="bbox 425 3280 2495 3347; baseline -0 -19"><span class='ocrx_word' id='word_1_249' title='bbox 425 3280 653 3330; x_wconf 84' lang='lat' dir='ltr'><strong>infideles</strong></span> <span class='ocrx_word' id='word_1_250' title='bbox 698 3281 958 3346; x_wconf 82' lang='lat' dir='ltr'><strong>Principes</strong></span> <span class='ocrx_word' id='word_1_251' title='bbox 990 3298 1083 3347; x_wconf 89' lang='lat' dir='ltr'><strong>per</strong></span> <span class='ocrx_word' id='word_1_252' title='bbox 1115 3284 1419 3332; x_wconf 80' lang='lat' dir='ltr'><strong>sententiam</strong></span> <span class='ocrx_word' id='word_1_253' title='bbox 1454 3282 1691 3331; x_wconf 78' lang='lat' dir='ltr'><strong>Ecclesiae</strong></span> <span class='ocrx_word' id='word_1_254' title='bbox 1724 3281 1914 3345; x_wconf 81' lang='lat' dir='ltr'><strong>privari</strong></span> <span class='ocrx_word' id='word_1_255' title='bbox 1960 3280 2036 3345; x_wconf 91' lang='lat' dir='ltr'><strong>[in</strong></span> <span class='ocrx_word' id='word_1_256' title='bbox 2079 3281 2232 3331; x_wconf 81' lang='lat' dir='ltr'><strong>certis</strong></span> <span class='ocrx_word' id='word_1_257' title='bbox 2272 3280 2495 3343; x_wconf 83' lang='lat' dir='ltr'><strong>casibus]</strong></span> 
     </span>
    </p>
   </div>
   <div class='ocr_carea' id='block_1_4' title="bbox 422 3360 2557 3432">
    <p class='ocr_par' dir='ltr' id='par_1_5' title="bbox 422 3360 2557 3432">
     <span class='ocr_line' id='line_1_29' title="bbox 422 3360 2557 3432; baseline 0 -23"><span class='ocrx_word' id='word_1_258' title='bbox 422 3361 664 3432; x_wconf 63' lang='lat' dir='ltr'><strong>dominio,</strong></span> <span class='ocrx_word' id='word_1_259' title='bbox 686 3363 821 3425; x_wconf 90' lang='lat' dir='ltr'><strong>quod</strong></span> <span class='ocrx_word' id='word_1_260' title='bbox 843 3364 1034 3413; x_wconf 83' lang='lat' dir='ltr'><strong>habent</strong></span> <span class='ocrx_word' id='word_1_261' title='bbox 1056 3379 1206 3428; x_wconf 86' lang='lat' dir='ltr'><strong>super</strong></span> <span class='ocrx_word' id='word_1_262' title='bbox 1225 3364 1400 3413; x_wconf 85' lang='lat' dir='ltr'><strong>fideles</strong></span> <span class='ocrx_word' id='word_1_263' title='bbox 1411 3362 1657 3428; x_wconf 76' lang='lat' dir='ltr'><strong>‘.—[Bell.</strong></span> <span class='ocrx_word' id='word_1_264' title='bbox 1682 3362 1830 3427; x_wconf 86' lang='lat' dir='ltr'><strong>Apol.</strong></span> <span class='ocrx_word' id='word_1_265' title='bbox 1856 3377 1946 3426; x_wconf 89' lang='lat' dir='ltr'><strong>pro</strong></span> <span class='ocrx_word' id='word_1_266' title='bbox 1969 3360 2142 3425; x_wconf 85' lang='lat' dir='ltr'><strong>Resp.]</strong></span> <span class='ocrx_word' id='word_1_267' title='bbox 2172 3376 2221 3425; x_wconf 93' lang='lat' dir='ltr'><strong>p.</strong></span> <span class='ocrx_word' id='word_1_268' title='bbox 2247 3363 2326 3411; x_wconf 83' lang='lat'><strong>26.</strong></span> <span class='ocrx_word' id='word_1_269' title='bbox 2367 3360 2498 3426; x_wconf 89' lang='lat' dir='ltr'><strong>[Op.,</strong></span> <span class='ocrx_word' id='word_1_270' title='bbox 2549 3423 2557 3430; x_wconf 32' lang='grc'>1</span> 
     </span>
    </p>
   </div>
   <div class='ocr_carea' id='block_1_5' title="bbox 420 3444 1084 3510">
    <p class='ocr_par' dir='ltr' id='par_1_6' title="bbox 420 3444 1084 3510">
     <span class='ocr_line' id='line_1_30' title="bbox 420 3444 1084 3510; baseline 0.005 -17"><span class='ocrx_word' id='word_1_271' title='bbox 420 3449 545 3493; x_wconf 74' lang='lat' dir='ltr'><strong>tom.</strong></span> <span class='ocrx_word' id='word_1_272' title='bbox 562 3444 649 3494; x_wconf 77' lang='lat' dir='ltr'><strong>vii.</strong></span> <span class='ocrx_word' id='word_1_273' title='bbox 673 3446 766 3495; x_wconf 88' lang='lat' dir='ltr'><strong>col.</strong></span> <span class='ocrx_word' id='word_1_274' title='bbox 782 3445 899 3496; x_wconf 81' lang='lat'><strong>719.</strong></span> <span class='ocrx_word' id='word_1_275' title='bbox 920 3444 974 3496; x_wconf 88' lang='lat' dir='ltr'><strong>C.</strong></span> <span class='ocrx_word' id='word_1_276' title='bbox 999 3445 1084 3510; x_wconf 93' lang='lat' dir='ltr'><strong>D.]</strong></span> 
     </span>
    </p>
   </div>
   <div class='ocr_carea' id='block_1_6' title="bbox 2629 965 2712 1027">
    <p class='ocr_par' dir='ltr' id='par_1_7' title="bbox 2629 965 2712 1027">
     <span class='ocr_line' id='line_1_31' title="bbox 2629 965 2712 1027; baseline -0.024 0"><span class='ocrx_word' id='word_1_277' title='bbox 2629 965 2712 1027; x_wconf 87' lang='lat'><strong>&#39;77</strong></span> 
     </span>
    </p>
   </div>
   <div class='ocr_carea' id='block_1_7' title="bbox 376 3562 2808 3661">
    <p class='ocr_par' dir='ltr' id='par_1_8' title="bbox 376 3562 2808 3661">
     <span class='ocr_line' id='line_1_32' title="bbox 376 3562 2808 3661; baseline -0.001 -34"><span class='ocrx_word' id='word_1_278' title='bbox 376 3564 492 3641; x_wconf 91' lang='lat' dir='ltr'><strong>At,</strong></span> <span class='ocrx_word' id='word_1_279' title='bbox 538 3584 667 3642; x_wconf 66' lang='lat' dir='ltr'><strong>noa,</strong></span> <span class='ocrx_word' id='word_1_280' title='bbox 707 3564 961 3648; x_wconf 84' lang='lat' dir='ltr'><strong>(inquit)</strong></span> <span class='ocrx_word' id='word_1_281' title='bbox 1018 3567 1332 3647; x_wconf 81' lang='lat' dir='ltr'><strong>sequimur</strong></span> <span class='ocrx_word' id='word_1_282' title='bbox 1361 3566 1710 3628; x_wconf 82' lang='lat' dir='ltr'><strong>doctrinam</strong></span> <span class='ocrx_word' id='word_1_283' title='bbox 1748 3565 2007 3640; x_wconf 77' lang='lat' dir='ltr'><strong>Thomoe,</strong></span> <span class='ocrx_word' id='word_1_284' title='bbox 2048 3563 2154 3643; x_wconf 81' lang='lat' dir='ltr'><strong>qui</strong></span> <span class='ocrx_word' id='word_1_285' title='bbox 2196 3563 2385 3625; x_wconf 72' lang='lat' dir='ltr'><strong>certis</strong></span> <span class='ocrx_word' id='word_1_286' title='bbox 2432 3562 2497 3623; x_wconf 80' lang='lat' dir='ltr'><strong>in</strong></span> <span class='ocrx_word' id='word_1_287' title='bbox 2525 3583 2808 3661; x_wconf 78' lang='lat' dir='ltr'><strong>[Principes</strong></span> 
     </span>
    </p>
   </div>
   <div class='ocr_carea' id='block_1_8' title="bbox 290 3664 2498 3750">
    <p class='ocr_par' dir='ltr' id='par_1_9' title="bbox 290 3664 2498 3750">
     <span class='ocr_line' id='line_1_33' title="bbox 290 3664 2498 3750; baseline -0.001 -23"><span class='ocrx_word' id='word_1_288' title='bbox 290 3665 540 3728; x_wconf 68' lang='lat' dir='ltr'><strong>casibus</strong></span> <span class='ocrx_word' id='word_1_289' title='bbox 580 3667 867 3747; x_wconf 89' lang='lat' dir='ltr'><strong>(omissis,</strong></span> <span class='ocrx_word' id='word_1_290' title='bbox 909 3668 1168 3746; x_wconf 88' lang='lat' dir='ltr'><strong>scilicet,</strong></span> <span class='ocrx_word' id='word_1_291' title='bbox 1207 3691 1247 3731; x_wconf 87' lang='lat' dir='ltr'><strong>a</strong></span> <span class='ocrx_word' id='word_1_292' title='bbox 1275 3668 1520 3750; x_wconf 88' lang='lat' dir='ltr'><strong>Pau10‚)</strong></span> <span class='ocrx_word' id='word_1_293' title='bbox 1556 3666 1836 3747; x_wconf 78' lang='lat' dir='ltr'><strong>infideles</strong></span> <span class='ocrx_word' id='word_1_294' title='bbox 1866 3666 2196 3746; x_wconf 79' lang='lat' dir='ltr'><strong>Principes</strong></span> <span class='ocrx_word' id='word_1_295' title='bbox 2227 3664 2498 3747; x_wconf 82' lang='lat' dir='ltr'><strong>affirmat</strong></span> 
     </span>
    </p>
   </div>
   <div class='ocr_carea' id='block_1_9' title="bbox 2524 3648 2779 3777">
    <p class='ocr_par' dir='ltr' id='par_1_10' title="bbox 2524 3648 2779 3777">
     <span class='ocr_line' id='line_1_34' title="bbox 2524 3648 2755 3698; baseline 0.004 -1"><span class='ocrx_word' id='word_1_296' title='bbox 2524 3648 2755 3698; x_wconf 76' lang='lat' dir='ltr'><strong>infideles</strong></span> 
     </span>
     <span class='ocr_line' id='line_1_35' title="bbox 2524 3712 2779 3777; baseline 0 -15"><span class='ocrx_word' id='word_1_297' title='bbox 2524 3712 2660 3762; x_wconf 81' lang='lat' dir='ltr'><strong>haud</strong></span> <span class='ocrx_word' id='word_1_298' title='bbox 2682 3715 2779 3777; x_wconf 88' lang='lat' dir='ltr'><strong>pri-</strong></span> 
     </span>
    </p>
   </div>
   <div class='ocr_carea' id='block_1_10' title="bbox 290 3766 2791 3853">
    <p class='ocr_par' dir='ltr' id='par_1_11' title="bbox 290 3766 2791 3853">
     <span class='ocr_line' id='line_1_36' title="bbox 290 3766 2791 3853; baseline -0.002 -22"><span class='ocrx_word' id='word_1_299' title='bbox 290 3769 565 3831; x_wconf 77' lang='lat' dir='ltr'><strong>dominio</strong></span> <span class='ocrx_word' id='word_1_300' title='bbox 592 3769 846 3850; x_wconf 79' lang='lat' dir='ltr'><strong>privari</strong></span> <span class='ocrx_word' id='word_1_301' title='bbox 880 3791 1086 3851; x_wconf 76' lang='lat' dir='ltr'><strong>posse,</strong></span> <span class='ocrx_word' id='word_1_302' title='bbox 1135 3772 1319 3853; x_wconf 81' lang='lat' dir='ltr'><strong>idque</strong></span> <span class='ocrx_word' id='word_1_303' title='bbox 1351 3792 1473 3852; x_wconf 78' lang='lat' dir='ltr'><strong>per</strong></span> <span class='ocrx_word' id='word_1_304' title='bbox 1500 3770 1868 3833; x_wconf 79' lang='lat' dir='ltr'><strong>sententiam</strong></span> <span class='ocrx_word' id='word_1_305' title='bbox 1896 3766 2213 3830; x_wconf 75' lang='lat' dir='ltr'><strong>Ecclesioe.</strong></span> <span class='ocrx_word' id='word_1_306' title='bbox 2307 3766 2498 3829; x_wconf 85' lang='lat' dir='ltr'><strong>Affir-</strong></span> <span class='ocrx_word' id='word_1_307' title='bbox 2526 3776 2677 3827; x_wconf 75' lang='lat' dir='ltr'><strong>vandi</strong></span> <span class='ocrx_word' id='word_1_308' title='bbox 2701 3779 2791 3826; x_wconf 82' lang='lat' dir='ltr'><strong>im-</strong></span> 
     </span>
    </p>
   </div>
   <div class='ocr_carea' id='block_1_11' title="bbox 289 3869 2500 3957">
    <p class='ocr_par' dir='ltr' id='par_1_12' title="bbox 289 3869 2500 3957">
     <span class='ocr_line' id='line_1_37' title="bbox 289 3869 2500 3957; baseline -0.001 -22"><span class='ocrx_word' id='word_1_309' title='bbox 289 3879 429 3935; x_wconf 89' lang='lat' dir='ltr'><strong>mat</strong></span> <span class='ocrx_word' id='word_1_310' title='bbox 460 3893 612 3956; x_wconf 86' lang='lat' dir='ltr'><strong>ergo</strong></span> <span class='ocrx_word' id='word_1_311' title='bbox 639 3894 826 3957; x_wconf 89' lang='lat' dir='ltr'><strong>posse</strong></span> <span class='ocrx_word' id='word_1_312' title='bbox 856 3874 933 3937; x_wconf 85' lang='lat' dir='ltr'><strong>de</strong></span> <span class='ocrx_word' id='word_1_313' title='bbox 970 3876 1073 3955; x_wconf 75' lang='lat' dir='ltr'><strong>iis,</strong></span> <span class='ocrx_word' id='word_1_314' title='bbox 1119 3896 1252 3956; x_wconf 82' lang='lat' dir='ltr'><strong>qaae</strong></span> <span class='ocrx_word' id='word_1_315' title='bbox 1283 3874 1459 3956; x_wconf 71' lang='lat' dir='ltr'><strong>foris</strong></span> <span class='ocrx_word' id='word_1_316' title='bbox 1503 3880 1669 3952; x_wconf 73' lang='lat' dir='ltr'><strong>sant,</strong></span> <span class='ocrx_word' id='word_1_317' title='bbox 1694 3873 2010 3955; x_wconf 76' lang='lat' dir='ltr'><strong>judicare,</strong></span> <span class='ocrx_word' id='word_1_318' title='bbox 2045 3869 2215 3953; x_wconf 91' lang='lat' dir='ltr'><strong>quod</strong></span> <span class='ocrx_word' id='word_1_319' title='bbox 2262 3870 2500 3934; x_wconf 90' lang='lat' dir='ltr'><strong>Paulus</strong></span> 
     </span>
    </p>
   </div>
   <div class='ocr_carea' id='block_1_12' title="bbox 284 4094 2501 4357">
    <p class='ocr_par' dir='ltr' id='par_1_13' title="bbox 284 4094 2501 4357">
     <span class='ocr_line' id='line_1_38' title="bbox 370 4094 2501 4161; baseline 0.001 -17"><span class='ocrx_word' id='word_1_320' title='bbox 370 4094 395 4125; x_wconf 52' lang='grc' dir='ltr'>ὓ</span> <span class='ocrx_word' id='word_1_321' title='bbox 451 4095 607 4160; x_wconf 76' lang='lat' dir='ltr'><strong>[vide</strong></span> <span class='ocrx_word' id='word_1_322' title='bbox 662 4096 906 4148; x_wconf 80' lang='lat' dir='ltr'><strong>Decretal.</strong></span> <span class='ocrx_word' id='word_1_323' title='bbox 965 4098 1112 4161; x_wconf 83' lang='lat' dir='ltr'><strong>Greg.</strong></span> <span class='ocrx_word' id='word_1_324' title='bbox 1167 4099 1256 4148; x_wconf 86' lang='lat' dir='ltr'><strong>lib.</strong></span> <span class='ocrx_word' id='word_1_325' title='bbox 1302 4114 1347 4147; x_wconf 78' lang='lat' dir='ltr'><strong>v.</strong></span> <span class='ocrx_word' id='word_1_326' title='bbox 1439 4099 1567 4148; x_wconf 82' lang='lat' dir='ltr'><strong>tiam</strong></span> <span class='ocrx_word' id='word_1_327' title='bbox 1590 4098 1669 4147; x_wconf 79' lang='lat' dir='ltr'><strong>vel</strong></span> <span class='ocrx_word' id='word_1_328' title='bbox 1707 4096 2076 4147; x_wconf 79' lang='lat' dir='ltr'><strong>ordinationem</strong></span> <span class='ocrx_word' id='word_1_329' title='bbox 2114 4097 2367 4156; x_wconf 79' lang='lat' dir='ltr'><strong>Ecclesiae,</strong></span> <span class='ocrx_word' id='word_1_330' title='bbox 2391 4112 2501 4147; x_wconf 79' lang='lat' dir='ltr'><strong>aue-</strong></span> 
     </span>
     <span class='ocr_line' id='line_1_39' title="bbox 286 4160 2499 4227; baseline 0 -17"><span class='ocrx_word' id='word_1_331' title='bbox 286 4160 390 4210; x_wconf 70' lang='lat' dir='ltr'><strong>Tit.</strong></span> <span class='ocrx_word' id='word_1_332' title='bbox 445 4163 531 4211; x_wconf 83' lang='lat' dir='ltr'><strong>vii.</strong></span> <span class='ocrx_word' id='word_1_333' title='bbox 585 4161 690 4211; x_wconf 84' lang='lat' dir='ltr'><strong>‘De</strong></span> <span class='ocrx_word' id='word_1_334' title='bbox 750 4162 1050 4213; x_wconf 68' lang='lat' dir='ltr'><strong>Haereticis!</strong></span> <span class='ocrx_word' id='word_1_335' title='bbox 1108 4179 1214 4227; x_wconf 84' lang='lat' dir='ltr'><strong>cap.</strong></span> <span class='ocrx_word' id='word_1_336' title='bbox 1265 4180 1346 4213; x_wconf 79' lang='lat' dir='ltr'><strong>xv.</strong></span> <span class='ocrx_word' id='word_1_337' title='bbox 1438 4165 1698 4213; x_wconf 75' lang='lat' dir='ltr'><strong>toritatem</strong></span> <span class='ocrx_word' id='word_1_338' title='bbox 1743 4162 1838 4212; x_wconf 81' lang='lat' dir='ltr'><strong>Dei</strong></span> <span class='ocrx_word' id='word_1_339' title='bbox 1883 4162 2131 4220; x_wconf 79' lang='lat' dir='ltr'><strong>habentis,</strong></span> <span class='ocrx_word' id='word_1_340' title='bbox 2168 4164 2270 4212; x_wconf 83' lang='lat' dir='ltr'><strong>tale</strong></span> <span class='ocrx_word' id='word_1_341' title='bbox 2295 4163 2383 4225; x_wconf 83' lang='lat' dir='ltr'><strong>jus</strong></span> <span class='ocrx_word' id='word_1_342' title='bbox 2416 4161 2499 4211; x_wconf 90' lang='lat' dir='ltr'><strong>do-</strong></span> 
     </span>
     <span class='ocr_line' id='line_1_40' title="bbox 286 4225 2498 4292; baseline 0.002 -19"><span class='ocrx_word' id='word_1_343' title='bbox 286 4225 857 4287; x_wconf 75' lang='lat' dir='ltr'><strong>‘Excommuuicamus,’</strong></span> <span class='ocrx_word' id='word_1_344' title='bbox 889 4229 945 4278; x_wconf 89' lang='lat' dir='ltr'><strong>in</strong></span> <span class='ocrx_word' id='word_1_345' title='bbox 980 4229 1138 4278; x_wconf 84' lang='lat' dir='ltr'><strong>Gloss.</strong></span> <span class='ocrx_word' id='word_1_346' title='bbox 1161 4230 1224 4279; x_wconf 82' lang='lat' dir='ltr'><strong>ad</strong></span> <span class='ocrx_word' id='word_1_347' title='bbox 1243 4244 1346 4279; x_wconf 76' lang='lat' dir='ltr'><strong>voc.</strong></span> <span class='ocrx_word' id='word_1_348' title='bbox 1435 4229 1590 4278; x_wconf 88' lang='lat' dir='ltr'><strong>minii</strong></span> <span class='ocrx_word' id='word_1_349' title='bbox 1618 4228 1697 4277; x_wconf 83' lang='lat' dir='ltr'><strong>vel</strong></span> <span class='ocrx_word' id='word_1_350' title='bbox 1729 4227 2042 4292; x_wconf 76' lang='lat' dir='ltr'><strong>praelationis</strong></span> <span class='ocrx_word' id='word_1_351' title='bbox 2068 4227 2214 4288; x_wconf 80' lang='lat' dir='ltr'><strong>tolli;</strong></span> <span class='ocrx_word' id='word_1_352' title='bbox 2251 4228 2369 4290; x_wconf 88' lang='lat' dir='ltr'><strong>quia</strong></span> <span class='ocrx_word' id='word_1_353' title='bbox 2391 4228 2498 4277; x_wconf 86' lang='lat' dir='ltr'><strong>infi-</strong></span> 
     </span>
     <span class='ocr_line' id='line_1_41' title="bbox 284 4290 2501 4357; baseline 0 -18"><span class='ocrx_word' id='word_1_354' title='bbox 284 4290 715 4354; x_wconf 72' lang='lat' dir='ltr'><strong>‘Depoehensi.&#39;—</strong></span> <span class='ocrx_word' id='word_1_355' title='bbox 727 4292 872 4357; x_wconf 86' lang='lat' dir='ltr'><strong>Corp.</strong></span> <span class='ocrx_word' id='word_1_356' title='bbox 906 4293 941 4342; x_wconf 82' lang='lat' dir='ltr'><strong>J</strong></span> <span class='ocrx_word' id='word_1_357' title='bbox 944 4309 1015 4343; x_wconf 87' lang='lat' dir='ltr'><strong>ur.</strong></span> <span class='ocrx_word' id='word_1_358' title='bbox 1056 4294 1193 4355; x_wconf 68' lang='lat' dir='ltr'><strong>Can„</strong></span> <span class='ocrx_word' id='word_1_359' title='bbox 1223 4299 1346 4343; x_wconf 82' lang='lat' dir='ltr'><strong>tom.</strong></span> <span class='ocrx_word' id='word_1_360' title='bbox 1435 4292 1572 4343; x_wconf 88' lang='lat' dir='ltr'><strong>deles</strong></span> <span class='ocrx_word' id='word_1_361' title='bbox 1590 4294 1771 4342; x_wconf 82' lang='lat' dir='ltr'><strong>merito</strong></span> <span class='ocrx_word' id='word_1_362' title='bbox 1788 4290 2226 4342; x_wconf 77' lang='lat' dir='ltr'><strong>suoeinfidelitatis</strong></span> <span class='ocrx_word' id='word_1_363' title='bbox 2244 4297 2501 4342; x_wconf 84' lang='lat' dir='ltr'><strong>merentur</strong></span> 
     </span>
    </p>
   </div>
   <div class='ocr_carea' id='block_1_13' title="bbox 286 4355 2498 4683">
    <p class='ocr_par' dir='ltr' id='par_1_14' title="bbox 286 4355 2498 4683">
     <span class='ocr_line' id='line_1_42' title="bbox 286 4355 2497 4422; baseline 0.001 -18"><span class='ocrx_word' id='word_1_364' title='bbox 286 4355 341 4404; x_wconf 84' lang='lat' dir='ltr'><strong>ii.</strong></span> <span class='ocrx_word' id='word_1_365' title='bbox 378 4357 471 4406; x_wconf 83' lang='lat' dir='ltr'><strong>col.</strong></span> <span class='ocrx_word' id='word_1_366' title='bbox 493 4356 658 4421; x_wconf 62' lang='lat'>1686]</span> <span class='ocrx_word' id='word_1_367' title='bbox 1435 4362 1739 4422; x_wconf 76' lang='lat' dir='ltr'><strong>potestatem</strong></span> <span class='ocrx_word' id='word_1_368' title='bbox 1773 4358 2004 4406; x_wconf 77' lang='lat' dir='ltr'><strong>amittere</strong></span> <span class='ocrx_word' id='word_1_369' title='bbox 2027 4371 2177 4421; x_wconf 86' lang='lat' dir='ltr'><strong>super</strong></span> <span class='ocrx_word' id='word_1_370' title='bbox 2199 4358 2388 4416; x_wconf 87' lang='lat' dir='ltr'><strong>fideles,</strong></span> <span class='ocrx_word' id='word_1_371' title='bbox 2410 4358 2497 4421; x_wconf 92' lang='lat' dir='ltr'><strong>qui</strong></span> 
     </span>
     <span class='ocr_line' id='line_1_43' title="bbox 352 4420 2497 4473; baseline 0.002 -5"><span class='ocrx_word' id='word_1_372' title='bbox 352 4427 372 4451; x_wconf 76' lang='lat'><em>‘</em></span> <span class='ocrx_word' id='word_1_373' title='bbox 405 4420 437 4468; x_wconf 87' lang='lat' dir='ltr'>J</span> <span class='ocrx_word' id='word_1_374' title='bbox 441 4436 551 4470; x_wconf 79' lang='lat' dir='ltr'><strong>oan.</strong></span> <span class='ocrx_word' id='word_1_375' title='bbox 575 4422 640 4471; x_wconf 84' lang='lat' dir='ltr'><strong>vi.</strong></span> <span class='ocrx_word' id='word_1_376' title='bbox 667 4422 745 4473; x_wconf 81' lang='lat'><strong>37.</strong></span> <span class='ocrx_word' id='word_1_377' title='bbox 1434 4423 1807 4472; x_wconf 77' lang='lat' dir='ltr'><strong>transferuntur</strong></span> <span class='ocrx_word' id='word_1_378' title='bbox 1827 4422 1881 4469; x_wconf 89' lang='lat' dir='ltr'><strong>in</strong></span> <span class='ocrx_word' id='word_1_379' title='bbox 1904 4422 2037 4471; x_wconf 86' lang='lat' dir='ltr'><strong>filios</strong></span> <span class='ocrx_word' id='word_1_380' title='bbox 2061 4422 2497 4472; x_wconf 84' lang='lat' dir='ltr'><strong>Dei.”-—S.Thom.</strong></span> 
     </span>
     <span class='ocr_line' id='line_1_44' title="bbox 351 4484 2496 4551; baseline 0.001 -16"><span class='ocrx_word' id='word_1_381' title='bbox 351 4484 374 4515; x_wconf 82' lang='lat'><strong>⁴¹</strong></span> <span class='ocrx_word' id='word_1_382' title='bbox 411 4488 435 4534; x_wconf 91' lang='lat'>1</span> <span class='ocrx_word' id='word_1_383' title='bbox 466 4486 576 4535; x_wconf 87' lang='lat' dir='ltr'><strong>Cor.</strong></span> <span class='ocrx_word' id='word_1_384' title='bbox 598 4501 645 4536; x_wconf 79' lang='lat' dir='ltr'><strong>v.</strong></span> <span class='ocrx_word' id='word_1_385' title='bbox 671 4490 749 4535; x_wconf 85' lang='lat'><strong>12.</strong></span> <span class='ocrx_word' id='word_1_386' title='bbox 1440 4489 1627 4551; x_wconf 88' lang='lat' dir='ltr'><strong>Aquin.</strong></span> <span class='ocrx_word' id='word_1_387' title='bbox 1649 4488 1786 4536; x_wconf 80' lang='lat' dir='ltr'><strong>Sum.</strong></span> <span class='ocrx_word' id='word_1_388' title='bbox 1811 4487 1980 4536; x_wconf 67' lang='lat' dir='ltr'><strong>Theoi.</strong></span> <span class='ocrx_word' id='word_1_389' title='bbox 2000 4487 2103 4536; x_wconf 82' lang='lat' dir='ltr'><strong>Sec.</strong></span> <span class='ocrx_word' id='word_1_390' title='bbox 2121 4488 2225 4538; x_wconf 85' lang='lat' dir='ltr'><strong>Sec..</strong></span> <span class='ocrx_word' id='word_1_391' title='bbox 2246 4488 2431 4546; x_wconf 79' lang='lat' dir='ltr'><strong>Quaest.</strong></span> <span class='ocrx_word' id='word_1_392' title='bbox 2449 4504 2496 4537; x_wconf 81' lang='lat' dir='ltr'><strong>x.</strong></span> 
     </span>
     <span class='ocr_line' id='line_1_45' title="bbox 351 4551 2498 4617; baseline 0 -16"><span class='ocrx_word' id='word_1_393' title='bbox 351 4558 374 4582; x_wconf 72' lang='lat'><em>⁶</em></span> <span class='ocrx_word' id='word_1_394' title='bbox 434 4554 455 4601; x_wconf 86' lang='lat'>1</span> <span class='ocrx_word' id='word_1_395' title='bbox 484 4551 597 4601; x_wconf 83' lang='lat' dir='ltr'><strong>Cor.</strong></span> <span class='ocrx_word' id='word_1_396' title='bbox 621 4567 667 4601; x_wconf 81' lang='lat' dir='ltr'><strong>v.</strong></span> <span class='ocrx_word' id='word_1_397' title='bbox 692 4551 761 4616; x_wconf 85' lang='lat'><strong>5.]</strong></span> <span class='ocrx_word' id='word_1_398' title='bbox 1443 4554 1555 4602; x_wconf 82' lang='lat' dir='ltr'><strong>Art.</strong></span> <span class='ocrx_word' id='word_1_399' title='bbox 1588 4570 1636 4601; x_wconf 84' lang='lat' dir='ltr'><strong>x.</strong></span> <span class='ocrx_word' id='word_1_400' title='bbox 1679 4553 1849 4603; x_wconf 88' lang='lat' dir='ltr'><strong>Concl.</strong></span> <span class='ocrx_word' id='word_1_401' title='bbox 1890 4553 1930 4611; x_wconf 67' lang='grc' dir='ltr'><strong>ἕ.</strong></span> <span class='ocrx_word' id='word_1_402' title='bbox 1969 4557 1981 4579; x_wconf 89' lang='lat'>‘</span> <span class='ocrx_word' id='word_1_403' title='bbox 1998 4553 2294 4617; x_wconf 83' lang='lat' dir='ltr'><strong>Respondeo</strong></span> <span class='ocrx_word' id='word_1_404' title='bbox 2335 4554 2498 4603; x_wconf 86' lang='lat' dir='ltr'><strong>diceu-</strong></span> 
     </span>
     <span class='ocr_line' id='line_1_46' title="bbox 352 4613 1618 4683; baseline 0.002 -17"><span class='ocrx_word' id='word_1_405' title='bbox 352 4613 371 4646; x_wconf 81' lang='lat'><em>&#39;</em></span> <span class='ocrx_word' id='word_1_406' title='bbox 431 4616 653 4667; x_wconf 76' lang='lat' dir='ltr'><strong>“Potest</strong></span> <span class='ocrx_word' id='word_1_407' title='bbox 688 4621 862 4668; x_wconf 75' lang='lat' dir='ltr'><strong>tamen</strong></span> <span class='ocrx_word' id='word_1_408' title='bbox 893 4617 1032 4682; x_wconf 75' lang='lat' dir='ltr'><strong>juste</strong></span> <span class='ocrx_word' id='word_1_409' title='bbox 1054 4633 1145 4683; x_wconf 83' lang='lat' dir='ltr'><strong>per</strong></span> <span class='ocrx_word' id='word_1_410' title='bbox 1163 4624 1358 4671; x_wconf 80' lang='lat' dir='ltr'><strong>senten·</strong></span> <span class='ocrx_word' id='word_1_411' title='bbox 1444 4618 1618 4683; x_wconf 88' lang='lat' dir='ltr'><strong>dum.&#39;]</strong></span> 
     </span>
    </p>
   </div>
   <div class='ocr_carea' id='block_1_14' title="bbox 1860 4705 1981 4766">
    <p class='ocr_par' dir='ltr' id='par_1_15' title="bbox 1860 4705 1981 4766">
     <span class='ocr_line' id='line_1_47' title="bbox 1860 4705 1981 4766; baseline 0.008 -1"><span class='ocrx_word' id='word_1_412' title='bbox 1860 4705 1981 4766; x_wconf 75' lang='lat'><strong>112</strong></span> 
     </span>
    </p>
   </div>
   <div class='ocr_carea' id='block_1_15' title="bbox 2526 3841 2702 3906">
    <p class='ocr_par' dir='ltr' id='par_1_16' title="bbox 2526 3841 2702 3906">
     <span class='ocr_line' id='line_1_48' title="bbox 2526 3841 2702 3906; baseline 0 -15"><span class='ocrx_word' id='word_1_413' title='bbox 2526 3841 2702 3906; x_wconf 65' lang='lat' dir='ltr'><strong>peria]</strong></span> 
     </span>
    </p>
   </div>
  </div>
 </body>
</html>
