3165 4959
975 337 1342 386 stomoma
1386 338 1749 387 nesronfflo.
2340 327 2468 391 159

244 495 572 555 honestum
624 492 964 556 abhorrere
1010 514 1050 555 a
1094 492 1232 574 fide
1288 494 1615 556 Catholica
1637 494 1671 556 ‚9
1757 493 1850 557 At
1900 492 2043 572 hoc,
2098 493 2270 576 quod
2328 503 2466 558 tam

246 596 513 658 libenter
559 596 658 678 (ut
708 595 986 679 videtur)
1033 597 1255 659 audire
1297 597 1511 675 vellet,
1546 596 1959 680 quantumvis
2005 617 2192 661 aures
2220 618 2466 680 pronas

246 698 488 762 habeat
518 706 586 762 et
603 699 937 780 pendulas,
970 721 1009 762 a
1040 700 1218 783 Rege
1247 721 1585 782 nunquam
1616 699 1954 764 auditurus
1985 706 2103 764 est.
2151 702 2244 764 At
2272 701 2465 779 forte,

248 823 293 863 a
323 803 667 884 Pontfficia
693 800 829 882 fide
873 803 1193 864 honestum
1223 803 1577 882 abhorrere,
1609 803 1967 887 praesertim
2007 803 2222 887 (quam
2251 804 2466 868 nomi-

246 905 388 986 nat)
429 906 830 982 Clementina,
857 925 1000 988 quae
1008 925 1244 985 pamm
1273 906 1569 969 honesta:
1604 903 1708 969 cui
1737 905 1963 989 religio
1986 907 2187 985 nulla,
2211 907 2316 970 cui
2344 926 2467 970 nec

249 1013 436 1088 impe
464 1013 602 1071 erat
632 1007 713 1071 ab
742 1006 1158 1070 Etknicomm
1186 1009 1422 1071 Ethica
1436 1009 1573 1090 fide
1603 1009 1956 1074 abhorrere.
2045 1010 2263 1073 Fidem
2292 1010 2467 1073 enim

253 1110 423 1192 Regi
472 1110 690 1173 datam
739 1110 1021 1192 turpiter
1066 1110 1316 1189 fefellit,
1360 1118 1552 1194 atque
1609 1111 1705 1175 ita
1752 1110 2057 1193 confreqit
2115 1111 2286 1196 apud
2343 1133 2466 1176 nos

249 1220 550 1276 tesseram
563 1211 609 1277 ¹².
684 1213 1029 1276 Honestum
1058 1234 1226 1290 vero,
1259 1236 1298 1277 a
1318 1214 1434 1277 tali
1463 1220 1530 1277 et
1560 1216 1822 1293 homine,
1855 1220 1921 1278 et
1945 1213 2081 1295 fide
2111 1216 2465 1295 abhorrere,

251 1316 362 1380 cui
389 1315 553 1378 nihil
567 1316 729 1398 fidei
757 1315 992 1394 fuerat,
1022 1316 1413 1380 tantundem
1443 1329 1664 1381 autem
1694 1326 1761 1381 et
1790 1319 2052 1382 honesti.

341 1420 587 1484 Audiat
627 1441 778 1484 vero
823 1427 889 1483 ct
926 1420 1224 1499 alterum,
1259 1420 1427 1503 quod
1462 1441 1596 1484 non
1627 1427 1763 1484 tam
1793 1422 1961 1485 forte
1998 1423 2220 1484 audire
2249 1423 2464 1505 gestit.
2494 1430 2650 1509 [haud

252 1523 611 1586 Abhorrere
641 1543 680 1585 α
696 1521 832 1603 fide
867 1523 1190 1586 Catholica
1227 1530 1406 1605 tmpe
1435 1529 1555 1602 est,
1590 1530 1769 1606 impe
1798 1524 1938 1586 Rem
1971 1526 2309 1604 existimat,
2341 1525 2469 1588 nisi
2493 1501 2796 1622 ggffiolioe]

254 1627 475 1704 addas,
521 1633 588 1690 et
645 1627 951 1704 Romana,
1005 1633 1071 1690 et
1123 1646 1199 1690 ea
1246 1627 1576 1690 additione
1629 1647 2000 1710 corrumpas
2059 1627 2466 1692 Catholicam.

254 1730 550 1792 Multum
579 1729 754 1793 enim
786 1729 1160 1793 detrimenti
1181 1730 1394 1793 Romoe
1428 1730 1603 1793 inter
1631 1750 1744 1793 vos
1771 1751 1964 1813 passa
1992 1736 2090 1793 est
2122 1730 2466 1809 Catholica,

255 1833 497 1894 multas
527 1831 723 1895 etiam
757 1832 977 1896 sordes
1009 1833 1349 1910 contraxit,
1385 1854 1424 1896 a
1452 1832 1690 1915 quibus
1735 1838 1914 1914 turpe
1952 1853 2075 1896 non
2111 1835 2199 1896 sit
2244 1833 2467 1895 abhor-

254 1957 394 1999 rere
418 1963 438 1997 .-
484 1943 560 1998 ut
589 1936 907 1999 adlcoerere
949 1936 1140 2000 liceat
1192 1937 1525 2000 Catholicae
1556 1935 1738 2018 fidei,
1782 1950 1848 2001 et
1892 1958 1930 1999 a
1971 1936 2201 2001 vestris
2244 1943 2470 2000 tamen

259 2039 639 2122 corruptelis
668 2060 898 2122 parum
929 2040 1269 2103 Catholicis
1300 2040 1654 2103 abhorrere.
1698 2041 1812 2104 Eae
1840 2061 1990 2105 vero
2019 2040 2236 2104 sordes
2262 2061 2472 2124 nuper

259 2142 495 2205 alicubi
525 2142 795 2206 detersae
826 2149 1001 2221 sunt,
1032 2149 1099 2206 et
1129 2143 1355 2222 forma,
1387 2164 1581 2226 quam
1628 2143 1709 2207 ab
1748 2142 1935 2207 initio
1966 2143 2187 2207 statim
2217 2144 2470 2222 habuit,

258 2247 316 2310 ei
347 2245 617 2310 reddita.
714 2245 891 2310 Huic
921 2267 1070 2310 vero
1115 2247 1207 2310 sic
1249 2246 1631 2326 Reformatae
1670 2246 1957 2311 adhaeret
1988 2248 2147 2326 Rex,
2179 2268 2313 2310 non
2342 2248 2471 2309 De-

240 2349 540 2431 sormatoe
568 2355 819 2413 vestrae.
905 2351 994 2413 Et
1023 2350 1372 2434 injuriosus
1415 2350 1487 2413 in
1516 2352 1767 2434 Regem
1798 2351 2121 2430 ClemenS,
2159 2351 2269 2433 qui
2300 2352 2472 2414 Eum

259 2452 341 2517 ab
371 2452 471 2516 his
509 2453 844 2517 Catholicae
880 2451 1042 2534 fidei
1072 2453 1451 2538 corruptelis
1478 2454 1712 2518 vestris
1741 2455 1955 2533 sensit,
1986 2453 2089 2518 vel
2131 2454 2473 2520 somniavit

254 2559 492 2641 potius,
524 2577 646 2620 non
676 2558 1030 2622 abhorrere.
1075 2560 1294 2642 Atque
1323 2558 1481 2637 haec,
1507 2557 1592 2621 ad
1614 2558 1881 2622 Domini
1905 2557 2113 2622 simile
2135 2558 2471 2638 Dilemma,

259 2662 536 2723 meritum
564 2660 770 2744 magis
802 2681 994 2743 quam
1026 2666 1368 2725 cornutum.

328 2822 450 2887 [Sin
483 2825 653 2871 autem
687 2821 955 2872 honestum
990 2822 1059 2871 sit
1090 2838 1121 2873 a
1153 2821 1253 2872 fide
1288 2821 1551 2872 catholica
1582 2820 1866 2880 abhorrere,
1889 2833 1993 2868 non
2014 2818 2134 2867 fecit
2156 2817 2321 2867 eidem
2346 2817 2475 2881 Regi

390 2902 647 2965 injuriam,
668 2917 784 2951 cum
806 2902 1122 2967 affirmavit,]
1160 2903 1348 2966 Regem
1366 2901 1615 2952 Jacobum
1650 2915 1754 2950 non
1780 2915 1884 2950 esse
1918 2899 2252 2960 Catholicum‚
2274 2904 2327 2949 et
2356 2900 2477 2962 quia

392 2984 684 3035 catholicus
706 2999 810 3034 non
832 2989 923 3043 est,
947 2985 1244 3035 hoeretieum
1277 2998 1398 3040 esse,
1427 2999 1544 3033 cum
1570 2983 1682 3032 haec
1708 2983 1810 3032 duo
1843 2982 2095 3032 contraria
2129 2970 2476 3045 sint—[Bell.

390 3066 540 3129 ApoL
563 3080 654 3130 pro
678 3065 846 3130 Resp]
881 3080 930 3130 p.
951 3068 1028 3117 48.
1067 3067 1201 3131 [Op.,
1223 3070 1348 3117 tom.
1372 3066 1460 3116 vii.
1484 3065 1577 3116 col.
1598 3065 1627 3117 7
1631 3067 1708 3115 31.
1730 3063 1810 3129 C.]

350 3182 603 3245 Iterum
635 3188 852 3245 autem
883 3180 1090 3244 allidit
1121 3182 1201 3244 ad
1234 3202 1515 3245 errorem
1544 3187 1851 3258 veterem,
1878 3178 2062 3262 quasi
2094 3180 2472 3257 Catholicae,

261 3292 329 3348 et
364 3285 713 3347 Hoereticus
757 3285 1078 3349 contraria
1120 3285 1271 3363 sint,
1316 3284 1395 3347 de
1441 3305 1566 3367 quo
1613 3285 1904 3363 Tortum,
1952 3284 2123 3367 quod
2157 3284 2298 3347 haec
2345 3283 2477 3347 duo

263 3387 585 3451 contraria
613 3408 748 3451 non
776 3388 928 3467 sint,
959 3387 1204 3451 monui.
1277 3388 1705 3450 Ortnodoxum
1734 3388 1946 3472 potius
1975 3387 2289 3451 Hoeretz'co
2320 3408 2472 3450 con-

260 3490 536 3554 trariari.
625 3491 783 3554 Non
831 3499 1051 3555 autem
1080 3491 1460 3554 Hoereticum
1514 3493 1616 3574 (ex
1656 3512 1890 3575 genere
1929 3490 2116 3574 ipso,)
2151 3490 2277 3552 nisi
2308 3490 2477 3552 forte

263 3594 375 3677 qui
420 3593 732 3656 Judaizat
754 3621 776 3665 ‚·
824 3601 960 3674 aut,
1014 3615 1158 3678 quae
1207 3615 1322 3678 per
1365 3594 1588 3659 orbem
1634 3594 1765 3657 late
1809 3600 2009 3676 patet,
2049 3591 2474 3669 Catholicam,

263 3697 346 3760 ad
375 3718 574 3760 unam
605 3697 885 3780 aliquam
915 3697 1088 3761 orbis
1116 3704 1367 3782 partem
1391 3703 1680 3760 revocet:
1719 3693 1892 3779 quod
1914 3694 2070 3758 olim
2089 3693 2475 3772 Donatistae,

263 3799 453 3863 hodie
490 3799 883 3864 Romanistae
928 3799 1193 3865 faciunt.
1285 3800 1565 3883 Utrique
1605 3798 1792 3883 proin
1834 3797 2235 3860 abhorrentes
2276 3817 2315 3858 a
2338 3797 2477 3878 fide

269 3903 615 3982 Catholica,
646 3910 714 3967 at
741 3902 812 3966 hi
842 3904 1065 3987 magis,
1157 3903 1266 3966 Illi
1296 3903 1469 3966 enim
1500 3902 1582 3965 ad
1614 3900 1922 3979 Africam,
1956 3907 2250 3984 quartam
2282 3899 2477 3963 Orbis

260 4014 556 4090 partem:
602 4006 693 4084 hi,
725 4005 809 4069 ad
838 4006 1092 4069 unicam
1125 4006 1336 4069 urbem
1367 4005 1436 4069 in
1467 4005 1707 4087 angulo
1737 4003 1967 4068 Italiae.

331 4169 545 4219 Nullam
568 4168 751 4219 factam
774 4183 880 4220 esse
906 4168 1034 4232 Regi
1057 4168 1318 4233 inqu
1335 4204 1348 4218 .
1366 4202 1382 4218 .
1398 4204 1412 4218 .
1432 4167 1566 4232 quod
1590 4204 1604 4218 .
1629 4205 1642 4218 .
1665 4205 1678 4218 .
1700 4167 1934 4219 Clemens
1960 4166 2199 4218 Pontifex
2221 4204 2233 4217 .
2264 4202 2277 4216 .
2301 4203 2314 4216 .
2332 4179 2475 4231 spem

393 4249 628 4300 habuerit
659 4249 843 4299 bonam
878 4250 941 4300 de
976 4249 1130 4312 Regis
1162 4250 1501 4307 conversione,
1530 4255 1585 4299 et
1617 4248 1913 4299 existimare
1934 4250 2161 4313 coeperit,
2183 4264 2247 4299 ex
2270 4263 2330 4298 eo
2363 4285 2377 4298 .
2411 4282 2425 4296 .

392 4330 527 4393 quod
542 4330 829 4381 Catholieos
852 4332 907 4381 in
922 4331 1091 4382 Scotia
1113 4331 1339 4394 quietam
1361 4346 1418 4381 ac
1440 4330 1767 4395 tranquillam
1791 4331 1950 4381 vitam
1973 4330 2153 4381 ducere
2175 4330 2462 4395 patiebatur

1034 4548 1056 4580 b
1090 4548 1302 4629 [emm.
1326 4549 1489 4613 Adag.
1515 4565 1562 4614 p.
1585 4548 1719 4613 179]
