3165 4959
629 328 821 392 xxviii
1476 342 1563 392 An
1607 343 1961 392 LECTOREM.

624 499 842 582 praelio
873 499 1069 563 semel
1105 506 1295 582 atque
1336 499 1608 562 iterum:
1659 501 1799 562 aliis
1833 502 1971 582 jam
2002 498 2307 581 relinquit
2337 499 2560 562 castris
2590 521 2826 564 exuen-

625 603 799 665 dum.
920 603 1171 667 Diffidit
1227 603 1447 681 nodoS‚
1527 604 1705 666 sinus
1764 602 2014 678 evolvit,
2095 602 2425 666 involucra
2482 603 2824 687 explicuit3

627 706 819 770 Quod
871 706 1163 770 sentibus
1214 705 1495 769 obsitum
1548 705 1778 783 fuerat,
1829 712 1895 793 et
1940 726 2103 789 pene
2147 705 2395 768 invium
2449 706 2591 784 iter,
2641 708 2825 789 quasi

620 810 833 871 valida
864 810 1109 890 bipenni
1140 816 1423 871 armatus
1452 809 1752 891 expediit,
1786 816 1851 871 et
1872 809 2011 892 jam

1506 920 1634 970 Lato
1654 934 1746 970 nos
1768 921 1934 970 limite
1957 920 2100 970 ducit
2117 928 2153 969 θ.

620 1022 841 1106 Cujus,
907 1021 1017 1104 qui
1078 1020 1428 1104 expolitum
1488 1020 1663 1083 varia
1721 1019 1990 1083 scientia
2044 1019 2403 1103 ingenium,
2459 1028 2526 1084 et
2575 1021 2657 1084 ad
2711 1022 2825 1086 ab·

619 1124 1015 1188 strusissima
1074 1144 1337 1206 quaeque
1399 1122 1765 1201 scrutanda,
1820 1122 2141 1206 judicium
2194 1122 2601 1203 acerrimum,
2658 1125 2820 1206 (nec,

616 1228 741 1291 hoc
771 1228 998 1307 solum,
1024 1248 1099 1290 ex
1129 1225 1311 1290 libris
1344 1225 1553 1304 editis,
1575 1226 1645 1288 in
1677 1225 1907 1309 quibus
1936 1226 2144 1288 vivam
2173 1227 2561 1309 praestantiae
2588 1228 2821 1310 imagi-

616 1352 767 1394 nem
818 1330 1120 1394 indefessi
1168 1330 1518 1407 intuemur,
1573 1329 1686 1392 sed
1732 1350 1810 1393 ex
1857 1349 2119 1393 accessu
2163 1328 2359 1392 etiam
2407 1329 2720 1412 propiore,
2754 1339 2821 1394 et

616 1433 1023 1499 observantia
1049 1454 1213 1516 pene
1245 1432 1644 1516 quotidiana)
1680 1431 2141 1515 intelligimus;
2189 1432 2241 1494 si
2281 1431 2349 1494 in
2385 1438 2571 1495 tanta
2600 1454 2815 1496 rerum

615 1537 1129 1601 memorabilium
1183 1536 1366 1618 copia
1416 1534 1761 1599 tacendum
1820 1533 2007 1598 nobis
2057 1542 2450 1618 putaremus,
2503 1556 2637 1597 non
2686 1544 2816 1598 tam

618 1640 1070 1704 assentationis
1099 1646 1319 1701 notam
1353 1644 1661 1715 metuere,
1690 1658 1882 1720 quam
1912 1636 2282 1700 invidentiae
2312 1637 2545 1700 mereri
2575 1638 2821 1701 videre-

618 1764 783 1806 mur.
874 1743 1095 1805 Testes
1124 1740 1306 1817 mihi,
1340 1761 1498 1822 quos
1535 1739 1808 1802 dimittit
1839 1738 2125 1822 quotidie
2156 1739 2492 1803 doctiores,

704 1846 846 1908 Nec
874 1844 1183 1927 poeniteat
1221 1864 1392 1926 erg0,
1425 1864 1503 1906 ex
1538 1842 1906 1905 adversariis
1949 1841 2122 1925 ipsis,
2157 1842 2266 1926 qui
2301 1843 2547 1927 judicio
2582 1844 2816 1923 valent,

616 1953 800 2010 tanto
828 1947 1147 2009 Monitore
1182 1945 1587 2027 resipiscere:
1634 1952 1702 2008 at
1745 1944 1972 2008 Nostri
2018 1966 2150 2009 non
2187 1944 2311 2008 alia
2340 1947 2662 2028 sequenda
2692 1947 2816 2010 sibi

617 2055 994 2132 proponant,
1047 2047 1172 2111 nisi
1233 2048 1450 2132 Hujus
1494 2047 1665 2110 tanti
1716 2047 1916 2110 Ducis
1959 2069 2175 2130 pressa
2218 2048 2506 2132 vestigia.
2597 2051 2816 2113 Etiam

619 2151 1033 2233 Principibus·
1053 2151 1224 2233 ipsis,
1256 2172 1389 2214 non
1432 2151 1647 2213 minus
1692 2150 1965 2213 salutare
1997 2150 2101 2230 sit,
2135 2172 2327 2233 quam
2369 2152 2814 2231 honorificum,

619 2255 700 2317 ad
730 2255 1012 2318 Pharum
1040 2254 1226 2332 hanc,
1260 2275 1450 2336 quam
1491 2254 1581 2335 (in
1614 2252 1982 2317 Occidentis
2023 2254 2290 2335 Insula,)
2328 2254 2399 2317 in
2439 2263 2820 2338 argumento

618 2358 909 2421 omnium
948 2357 1228 2421 maximo
1263 2356 1826 2440 mobilissimoque,
1858 2356 1930 2418 in
1964 2357 2170 2419 nostri
2205 2358 2512 2440 temporis
2545 2360 2820 2423 Contro-

618 2460 964 2523 versiamm
993 2461 1194 2544 Apice
1228 2461 1513 2538 Summo,
1546 2459 1747 2523 erexit
1776 2459 1966 2542 longe
1997 2460 2405 2544 conspicuam
2436 2462 2575 2525 Rex·
2596 2463 2820 2526 Μαίη·-

619 2583 772 2640 mus,
806 2564 1011 2644 Reyioe
1039 2563 1111 2625 in
1141 2583 1478 2627 commune
1495 2563 1835 2642 potestatis
1863 2561 2097 2624 vindex
2126 2563 2490 2642 acerrimuS,
2524 2565 2820 2629 consilio·

619 2687 764 2728 rum
794 2688 1053 2729 suorum
1083 2687 1360 2744 cursum,
1394 2665 1572 2748 quasi
1602 2664 2098 2748 navigationem,
2132 2665 2424 2748 dirigere.

706 2771 849 2833 Nec
895 2769 1344 2834 memorandus
1395 2767 1582 2832 nobis
1630 2768 1882 2850 frigide,
1933 2776 2044 2831 aut
2091 2790 2224 2832 non
2271 2768 2569 2833 omnibus
2620 2780 2819 2854 gratae

619 2873 943 2936 memoriae
971 2873 1189 2937 officiis
1220 2894 1467 2955 semper
1495 2871 1990 2954 prosequendus,
2010 2871 2118 2935 hic
2149 2871 2400 2936 animus
2422 2874 2655 2955 Reqius
2684 2882 2818 2938 tam

621 2975 946 3052 sollicitus,
990 2983 1123 3038 tam
1170 2974 1323 3056 vigil
1367 2975 1446 3037 de
1481 2976 1751 3037 Summa
1799 2974 2194 3056 Religionis:
2242 2983 2327 3053 et,
2360 2976 2429 3038 in
2475 2998 2568 3055 ea,
2617 2977 2696 3041 de
2738 2978 2820 3040 iis

618 3077 971 3159 praesertim
996 3076 1346 3159 Capitibus,
1371 3073 1603 3156 quibus
1624 3074 1798 3157 pacis
1820 3062 2091 3157 publicae
2119 3076 2340 3139 innixa
2368 3077 2789 3143 fundamenta
2798 3106 2816 3156 ς

619 3200 739 3243 nec
784 3181 1040 3243 Nostrae
1079 3177 1270 3241 modo
1315 3178 1575 3257 Insulae,
1609 3176 1718 3240 sed
1762 3177 1962 3239 totius
2000 3177 2184 3240 Orbis
2221 3179 2567 3244 Christiani
2611 3183 2818 3259 salus,
2804 3209 2817 3222 ·

621 3290 687 3345 et
735 3289 885 3344 ante
931 3301 1174 3359 omnes,
1223 3280 1610 3360 Principum.
1705 3280 1851 3343 Hoc
1909 3279 1979 3342 in
2037 3301 2270 3363 genere
2329 3304 2646 3362 curarum,
2694 3307 2822 3367 quo

620 3385 824 3499 magis
853 3384 1141 3467 dignum,
1174 3404 1300 3465 quo
1328 3382 1544 3446 minus
1573 3382 1889 3446 usitatum
1912 3383 2200 3464 Reyibus,
2222 3392 2334 3447 aut
2363 3387 2688 3465 excellere,
2709 3395 2822 3450 aut

623 3487 806 3551 anxie
835 3485 1104 3549 versari:
1155 3507 1280 3569 quo
1323 3485 1537 3548 minus
1573 3485 1771 3568 digna
1798 3485 2325 3551 Adversariorum
2356 3490 2820 3571 tergiversatiO,

621 3591 725 3654 cui
753 3591 1064 3673 Majestas
1111 3590 1312 3652 Tanta
1354 3588 1728 3668 refutandae,
1777 3589 1878 3652 vel
1916 3598 2095 3653 vacet
2143 3590 2298 3673 ipsa,
2341 3591 2444 3653 vel
2488 3592 2695 3654 vacari
2740 3592 2823 3656 ab

623 3694 762 3757 aliis
810 3693 1070 3778 jubeat:
1134 3714 1260 3776 quo
1310 3691 1525 3754 minus
1584 3691 1860 3774 denique
1919 3691 2155 3756 cedunt
2208 3699 2321 3754 aut
2373 3692 2821 3774 succumbunt,

632 3804 980 3879 (utcunque
1023 3796 1208 3860 malae
1252 3815 1458 3859 causae
1504 3795 1762 3876 conscii)
1799 3795 1956 3876 quin
1998 3816 2221 3858 omnes
2251 3796 2321 3857 in
2350 3795 2518 3858 hanc
2558 3805 2823 3860 conten-

621 3899 867 3961 tionem
902 3898 1145 3980 ingenii
1185 3905 1379 3982 atque
1416 3897 1571 3960 artis
1605 3896 1765 3960 vires
1802 3897 2173 3961 effundant:
2222 3920 2298 3961 eo
2327 3898 2535 3981 magis
2566 3900 2820 3976 Lector,

626 4000 1033 4063 Serenissimo
1080 4000 1637 4080 potentissimoque
1671 4000 1831 4082 Reyi
1881 3999 2315 4063 immortalem
2358 4001 2632 4083 gratiam
2672 4009 2824 4066 voto

624 4102 879 4185 publico
907 4100 1308 4186 profitebere.

712 4206 912 4290 Cujus
957 4204 1168 4283 unius,
1216 4211 1282 4268 et
1323 4203 1581 4286 propria
1628 4224 1818 4286 opera
1862 4210 2121 4267 tantum
2163 4207 2301 4289 jam
2345 4207 2724 4289 praestitum,
2757 4214 2824 4271 et

624 4328 771 4370 vero
814 4309 1102 4390 exemplo
1149 4315 1341 4390 atque
1394 4306 1691 4390 auspiciis
1734 4313 1871 4370 tam
1917 4307 2140 4387 multa,
2181 4310 2319 4392 jam
2366 4309 2448 4372 ad
2487 4310 2822 4374 veritatem

623 4409 825 4472 tantis
873 4409 952 4473 de
1010 4410 1202 4474 rebus
1252 4410 1720 4488 excutiendam,
1772 4409 2099 4472 ventilata.
2203 4412 2516 4476 Nostram
2565 4433 2822 4496 operam

1404 4519 1437 4556 -⁶
1474 4519 1647 4582 [Virg.
1673 4519 1785 4568 AEn.
1808 4519 1882 4568 ix.
1905 4518 2037 4583 323]
