3165 4959
662 307 748 374 86
1290 325 1376 372 An
1420 324 1802 373 cmmsus
1846 319 2245 371 Bmmm1

734 477 970 528 Vidimus
986 478 1126 529 enim
1143 482 1252 529 tots
1266 482 1525 542 spectante
1542 479 1719 539 Roma,
1738 477 1955 541 Legatos
1969 474 2203 540 Reipubl.
2217 473 2476 534 Lucensis,
2498 507 2512 522 .
2535 507 2549 521 .
2575 469 2874 531 Germanis,

795 576 853 611 ac
875 560 1081 611 demum
1096 560 1324 622 Venetae,
1341 599 1353 610 .
1373 598 1385 609 .
1407 598 1418 610 .
1436 561 1629 611 Ducem
1646 560 1809 612 Periae
1827 560 1980 623 Regis
1998 557 2281 622 Hispaniae,
2296 556 2488 605 Ducem
2503 552 2874 603 Niveruensem

798 641 954 705 Regis
988 642 1311 703 Francorum,
1345 642 1759 706 splendidissimo
1793 641 2042 692 comitatu
2076 638 2142 690 ad
2173 638 2352 688 urbem
2386 635 2641 695 advenire,
2674 632 2876 684 Summi

802 723 1066 774 Pontificis
1096 723 1249 788 pedes
1273 724 1567 786 deosculari,
1591 723 1778 774 Latina
1798 727 1852 773 et
1871 719 2184 786 pereleganti
2206 719 2431 770 oratione
2451 715 2800 774 reverentiam,
2823 717 2878 764 et

798 805 1145 856 obedientiam
1166 808 1375 862 nomine
1396 806 1555 856 totius
1576 805 1891 869 Reipublicae
1912 803 2168 862 exhibere,

345 909 541 985 [Qualis
562 923 639 958 re·
760 897 855 961 Ut
893 898 1032 981 jam
1072 905 1325 962 constet
1366 898 1446 962 de
1491 897 1810 974 secundm
1857 897 1962 959 Ita
1991 895 2113 958 sibi
2140 893 2341 976 Reges
2351 891 2575 974 jurari
2601 890 2776 968 velle,
2806 894 2878 950 ut

346 978 596 1090 {ffffinff
673 1022 788 1064 sua
819 1000 1118 1083 Pontifici
1154 1002 1502 1066 obedientia
1533 1006 1945 1078 conservetur,
1975 998 2044 1062 id
2074 1018 2242 1076 vern,
2276 997 2504 1060 docere
2550 1014 2620 1057 se
2664 998 2876 1076 putat,

347 1122 378 1156 ⁸
398 1103 605 1218 ῐθεὲξὲἢ
677 1104 756 1168 ab
778 1106 924 1169 exhi
932 1105 1066 1169 bita
1092 1127 1299 1190 nuper
1321 1106 1524 1169 Paulo
1554 1105 1807 1172 Quinto
1837 1101 2236 1167 obedientia:
2281 1100 2396 1164 ubi
2420 1103 2881 1162 commemorat

349 1185 480 1234 praes
505 1184 523 1218 ¹
592 1166 628 1231 ']
676 1209 863 1273 nobis
910 1209 1065 1292 quid
1117 1210 1318 1273 Roma
1372 1215 1504 1273 tota
1548 1213 1887 1291 spectante,
1929 1227 2137 1289 nuper
2185 1204 2435 1268 viderit.
2525 1203 2744 1285 Atque
2772 1200 2880 1264 hic

678 1312 909 1376 invitat
937 1333 1057 1376 nos
1097 1312 1180 1376 ad
1215 1312 1672 1396 spectaculum,
1703 1311 1900 1395 inque
1929 1330 2026 1388 ec,
2057 1308 2284 1390 Leyati
2311 1306 2639 1384 Lucenses,
2678 1305 2883 1368 Genu-

680 1436 874 1494 enses,
932 1417 1165 1495 Veneti,
1214 1417 1367 1479 Dua·
1410 1416 1611 1479 Fer-icc
1654 1415 1846 1497 Reyis
1891 1414 2231 1495 Hispanico,
2279 1411 2431 1474 Dua·
2473 1408 2883 1472 Nivememis

682 1521 874 1602 Reyis
902 1520 1305 1598 Francorum,
1336 1521 1603 1603 Leyati;
1652 1540 1846 1601 quam
1884 1518 2084 1580 Roma
2115 1521 2248 1580 tota
2289 1519 2625 1597 spectante,
2658 1513 2880 1576 Ponti-

666 1625 819 1705 fici-9
848 1624 1044 1706 pedes
1083 1625 1365 1688 suaviter
1404 1624 1748 1687 deosculati
1784 1623 1932 1700 sint,
1976 1641 2170 1704 quam
2214 1617 2538 1701 splendido
2583 1618 2883 1681 comitatu

667 1726 931 1808 fite-rint,
993 1728 1079 1790 Et
1146 1728 1416 1790 Latina-9
1473 1729 1787 1790 orationes
1831 1726 2266 1807 pereleyantes
2324 1722 2653 1785 habuerint
2716 1716 2885 1801 μετὰ

681 1830 936 1910 πολλῆς
964 1829 1329 1916 φαντασίας
1346 1829 1394 1893 ¹³.

769 1933 1074 1996 Vidistin'
1128 1954 1279 1998 vero
1326 1935 1465 1997 hoec
1482 1935 1512 1996 ¹?
1603 1935 1694 1996 At
1755 1933 1810 1995 si
1870 1933 2065 1996 Petro
2121 1930 2211 1994 ibi
2271 1928 2553 2006 sedente,
2604 1948 2739 1992 non
2782 1928 2885 1992 vel

688 2037 882 2099 Fevioe
926 2038 1079 2100 Dux·
1122 2037 1222 2101 vel
1264 2038 1702 2115 Nivernorum,
1749 2035 1860 2099 sed
1914 2035 2047 2118 (qui
2100 2034 2412 2098 Centurio
2456 2030 2650 2095 modo
2692 2032 2876 2114 erat,)

684 2141 1018 2204 Cornelius
1056 2142 1329 2205 Romam
1359 2142 1659 2219 venisset,
1693 2147 1886 2223 atque
1917 2139 2140 2202 eadem
2184 2138 2323 2201 haec
2353 2137 2547 2200 Petro
2585 2141 2887 2219 praestare

680 2244 1007 2321 voluisset,
1061 2244 1324 2308 vidisses
1387 2250 1518 2307 tota
1575 2249 1892 2326 spectante
1949 2242 2170 2319 Roma,
2227 2241 2496 2303 Petrum
2554 2260 2594 2302 a
2649 2238 2888 2322 pedum

681 2347 916 2426 osculo,
967 2369 1006 2410 a
1063 2346 1334 2431 pedibus
1392 2347 1834 2431 repellentem.
1947 2347 2255 2410 Caesareae
2307 2342 2566 2426 quidem
2615 2341 2686 2406 id
2735 2341 2889 2406 fecit

684 2451 1134 2517 Centurionie:
1183 2450 1375 2515 credo
1404 2451 1577 2515 idem
1608 2457 1674 2515 et
1706 2452 1931 2515 Romoe
1961 2449 2254 2514 Ducibus
2284 2447 2595 2513 facturus.

684 2613 737 2632 =
763 2602 875 2651 quae
899 2588 948 2638 S.
968 2589 1118 2640 Petro
1152 2588 1509 2652 Apostolorum
1544 2587 1769 2652 Principi
1803 2588 2007 2652 ejusque
2040 2585 2415 2638 Successoribus
2438 2584 2558 2649 juro
2590 2583 2888 2635 debetur.—

815 2669 969 2734 [Bell.
993 2670 1142 2733 Apol.
1166 2685 1257 2735 pro
1280 2669 1454 2734 Resp.]
1479 2685 1527 2734 p.
1546 2672 1625 2721 23.
1651 2669 1791 2734 [Op.,
1814 2674 1937 2720 tom.
1962 2669 2052 2719 vii.
2074 2669 2187 2718 coll.
2213 2668 2324 2721 717.
2347 2667 2410 2717 D.
2434 2668 2545 2720 718.
2576 2665 2668 2729 A.]

356 2776 537 2840 [major
772 2762 1058 2826 Omnino
1093 2783 1248 2845 ergo
1286 2762 1374 2841 id,
1406 2762 1573 2826 male
1605 2784 1644 2825 a
1676 2769 1742 2826 te
1773 2760 2073 2844 posim,
2104 2760 2275 2822 Eam
2294 2759 2669 2840 proestitisse
2698 2758 2743 2820 I
2738 2758 2885 2820 llus-

354 2841 600 2971 flssaffislffi
684 2867 990 2929 trissimos
1036 2866 1324 2949 Leyatoe,
1366 2888 1498 2949 quoe
1530 2868 1595 2930 S.
1625 2868 1817 2931 Petro
1848 2866 2287 2948 Apostolorum
2322 2864 2611 2944 Principi
2640 2863 2889 2945 effu-sque

680 2970 1131 3033 successoribus
1143 2972 1295 3051 jure
1326 2971 1596 3034 debetur.
1689 2973 1747 3036 Ο
1779 2992 1931 3053 ergo
1967 2969 2134 3054 juris
2164 2968 2262 3031 sui
2289 2968 2392 3033 vel
2434 2968 2754 3051 ignarum,
2785 2966 2889 3029 vel

681 3073 1119 3154 negligentem
1151 3074 1457 3136 Petrum!
1514 3073 1614 3137 vel
1654 3074 1889 3156 potius,
1932 3093 1971 3136 o
2004 3072 2398 3136 Saoce-§sores
2438 3071 2578 3155 ejus
2625 3069 2891 3155 cupidos

675 3175 838 3259 juris
882 3196 1017 3238 non
1057 3175 1194 3238 sui!
1288 3177 1446 3239 Non
1494 3176 1669 3239 enim
1717 3175 2169 3239 successor-ihm
2222 3173 2496 3238 debetur
2541 3174 2681 3236 haec
2716 3174 2886 3257 jure,

685 3278 809 3340 nisi
832 3279 940 3361 jus
970 3279 1092 3341 hoc
1122 3278 1315 3341 Petro
1348 3279 1761 3357 constitisset,
1793 3279 1916 3342 nisi
1954 3278 2035 3342 ab
2066 3278 2279 3361 aliquo
2319 3276 2662 3360 aliquando
2693 3277 2890 3340 Petro

686 3380 971 3464 praestita
1012 3381 1258 3445 fuisset.
1351 3382 1567 3447 Quare
1603 3404 1737 3446 non
1772 3403 1907 3445 eam
1952 3381 2161 3445 dicere
2206 3378 2484 3445 debebas
2512 3398 2645 3461 φωρ
2675 3379 2888 3458 Petro,

688 3485 800 3549 sed
829 3506 921 3563 ea,
944 3505 1075 3567 quoe
1095 3486 1309 3564 Petro,
1340 3486 1532 3570 longe
1561 3486 1913 3570 multisque
1931 3485 2222 3570 partibus
2242 3484 2572 3568 majorem.
2617 3482 2889 3561 Verum,

688 3589 966 3653 reddidit
996 3596 1139 3653 tum
1176 3589 1494 3653 rationem
1518 3590 1769 3669 Petrus,
1802 3610 1917 3652 cur
1944 3590 2238 3673 rejiceret
2269 3608 2308 3651 a
2345 3586 2616 3671 pedibus
2645 3586 2890 3651 Centu-

690 3694 955 3771 rionem,
988 3693 1156 3755 Nam
1186 3699 1245 3756 et
1275 3715 1384 3776 eyo
1415 3696 1591 3757 homo
1620 3692 1810 3757 sum‘l.
1900 3694 2064 3756 Eam
2097 3689 2595 3775 Successorejus
2623 3689 2893 3753 reddere

690 3816 825 3859 non
868 3803 1100 3879 potest,
1144 3797 1252 3879 qui
1303 3798 1644 3880 plusquam
1690 3798 1941 3875 Petrus,
1982 3795 2323 3879 plusquam
2367 3795 2563 3858 homo
2606 3800 2726 3870 est,
2772 3814 2892 3857 nec

693 3901 880 3978 Deus,
918 3920 1039 3963 nec
1085 3922 1283 3983 purus
1327 3902 1522 3978 hom,
1561 3901 1672 3964 sed
1716 3902 1882 3963 inter
1926 3905 2303 3981 utrumquee.
2395 3897 2623 3962 Laudo
2672 3905 2893 3960 tamen

760 4032 782 4066 ¹³
846 4034 958 4083 Act.
987 4032 1158 4097 Apost.
1186 4050 1302 4083 xxv.
1327 4035 1436 4099 23.]
1843 4038 1858 4062 ‘
1873 4034 2008 4098 Papa
2029 4050 2121 4084 nec
2143 4033 2281 4083 Deus
2297 4038 2388 4094 est,
2402 4048 2494 4083 nec
2516 4025 2717 4094 homol)
2737 4031 2894 4081 deleri

760 4109 779 4131 ⁸·
839 4100 953 4148 Act.
969 4102 1144 4163 Apost.
1168 4115 1217 4148 x.
1244 4099 1349 4163 26]
1833 4100 1990 4167 jussit
2025 4100 2145 4149 Pius
2168 4098 2232 4150 V.
2270 4098 2406 4162 (vide
2428 4099 2606 4148 Thom.
2631 4098 2896 4160 Maurique

761 4165 783 4195 ‘¹
822 4166 964 4229 [Act.
992 4168 1033 4212 Α
1075 4170 1167 4214 ost.
1191 4180 1240 4213 x.
1267 4165 1375 4229 26.]
1844 4167 2050 4214 Censur.
2094 4165 2150 4214 in
2202 4165 2402 4214 Glossas
2444 4163 2476 4212 J
2483 4164 2586 4212 uris
2635 4162 2893 4220 canonici,

763 4240 783 4262 θ
820 4232 871 4295 [“
887 4228 935 4278 N
940 4244 996 4278 ec
1207 4245 1274 4288 es,
1298 4243 1392 4279 noc
1421 4229 1588 4288 homo,
1612 4229 1752 4292 quasi
1841 4244 1924 4293 pp.
1944 4233 2020 4280 13.
2045 4229 2094 4278 b.
2123 4230 2200 4278 14.
2219 4244 2258 4279 a.
2289 4229 2460 4279 Colon.
2487 4228 2579 4279 157
2585 4231 2653 4289 2.)
2690 4227 2896 4278 Eavero

907 4298 1086 4344 neuter
1106 4309 1159 4343 es
1182 4295 1318 4344 inter
1340 4296 1722 4357 utrumque.”-
1843 4300 1990 4356 ureg.
2019 4294 2169 4344 xm.
2192 4300 2367 4357 postea
2393 4294 2632 4348 restituit,
2666 4294 2896 4341 cautione

699 4356 858 4409 Gloss.
891 4360 947 4408 in
971 4360 1186 4410 Prooem.
1211 4359 1275 4409 ad
1311 4360 1556 4410 clement.
1582 4360 1675 4409 col.
1704 4360 1748 4408 4.
1839 4363 2041 4408 tuntum
2064 4361 2121 4408 in
2148 4375 2309 4422 marg.
2335 4359 2525 4409 addita.
2597 4355 2730 4406 Vide
2757 4356 2894 4405 Sixti

694 4423 919 4536 wic&
974 4424 1540 4539 affirffffisszffsffizss
1553 4425 1753 4539 ‘'⁰3³1‘ssss
1841 4423 1992 4539 {23¹¹
2018 4424 2195 4539 0⁰¹a¹33
2230 4426 2433 4540 ἳῗέἱι·
2475 4422 2755 4537 ἭἯἛ
2787 4421 2895 4536 ,³23²

694 4552 845 4601 rerba
885 4551 1005 4612 (una
1040 4568 1153 4601 cum
1190 4558 1463 4604 summario
1498 4527 1553 4604 iu
1589 4570 1746 4617 marg.
1842 4504 2055 4618 Argen?
2078 4527 2248 4618 1593]
2433 4506 2474 4539 e·
2619 4525 2629 4536 ι
2752 4502 2785 4551 p
2846 4502 2895 4550 g·
