3165 4959
698 320 826 382 160
1320 336 1408 383 AD
1452 335 1835 384 cumminas
1879 334 2277 384 mmmm

821 506 937 542 eum
969 506 1002 542 a
1033 490 1133 542 fide
1157 491 1419 543 Catholicis
1450 507 1554 542 nou
1586 490 2084 556 abhorrere—[Bell.
2110 489 2261 554 Apol.
2286 503 2377 553 pro
2400 487 2573 554 Besp.]
2595 502 2643 553 p.
2661 490 2740 539 48.
2767 488 2909 554 [Op.,

819 577 942 623 tom.
960 573 1047 623 vii.
1073 573 1166 623 col.
1187 575 1297 626 731.
1314 574 1397 639 D.]

366 663 543 778 aym
574 728 614 778 t·
776 664 1074 747 Vigilans
1112 666 1453 729 somniavit
1493 667 1691 750 Papa,
1737 672 1804 729 et
1844 687 2014 747 spem
2055 666 2276 728 bonam
2320 665 2558 743 habuit,
2592 665 2668 729 de
2707 667 2910 748 Reyis

364 743 573 855 gpggmffg
600 743 645 778 ¹⁸
690 769 1096 831 conversione.
1147 770 1240 832 At
1268 768 1480 831 inanis
1511 790 1678 852 spes„
1709 789 1831 831 nec
1862 769 2039 847 bona,
2071 767 2199 831 nisi
2227 767 2395 831 ratio
2426 768 2678 831 substet
2707 768 2906 832 bona.

362 856 652 985 ffissffgff·
690 872 914 954 Ecqua
942 879 1161 936 autem
1190 872 1376 950 ratio,
1419 873 1566 954 quia
1604 872 1958 935 Catholicos
1985 873 2054 934 in
2085 872 2299 934 Scotia
2333 872 2604 953 quietam
2633 879 2695 935 et
2724 878 2908 935 tran-

589 958 601 970 ·
691 976 947 1057 quillam
985 976 1180 1037 vitam
1210 995 1446 1059 passus
1496 981 1591 1038 est
1643 975 1886 1038 ducere.
1977 975 2125 1037 Non
2181 975 2397 1053 miror,
2450 975 2509 1037 si
2555 976 2753 1037 multa
2797 976 2907 1039 hic

691 1078 986 1142 dicantur
1013 1099 1137 1141 non
1164 1099 1334 1157 vera,
1360 1079 1652 1161 quoniam
1684 1078 2045 1142 Cardinalis
2075 1079 2151 1140 de
2185 1078 2368 1140 rebus
2395 1077 2517 1140 sibi
2546 1079 2905 1161 incoynitis,

691 1186 754 1244 et
788 1182 922 1244 sine
952 1187 1207 1245 auctore
1238 1182 1512 1263 loquitur
1530 1190 1571 1244 0.
1662 1181 1792 1245 Vix
1820 1180 1892 1243 in
1926 1180 2143 1244 Scotia
2171 1180 2316 1258 fuit,
2350 1186 2417 1243 et
2447 1188 2548 1243 est
2588 1181 2798 1245 adhuc
2831 1183 2912 1244 de

689 1304 839 1346 raro
887 1285 1398 1366 contingentibus,
1450 1290 1527 1347 ut
1588 1283 1930 1368 quisquam
1979 1283 2072 1346 ibi
2128 1304 2196 1346 se
2243 1284 2576 1365 Papistam
2618 1286 2910 1367 profiteri

453 1388 579 1451 122
691 1387 946 1450 audeat.
992 1388 1137 1451 Nec
1167 1386 1250 1450 ad
1280 1387 1454 1450 diem
1480 1408 1687 1470 usque
1709 1386 1903 1465 hunc,
1935 1386 2383 1450 Recta-santium
2413 1386 2505 1449 ibi
2533 1387 2635 1449 vel
2664 1409 2907 1451 nomen

690 1489 995 1553 invaluit:
1033 1491 1177 1554 Nec
1205 1496 1306 1553 est
1327 1489 1518 1554 hodie
1552 1490 1660 1572 (sit
1683 1490 1826 1553 Deo
1846 1489 2007 1572 laus)
2040 1489 2322 1552 melioris
2345 1497 2517 1552 notae
2542 1490 2905 1574 quisquam,

694 1593 805 1678 qui
852 1593 1063 1656 Sacris
1090 1592 1202 1671 ibi,
1241 1598 1353 1656 aut
1400 1593 1521 1655 Rei
1552 1592 1786 1655 divinae
1826 1592 2143 1657 subducat
2173 1613 2263 1670 se,
2294 1593 2396 1655 vel
2442 1592 2750 1657 interesse
2791 1595 2908 1658 de-

691 1702 946 1760 trectet.
1039 1695 1233 1762 Quod
1297 1694 1463 1780 siqui
1524 1716 1816 1778 unquam
1878 1696 2167 1760 extulere
2236 1702 2450 1779 caput,
2512 1697 2592 1760 de
2651 1697 2729 1760 iis
2790 1699 2909 1781 qui

693 1800 1057 1879 Papi-smum
1086 1798 1394 1881 professi3
1439 1799 1535 1862 ita
1572 1806 1671 1862 est
1702 1798 1771 1861 in
1801 1820 1909 1863 eos
1940 1799 2477 1878 animadversum,
2509 1806 2585 1863 ut
2616 1821 2694 1864 ex
2725 1807 2907 1865 tran-

693 1903 883 1984 quillo
914 1923 1137 1965 eorum
1155 1907 1348 1980 statu,
1378 1901 1450 1964 in
1476 1922 1646 1982 spem
1677 1902 1897 1964 bonam
1920 1902 2137 1966 venire
2165 1924 2300 1966 non
2328 1910 2541 1986 posset
2575 1904 2903 1984 Pontifex,

692 2003 1087 2088 propendere
1117 2004 1332 2068 animo
1365 2006 1630 2087 Regem,
1655 2012 1731 2067 ut
1760 2003 2003 2069 faveret
2026 2006 2342 2089 Papismo.
2423 2006 2622 2086 Quin,
2656 2007 2735 2070 de
2765 2007 2905 2070 No-

696 2107 911 2170 bilium
956 2128 1251 2182 numero,
1301 2107 1411 2191 qui
1456 2107 1650 2191 primi
1695 2129 1835 2172 sese
1878 2107 2161 2172 fautores
2210 2110 2349 2193 ejus
2394 2109 2702 2193 profiteri,
2734 2110 2908 2174 laesae

693 2209 1063 2295 Majestatis
1105 2209 1198 2274 rei
1228 2209 1402 2286 facti,
1456 2211 1666 2274 solum
1713 2219 1961 2276 vertere
2002 2211 2228 2290 coacti,
2276 2211 2446 2276 aedes
2488 2234 2712 2276 eorum
2764 2215 2906 2278 solo

694 2311 1065 2396 adaequatae.
1157 2313 1315 2376 Post
1364 2334 1514 2377 vero
1560 2314 1673 2392 eis,
1726 2335 1846 2377 nec
1886 2314 1968 2377 ad
2015 2314 2278 2378 honoris
2320 2315 2610 2397 gradum,
2652 2337 2774 2380 nec
2819 2317 2905 2380 ad

693 2436 833 2479 rem
872 2416 1271 2495 familiarem,
1305 2416 1551 2481 reditus
1589 2424 1740 2482 ante
1773 2417 1982 2497 datuS,
2018 2439 2230 2502 quam,
2279 2428 2344 2483 et
2385 2419 2621 2504 scripto
2657 2442 2789 2500 suo,
2835 2430 2907 2486 et

687 2520 1061 2607 juramento
1093 2519 1264 2599 date,
1297 2527 1364 2583 et
1394 2542 1542 2584 vero
1573 2521 1771 2584 etiam
1805 2522 2222 2586 sacramento
2254 2529 2534 2606 sumpto,
2566 2524 2906 2588 abhorrere

695 2642 763 2685 se
792 2623 1013 2686 testati
1042 2629 1260 2686 essent
1290 2645 1329 2685 a
1354 2623 1490 2704 fide
1519 2624 1806 2687 Romana
1827 2631 2055 2688 vestra.
2130 2624 2284 2690 Ain’
2316 2647 2464 2689 vero
2493 2627 2686 2689 vitam
2722 2633 2904 2690 tran·

695 2727 952 2806 quillam
974 2727 1008 2788 ?
1100 2727 1264 2790 Haec
1308 2733 1405 2789 est
1445 2726 1574 2805 illa,
1625 2727 1915 2810 (seilicet)
1967 2749 2159 2811 quam
2204 2728 2530 2792 duxerunt
2559 2729 2630 2792 in
2664 2730 2901 2810 Scotia,

692 2829 826 2890 vita
858 2830 1220 2912 tranquilla,
1251 2829 1426 2893 unde
1455 2849 1597 2911 spes
1624 2836 1812 2893 tanta
1844 2830 2165 2909 Pontifici,
2201 2831 2448 2914 Regem
2477 2831 2549 2894 in
2587 2832 2903 2916 religione

694 2938 1117 2997 mutaturum.
1211 2932 1405 2998 Quod
1434 2932 1617 2996 valde
1654 2933 1855 2997 voluit
1892 2933 2209 3013 ClemenS,
2244 2933 2324 2997 de
2369 2954 2445 2997 eo
2486 2935 2610 2998 sibi
2652 2937 2906 3000 somnia

693 3032 918 3096 finxit:
964 3055 1131 3096 vana
1190 3034 1452 3117 quidem
1510 3056 1622 3118 spe
1681 3036 2033 3118 productus
2091 3043 2209 3114 est,
2263 3043 2330 3100 et
2382 3036 2714 3101 Cardinali
2760 3039 2905 3102 haee

692 3135 931 3215 injuria
961 3135 1186 3199 nulla?
1233 3136 1363 3200 imo
1395 3139 1684 3201 summa!
1773 3138 2087 3221 Injuriam
2133 3140 2308 3203 enim
2366 3139 2523 3203 facit
2575 3143 2904 3205 constanti

568 3286 575 3291 .
692 3236 848 3315 vire,
881 3237 992 3320 qui
1022 3258 1173 3301 eum
1200 3244 1389 3323 putat
1420 3240 1792 3304 arundinem
1819 3247 2000 3305 vento
2030 3243 2341 3325 agitatam
2358 3240 2405 3309 d.

758 3363 904 3422 Quod
941 3400 954 3414 .
984 3398 1001 3417 .
1034 3400 1048 3415 .
1078 3366 1285 3430 scripsit
1317 3365 1676 3428 Bcllarminus,
1700 3368 1890 3432 Regem
1924 3369 1980 3418 in
2014 3370 2184 3420 Scotia
2217 3370 2534 3431 hwitanum,
2567 3407 2580 3420 .
2617 3407 2631 3421 .
2669 3408 2681 3421 .
2712 3371 2779 3422 ad
2801 3371 2903 3422 his-

820 3447 1022 3507 toriam,
1060 3461 1163 3497 nou
1200 3447 1265 3497 ad
1303 3448 1543 3512 injuriam
1584 3449 2039 3516 pertinet—[Bell.
2078 3450 2227 3516 Apol.
2262 3465 2354 3515 pro
2384 3450 2553 3516 Resp.]
2588 3466 2636 3516 p.
2655 3453 2734 3503 48.
2765 3451 2902 3518 [Op.,

822 3532 946 3579 tom.
964 3529 1051 3579 vii.
1073 3530 1166 3579 eol.
1185 3531 1215 3583 7
1220 3531 1296 3580 31.
1316 3529 1401 3594 A.]

367 3634 505 3699 [Rex
526 3650 652 3686 nun-
778 3631 1009 3713 Reqem
1050 3630 1119 3692 in
1150 3629 1366 3692 Scotia
1398 3628 2016 3711 Puritanumsuisse,
2050 3630 2396 3711 Cardinali,
2439 3631 2530 3693 ad
2567 3632 2900 3694 historiam

364 3700 639 3815 {2⁸35st
681 3734 978 3814 pertinet.
1047 3733 1403 3797 Historiam
1422 3734 1453 3797 ⁸?
1486 3733 1726 3818 quam?
1761 3755 1798 3795 a
1829 3755 1955 3817 quo
1988 3733 2336 3818 scriptam?
2383 3734 2502 3797 Est
2531 3735 2602 3797 in
2630 3735 2899 3799 historia

364 3828 497 3892 nus]
696 3837 836 3898 Rex
863 3836 1035 3917 (cum
1056 3835 1348 3899 nondum
1379 3836 2001 3900 decimumoctavum
2031 3836 2240 3900 aetatis
2271 3858 2514 3900 annum
2546 3837 2888 3921 attigisset)

690 3938 980 4001 infensus
1026 3959 1249 4002 eorum
1295 3939 1536 4003 hostis:
1596 3945 1662 4004 et
1708 3938 1819 4023 qui
1849 3940 2199 4020 paritatem
2245 3939 2423 4003 illam
2465 3939 2725 4003 illorum
2789 3962 2897 4004 ex-

691 4042 969 4125 plodere,
1012 4042 1356 4125 antiquum
1413 4064 1564 4106 vero
1615 4042 2070 4124 Epist-operum
2115 4043 2407 4126 regimen
2452 4042 2524 4105 in
2568 4043 2893 4126 integrum

691 4165 986 4208 revocare
1014 4144 1089 4207 in
1118 4144 1334 4208 animo
1363 4145 1648 4209 haberet.
1740 4145 1885 4209 Nec
1929 4145 2122 4208 aliam
2154 4145 2385 4209 exinde
2416 4143 2581 4228 Regi
2609 4155 2898 4211 mentem

688 4248 757 4309 in
787 4248 1052 4310 historia
1080 4247 1277 4330 legas,
1368 4247 1477 4312 Ad
1503 4248 1804 4329 injuriam
1826 4268 1979 4330 ergo
2013 4249 2294 4329 pertinet
2323 4249 2484 4328 hoc3
2532 4247 2614 4312 ad
2642 4250 2897 4313 menda-

691 4350 854 4412 cium
868 4352 1189 4432 pertinet5
1236 4352 1325 4413 ad
1349 4352 1678 4415 historiam
1706 4373 1842 4415 non
1860 4352 2159 4432 pertinet.

756 4491 776 4513 ⁶
812 4483 1010 4545 [Verba
1033 4484 1267 4535 Bellarm.
1292 4485 1355 4536 de
1390 4486 1525 4549 Rege
1556 4484 1759 4538 Jacobo.
1795 4486 1931 4539 Vide
1964 4488 2008 4536 A
2050 4487 2113 4536 ol.
2152 4501 2244 4550 pro
2279 4486 2442 4552 Resp.,
2474 4487 2600 4538 Bell.
2637 4486 2749 4551 Op„
2770 4490 2895 4537 tom.

690 4545 777 4594 vii.
812 4548 903 4595 col.
928 4547 1042 4598 725.
1065 4548 1141 4610 Q]
1893 4552 1917 4583 ⁸¹
1950 4553 1969 4617 [
2031 4556 2119 4603 att.
2145 4553 2215 4602 xi.
2237 4551 2305 4614 7.]

478 2831 509 2839 ..-
