3165 4959
472 1712 603 1776 270

387 2376 485 2439 [De
500 2377 679 2426 versio-

387 2441 539 2490 nibus
562 2442 618 2490 in

388 2505 611 2554 Censura

385 2569 610 2634 notatis]

702 304 834 365 374
1316 314 1399 359 An
1445 312 1831 360 cinnmsms
1874 312 2273 360 amusium

704 477 770 533 et
822 469 1154 553 paulatim,
1217 490 1349 533 non
1409 469 1624 533 subito
1683 470 2100 533 convalescat.
2216 466 2472 533 Sensim
2536 467 2920 551 crepuscula

705 571 1067 650 subierunt,
1099 571 1426 636 obscurati
1472 593 1590 655 per
1631 572 1892 655 gradus,
1925 571 2128 635 donec
2156 578 2297 635 toto
2339 571 2607 635 tandem
2652 589 2922 652 corpore

707 675 1031 740 cilicinum
1085 696 1342 739 saccum
1401 675 1735 740 referrent.
1831 673 2089 738 Sensim
2161 672 2410 752 itidem,
2484 695 2619 737 non
2695 672 2915 750 simul,

704 779 1001 842 exierunt
1038 798 1260 841 rursus
1307 778 1388 841 de
1424 777 1821 861 crepusculo,
1853 785 1929 841 ut
1971 776 2329 840 multorum
2369 797 2563 860 opera
2604 776 2926 840 interces-

707 882 883 959 serit,
914 901 1030 964 per
1069 887 1326 963 tempus
1355 881 1660 958 multum,
1687 901 1814 963 quo
1844 879 2250 963 splendorem
2271 879 2623 962 pristinum
2649 898 2922 961 recupe-

705 1005 850 1047 rare
895 991 1178 1067 possent.
1270 983 1598 1048 Lutherus
1650 982 1708 1046 ei
1751 982 1846 1046 rei
1890 1004 2150 1066 operam
2194 983 2474 1065 aliquam
2518 1003 2706 1045 suam
2752 981 2926 1045 forte

706 1087 1115 1171 interposuit,
1147 1086 1260 1150 sed
1287 1108 1422 1151 non
1451 1092 1704 1149 tantam
1736 1091 1978 1165 tamen,
2016 1092 2091 1148 ιιι
2121 1085 2299 1149 solus
2343 1091 2558 1148 totum
2610 1084 2923 1149 effectum

710 1189 997 1268 dederit3
1044 1189 1339 1267 aliorum,
1370 1195 1436 1252 et
1476 1187 1589 1271 qui
1617 1194 1789 1266 ante,
1822 1195 1888 1251 et
1919 1188 2031 1271 qui
2057 1195 2206 1271 post
2234 1187 2440 1266 illum,
2472 1209 2592 1251 sua
2618 1187 2686 1250 in
2727 1208 2924 1270 opere

709 1292 833 1357 hoo
877 1313 1002 1355 nec
1045 1291 1273 1355 infima
1317 1291 1458 1354 laus
1509 1297 1630 1354 est.
1746 1289 1877 1354 Sed
1913 1289 2295 1368 cardinalis,
2342 1290 2454 1368 ita,
2503 1296 2579 1353 ut
2637 1288 2922 1368 videtur,

712 1394 963 1458 somnio
1015 1414 1131 1457 suo
1190 1393 1483 1456 triduano
1544 1390 1847 1477 capim-¹,
1904 1398 1982 1456 ut
2043 1390 2346 1475 quicquid
2391 1392 2461 1454 in
2512 1392 2636 1456 hoo
2683 1412 2924 1475 genere

712 1497 1151 1611 praestandum
1182 1496 1285 1576 sit,
1316 1496 1384 1559 id
1414 1496 1588 1558 bidui
1627 1517 1788 1579 opus
1817 1500 2024 1579 putet,
2056 1502 2169 1559 aut
2198 1495 2279 1558 ad
2310 1516 2637 1558 summum
2668 1495 2917 1557 tridui.-

712 1622 836 1665 nec
886 1572 1201 1678 meminit,
1250 1599 1618 1661 miraculum
1661 1597 1826 1662 illud
1872 1619 2009 1662 esse
2051 1597 2423 1676 inauditum,
2453 1606 2530 1662 ut
2573 1598 2742 1660 Litae
2772 1598 2923 1678 jam

716 1706 901 1767 alatoe
945 1704 1092 1782 sint,
1134 1704 1260 1765 Ate
1302 1723 1425 1765 non
1466 1699 1624 1774 sith
1672 1700 1882 1764 morbi
1926 1700 2213 1765 chronici
2252 1700 2405 1780 sint,
2448 1709 2516 1763 at
2559 1721 2699 1765 non
2736 1701 2921 1764 lenta

714 1806 1020 1872 remedia.

778 1937 878 1987 Sed
894 1937 1094 1987 omissis
1103 1936 1238 1999 jocis
1256 1971 1270 1984 .
1295 1971 1309 1985 .
1332 1971 1346 1985 .
1368 1950 1576 1985 censura
1591 1950 1696 1986 non
1709 1935 1868 1998 jussit
1882 1936 2111 1985 comburi
2124 1936 2480 1986 tianslationes
2500 1949 2692 1995 omnes,
2704 1940 2922 2000 excepta

842 2032 946 2077 sua,
984 2032 1099 2065 cum
1143 2016 1354 2079 recipiat
1398 2016 1782 2066 translationem
1828 2016 1989 2067 LXX.
2026 2016 2369 2081 Interpretum
2400 2021 2455 2067 et
2485 2017 2757 2081 permittat
2789 2051 2804 2066 .
2845 2053 2860 2066 .
2895 2052 2910 2067 .

846 2097 1087 2160 Syriacas,
1111 2096 1420 2156 chaldaicas,
1443 2096 1654 2146 Latinas
1692 2100 1848 2147 etiam
1874 2099 2211 2148 recentiorum
2246 2113 2353 2147 non
2381 2113 2577 2161 paucas.
2644 2097 2748 2148 Sed
2783 2113 2918 2147 com-

846 2177 961 2225 buri
1001 2176 1160 2240 jussit
1199 2177 1558 2227 translationes
1589 2177 1964 2240 haereticorum,
1988 2214 2002 2227 .
2040 2215 2052 2227 .
2089 2178 2302 2228 Lutheri
2340 2182 2393 2227 et
2428 2178 2924 2244 similium—{Bou

845 2258 997 2322 Apol.
1018 2273 1111 2322 pro
1133 2256 1311 2322 Rosa]
1337 2272 1385 2321 p.
1408 2258 1518 2307 149.
1541 2258 1681 2323 [Op.,
1703 2263 1825 2309 tom.
1846 2260 1934 2308 vii.
1959 2259 2052 2309 col.
2071 2260 2182 2311 788.
2209 2258 2265 2309 C.
2288 2257 2373 2322 D.]

801 2358 1149 2421 Mittamus
1177 2372 1331 2439 ergo
1380 2356 1539 2434 haec,
1573 2378 1718 2439 quae
1769 2358 1870 2421 vel
1913 2358 2051 2440 ipse
2083 2359 2268 2439 jocos
2312 2356 2609 2440 appellat,
2653 2364 2733 2421 ut
2763 2358 2922 2439 joco

716 2459 928 2524 diota:
974 2467 1040 2524 et
1071 2459 1328 2543 quidem
1341 2460 1482 2542 joci
1511 2465 1685 2539 sunt,
1717 2481 1839 2525 nec
1882 2467 2196 2544 praeterea
2225 2459 2400 2543 quid,
2433 2459 2666 2543 quibus
2695 2459 2920 2525 oblec-

716 2568 854 2627 tare
885 2585 952 2626 se
980 2563 1184 2626 voluit
1228 2583 1443 2626 senex.
1534 2562 1812 2626 Causam
1855 2562 2032 2625 enim
2075 2562 2172 2625 illi
2213 2583 2348 2625 non
2389 2563 2640 2645 juvant.
2734 2563 2922 2646 Rogo

715 2666 1037 2730 damnatae
1096 2667 1174 2748 (si
1223 2666 1391 2731 bene
1428 2665 1643 2748 legisti
1673 2666 2052 2748 censuram)
2089 2686 2224 2729 non
2256 2665 2529 2729 Lutheri
2573 2664 2808 2743 solum,
2853 2674 2922 2730 et

712 2776 1117 2833 nostrorum:
1166 2769 1360 2832 etiam
1412 2767 1749 2831 Editiones
1802 2767 1960 2845 aliae,
1991 2774 2059 2830 et
2094 2766 2355 2850 quidem
2393 2766 2738 2830 hominum
2781 2788 2920 2831 ves-

710 2876 980 2948 trorum,
1029 2876 1095 2933 et
1144 2865 1371 2933 vestris
1416 2869 1488 2931 in
1534 2868 1825 2946 urbibus,
1871 2868 2158 2946 officinis,
2208 2876 2274 2933 et
2330 2869 2566 2952 praelis‚
2629 2869 2916 2949 Parisiis,

709 2972 1099 3054 Antverpiae‚
1126 2971 1440 3049 Venetiis,
1474 2968 1783 3034 excusaek.
1873 2969 2203 3052 Praecipue
2232 2978 2449 3034 autem
2479 2970 2777 3034 saevitum
2808 2981 2910 3035 est

708 3072 778 3134 in
807 3073 1293 3135 Testamentum
1327 3093 1568 3136 novum
1594 3097 1610 3135 ε
1654 3071 1726 3135 in
1756 3093 1896 3155 quo,
1935 3073 2302 3155 quicunque
2330 3093 2442 3136 vos
2470 3072 2640 3136 male
2684 3072 2918 3137 habuit

705 3174 908 3251 locus,
954 3180 1267 3256 tanquam
1317 3182 1652 3257 suspectus
1712 3175 2048 3253 haereseOS,
2101 3176 2392 3240 Censura
2431 3183 2646 3238 vestra
2695 3177 2920 3240 statim

691 3275 1024 3355 juyulatus
1051 3281 1150 3338 est
1167 3274 1203 3337 ¹.
1292 3278 1385 3340 At
1425 3275 1634 3340 honor
1671 3276 1779 3340 hic
1818 3276 2155 3340 habendus
2186 3278 2397 3340 fuerat
2425 3276 2661 3341 divinis
2690 3278 2919 3359 literis,

707 3385 804 3455 ιιι,
848 3378 969 3441 etsi
1018 3378 1175 3441 locis
1219 3398 1353 3441 non
1398 3379 1620 3461 paucis
1666 3387 2002 3462 peccatum
2047 3378 2305 3462 aliquod
2362 3379 2433 3442 in
2492 3381 2922 3446 translatione

709 3476 894 3560 foret,
924 3480 1074 3544 libri
1113 3486 1334 3544 tamen
1368 3501 1447 3543 ex
1486 3502 1563 3544 eo
1613 3502 1697 3545 ne
1743 3489 2187 3544 exurerentur.
2283 3482 2516 3546 Honor
2549 3481 2605 3544 is
2648 3482 2920 3548 habitus

712 3590 810 3647 est
840 3583 1130 3646 Editioni
1157 3588 1386 3646 vestrae
1412 3584 1700 3665 vulyatae,
1738 3604 1777 3646 a
1806 3584 2023 3648 Clario
2067 3591 2298 3661 vestro,
2338 3583 2450 3666 qui
2493 3584 2921 3649 moderatione

770 3784 782 3815 ¹
829 3785 890 3848 [“
912 3783 1151 3846 Legimus
1170 3782 1296 3832 duos
1318 3781 1594 3844 Prophetas
1615 3782 1769 3832 saccis
1985 3784 2017 3841 ἦ
2039 3783 2115 3832 δ’*
2114 3794 2217 3842 Am
2252 3782 2457 3844 σθεναρή
2489 3802 2545 3834 τε
2580 3785 2662 3833 καὶ
2702 3785 2923 3850 ἀρτίπος·

715 3849 934 3906 indutos,
969 3848 1205 3896 adversus
1243 3845 1551 3895 Antichristi
1589 3847 1770 3896 doctri-
2050 3845 2223 3897 ovum
2243 3845 2400 3898 πάσας

715 3927 832 3962 nam
854 3911 1231 3975 praedicaturos,
1251 3915 1403 3973 atque
1424 3911 1488 3959 ab
1510 3911 1602 3960 illo
1619 3912 1770 3960 inter·
1986 3912 2175 3961 πολλὸν
2212 3911 2531 3972 ὑπεκπροθέει,
2554 3912 2750 3975 φθανέει
2789 3914 2849 3964 δέ
2866 3934 2923 3964 τε

713 3977 967 4036 ficiendos‚
988 3981 1042 4025 et
1062 3989 1093 4023 a
1114 3974 1219 4023 Deo
1241 3980 1356 4037 post
1376 3975 1602 4023 triduum
1615 3990 1771 4024 resus-
2050 3978 2212 4025 πᾶσαν
2233 3978 2305 4024 ἐπ’
2328 3974 2436 4025 αἶαν

714 4040 970 4090 citandos!
971 4039 1327 4101 ’——Bell.Apol.
1340 4053 1433 4101 pro
1447 4039 1640 4103 Rcsp.p
1643 4039 1771 4098 ..147
1986 4037 2258 4095 βλάπουσ*
2293 4038 2576 4102 &rep-‘nus‘
2613 4041 2665 4089 al
2699 4042 2741 4090 δ’
2768 4041 2925 4104 ἐξακέ-

716 4110 769 4153 οι
787 4105 879 4166 Op.
883 4108 1043 4162 ,.ιοιιι
1061 4103 1147 4151 vii.
1167 4103 1260 4152 col.
1278 4103 1389 4154 787.
1410 4102 1489 4166 Β.]
2053 4122 2187 4153 onus
2205 4105 2404 4154 ὀπίσσω.

779 4168 792 4208 l
829 4120 944 4232 [pxal
964 4185 1000 4228 Ὺ
1092 4186 1149 4216 τε
1183 4166 1322 4216 Amal
1347 4166 1444 4217 εἰσὶ
1466 4167 1579 4218 Διὸς
1613 4169 1772 4230 κοῦραι
2217 4167 2370 4217 Hom.
2397 4167 2458 4217 Il.
2481 4169 2550 4217 ix.
2573 4170 2859 4220 498—503.

912 4250 1010 4293 μεγ
1923 4229 1946 4261 ¹¹
1971 4230 2126 4293 [vide
2140 4231 2384 4295 Exempla
2396 4232 2926 4293 Bibliorum,diversis

849 4298 1010 4358 χωλαί
1050 4314 1123 4354 τε,
1105 4250 1306 4358 ω’ῥνσαί
1338 4314 1411 4354 τε,
1456 4294 1774 4358 παραβλῶπές
1859 4296 2231 4359 atypogmphis
2243 4311 2560 4359 excusaque
2573 4296 2925 4359 indigente-s-

1863 4359 2108 4420 tigatione
2121 4367 2174 4410 et
2189 4375 2410 4418 censura,
2426 4360 2562 4424 apud
2575 4361 2722 4410 Gens.
2740 4362 2924 4415 Gener.

846 4424 898 4471 αἵ
928 4423 988 4484 ῥά
1022 4442 1079 4471 τε
1114 4425 1193 4472 καὶ
1227 4423 1512 4483 μετόπισθ’
1515 4432 1642 4482 Arm
1669 4424 1774 4473 ἀλέ-
1864 4423 2306 4474 foll.14.b.—-16.a.
2344 4424 2680 4474 Edit'Venet.
2697 4427 2873 4490 1562]

911 4503 972 4543 7⁰
947 4504 1051 4533 oum
1036 4490 1274 4535 ικιοῦσαι.
1929 4485 1939 4516 ¹
1978 4488 2140 4550 [Vide
2163 4489 2285 4539 ibid.
2321 4489 2424 4538 foll.
2451 4491 2802 4555 24.a.—-29.a.]
