<?xml version="1.0" encoding="UTF-8"?>
<!DOCTYPE html PUBLIC "-//W3C//DTD XHTML 1.0 Transitional//EN"
    "http://www.w3.org/TR/xhtml1/DTD/xhtml1-transitional.dtd">
<html xmlns="http://www.w3.org/1999/xhtml" xml:lang="en" lang="en">
 <head>
  <title>
</title>
<meta http-equiv="Content-Type" content="text/html;charset=utf-8" />
  <meta name='ocr-system' content='tesseract 3.04.00' />
  <meta name='ocr-capabilities' content='ocr_page ocr_carea ocr_par ocr_line ocrx_word'/>
</head>
<body>
  <div class='ocr_page' id='page_1' title='image "./responsioadapol01andrgoog_0304.png"; bbox 0 0 3165 4959; ppageno 0'>
   <div class='ocr_carea' id='block_1_1' title="bbox 711 334 2293 398">
    <p class='ocr_par' dir='ltr' id='par_1_1' title="bbox 711 334 2293 398">
     <span class='ocr_line' id='line_1_1' title="bbox 711 334 2293 398; baseline -0.003 0"><span class='ocrx_word' id='word_1_1' title='bbox 711 334 842 398; x_wconf 84' lang='lat'><strong>268</strong></span> <span class='ocrx_word' id='word_1_2' title='bbox 1342 348 1428 395; x_wconf 74' lang='lat' dir='ltr'><strong>An</strong></span> <span class='ocrx_word' id='word_1_3' title='bbox 1474 345 1854 394; x_wconf 61' lang='lat' dir='ltr'><strong>emmaus</strong></span> <span class='ocrx_word' id='word_1_4' title='bbox 1894 345 2293 394; x_wconf 61' lang='grc' dir='ltr'>ΒΕΙΜΒΜΙΝῙ</span> 
     </span>
    </p>
   </div>
   <div class='ocr_carea' id='block_1_2' title="bbox 705 502 2921 2123">
    <p class='ocr_par' dir='ltr' id='par_1_2' title="bbox 705 502 2921 2123">
     <span class='ocr_line' id='line_1_2' title="bbox 710 502 2920 588; baseline -0.001 -18"><span class='ocrx_word' id='word_1_5' title='bbox 710 528 885 570; x_wconf 85' lang='lat' dir='ltr'><strong>mam</strong></span> <span class='ocrx_word' id='word_1_6' title='bbox 929 507 1269 588; x_wconf 88' lang='lat' dir='ltr'><strong>integram,</strong></span> <span class='ocrx_word' id='word_1_7' title='bbox 1322 524 1465 588; x_wconf 83' lang='lat' dir='ltr'><strong>quae</strong></span> <span class='ocrx_word' id='word_1_8' title='bbox 1514 502 1828 587; x_wconf 87' lang='lat' dir='ltr'><strong>imperata</strong></span> <span class='ocrx_word' id='word_1_9' title='bbox 1873 509 1972 566; x_wconf 87' lang='lat' dir='ltr'><strong>est</strong></span> <span class='ocrx_word' id='word_1_10' title='bbox 2021 502 2243 580; x_wconf 81' lang='lat' dir='ltr'><strong>nobis3</strong></span> <span class='ocrx_word' id='word_1_11' title='bbox 2309 523 2567 586; x_wconf 66' lang='lat' dir='ltr'><strong>erogare</strong></span> <span class='ocrx_word' id='word_1_12' title='bbox 2613 504 2920 588; x_wconf 90' lang='lat' dir='ltr'><strong>quicquid</strong></span> 
     </span>
     <span class='ocr_line' id='line_1_3' title="bbox 712 605 2919 689; baseline -0 -18"><span class='ocrx_word' id='word_1_13' title='bbox 712 608 1001 673; x_wconf 89' lang='lat' dir='ltr'><strong>debitum</strong></span> <span class='ocrx_word' id='word_1_14' title='bbox 1055 629 1093 670; x_wconf 90' lang='lat' dir='ltr'><strong>a</strong></span> <span class='ocrx_word' id='word_1_15' title='bbox 1136 605 1325 670; x_wconf 89' lang='lat' dir='ltr'><strong>nobis</strong></span> <span class='ocrx_word' id='word_1_16' title='bbox 1344 631 1363 683; x_wconf 80' lang='lat'><em>3</em></span> <span class='ocrx_word' id='word_1_17' title='bbox 1430 605 1499 668; x_wconf 90' lang='lat' dir='ltr'><strong>id</strong></span> <span class='ocrx_word' id='word_1_18' title='bbox 1542 605 1654 669; x_wconf 92' lang='lat' dir='ltr'><strong>ubi</strong></span> <span class='ocrx_word' id='word_1_19' title='bbox 1697 606 1835 689; x_wconf 86' lang='lat' dir='ltr'><strong>jam</strong></span> <span class='ocrx_word' id='word_1_20' title='bbox 1887 605 2151 679; x_wconf 88' lang='lat' dir='ltr'><strong>factum,</strong></span> <span class='ocrx_word' id='word_1_21' title='bbox 2205 613 2348 667; x_wconf 86' lang='lat' dir='ltr'><strong>tum</strong></span> <span class='ocrx_word' id='word_1_22' title='bbox 2402 612 2469 668; x_wconf 89' lang='lat' dir='ltr'><strong>et</strong></span> <span class='ocrx_word' id='word_1_23' title='bbox 2516 606 2686 670; x_wconf 87' lang='lat' dir='ltr'><strong>ultra</strong></span> <span class='ocrx_word' id='word_1_24' title='bbox 2731 607 2919 684; x_wconf 88' lang='lat' dir='ltr'><strong>illud,</strong></span> 
     </span>
     <span class='ocr_line' id='line_1_4' title="bbox 712 708 2920 794; baseline 0 -20"><span class='ocrx_word' id='word_1_25' title='bbox 712 711 985 794; x_wconf 89' lang='lat' dir='ltr'><strong>amplius</strong></span> <span class='ocrx_word' id='word_1_26' title='bbox 1025 710 1199 794; x_wconf 91' lang='lat' dir='ltr'><strong>quid,</strong></span> <span class='ocrx_word' id='word_1_27' title='bbox 1240 730 1702 791; x_wconf 74' lang='lat' dir='ltr'><strong>supereroqare.</strong></span> <span class='ocrx_word' id='word_1_28' title='bbox 1794 710 1969 772; x_wconf 89' lang='lat' dir='ltr'><strong>Nam</strong></span> <span class='ocrx_word' id='word_1_29' title='bbox 1999 708 2128 771; x_wconf 88' lang='lat' dir='ltr'><strong>nisi</strong></span> <span class='ocrx_word' id='word_1_30' title='bbox 2170 709 2485 773; x_wconf 79' lang='lat' dir='ltr'><strong>solvendo·</strong></span> <span class='ocrx_word' id='word_1_31' title='bbox 2505 709 2589 771; x_wconf 89' lang='lat' dir='ltr'><strong>sit</strong></span> <span class='ocrx_word' id='word_1_32' title='bbox 2617 710 2920 774; x_wconf 89' lang='lat' dir='ltr'><strong>universo</strong></span> 
     </span>
     <span class='ocr_line' id='line_1_5' title="bbox 711 810 2918 895; baseline -0 -18"><span class='ocrx_word' id='word_1_33' title='bbox 711 813 927 877; x_wconf 89' lang='lat' dir='ltr'><strong>debito</strong></span> <span class='ocrx_word' id='word_1_34' title='bbox 974 834 1108 892; x_wconf 88' lang='lat' dir='ltr'><strong>su0,</strong></span> <span class='ocrx_word' id='word_1_35' title='bbox 1142 813 1314 895; x_wconf 90' lang='lat' dir='ltr'><strong>quod</strong></span> <span class='ocrx_word' id='word_1_36' title='bbox 1359 834 1438 876; x_wconf 85' lang='lat' dir='ltr'><strong>ex</strong></span> <span class='ocrx_word' id='word_1_37' title='bbox 1478 819 1800 895; x_wconf 85' lang='lat' dir='ltr'><strong>praecepto</strong></span> <span class='ocrx_word' id='word_1_38' title='bbox 1847 811 2184 889; x_wconf 79' lang='lat' dir='ltr'><strong>contraxit,</strong></span> <span class='ocrx_word' id='word_1_39' title='bbox 2229 810 2300 873; x_wconf 90' lang='lat' dir='ltr'><strong>in</strong></span> <span class='ocrx_word' id='word_1_40' title='bbox 2346 831 2471 874; x_wconf 85' lang='lat' dir='ltr'><strong>aere</strong></span> <span class='ocrx_word' id='word_1_41' title='bbox 2517 811 2726 875; x_wconf 87' lang='lat' dir='ltr'><strong>adhuc</strong></span> <span class='ocrx_word' id='word_1_42' title='bbox 2775 821 2918 876; x_wconf 86' lang='lat' dir='ltr'><strong>est:</strong></span> 
     </span>
     <span class='ocr_line' id='line_1_6' title="bbox 711 914 2921 999; baseline 0 -20"><span class='ocrx_word' id='word_1_43' title='bbox 711 915 1013 999; x_wconf 90' lang='lat' dir='ltr'><strong>quicquid</strong></span> <span class='ocrx_word' id='word_1_44' title='bbox 1044 915 1197 998; x_wconf 87' lang='lat' dir='ltr'><strong>agit,</strong></span> <span class='ocrx_word' id='word_1_45' title='bbox 1230 936 1391 998; x_wconf 90' lang='lat' dir='ltr'><strong>opus</strong></span> <span class='ocrx_word' id='word_1_46' title='bbox 1423 923 1519 978; x_wconf 89' lang='lat' dir='ltr'><strong>est</strong></span> <span class='ocrx_word' id='word_1_47' title='bbox 1550 920 1721 997; x_wconf 84' lang='lat' dir='ltr'><strong>agat,</strong></span> <span class='ocrx_word' id='word_1_48' title='bbox 1753 935 1876 978; x_wconf 92' lang='lat' dir='ltr'><strong>nec</strong></span> <span class='ocrx_word' id='word_1_49' title='bbox 1905 921 2192 996; x_wconf 83' lang='lat' dir='ltr'><strong>superest</strong></span> <span class='ocrx_word' id='word_1_50' title='bbox 2237 914 2297 978; x_wconf 94' lang='lat' dir='ltr'><strong>ei</strong></span> <span class='ocrx_word' id='word_1_51' title='bbox 2343 914 2709 997; x_wconf 86' lang='lat' dir='ltr'><strong>quicquam,</strong></span> <span class='ocrx_word' id='word_1_52' title='bbox 2742 916 2921 998; x_wconf 93' lang='lat' dir='ltr'><strong>quod</strong></span> 
     </span>
     <span class='ocr_line' id='line_1_7' title="bbox 711 1007 2917 1099; baseline 0.001 -21"><span class='ocrx_word' id='word_1_53' title='bbox 711 1023 1030 1080; x_wconf 82' lang='lat' dir='ltr'><strong>accrescat</strong></span> <span class='ocrx_word' id='word_1_54' title='bbox 1059 1007 1210 1081; x_wconf 88' lang='lat' dir='ltr'><strong>inde</strong></span> <span class='ocrx_word' id='word_1_55' title='bbox 1239 1018 1529 1080; x_wconf 75' lang='lat' dir='ltr'><strong>thesauro</strong></span> <span class='ocrx_word' id='word_1_56' title='bbox 1558 1016 1875 1079; x_wconf 71' lang='lat' dir='ltr'><strong>Ecclesiae.</strong></span> <span class='ocrx_word' id='word_1_57' title='bbox 1962 1015 2260 1080; x_wconf 87' lang='lat' dir='ltr'><strong>Peccavit</strong></span> <span class='ocrx_word' id='word_1_58' title='bbox 2288 1016 2356 1078; x_wconf 91' lang='lat' dir='ltr'><strong>in</strong></span> <span class='ocrx_word' id='word_1_59' title='bbox 2387 1024 2703 1099; x_wconf 78' lang='lat' dir='ltr'><strong>praecepta</strong></span> <span class='ocrx_word' id='word_1_60' title='bbox 2733 1016 2917 1099; x_wconf 88' lang='lat' dir='ltr'><strong>quis:</strong></span> 
     </span>
     <span class='ocr_line' id='line_1_8' title="bbox 712 1116 2918 1201; baseline 0 -21"><span class='ocrx_word' id='word_1_61' title='bbox 712 1138 854 1200; x_wconf 85' lang='lat' dir='ltr'><strong>quae</strong></span> <span class='ocrx_word' id='word_1_62' title='bbox 889 1117 1111 1182; x_wconf 84' lang='lat' dir='ltr'>debuit</span> <span class='ocrx_word' id='word_1_63' title='bbox 1155 1118 1363 1182; x_wconf 86' lang='lat' dir='ltr'><strong>facere</strong></span> <span class='ocrx_word' id='word_1_64' title='bbox 1397 1140 1531 1182; x_wconf 91' lang='lat' dir='ltr'><strong>non</strong></span> <span class='ocrx_word' id='word_1_65' title='bbox 1574 1117 1768 1181; x_wconf 88' lang='lat' dir='ltr'><strong>fecit:</strong></span> <span class='ocrx_word' id='word_1_66' title='bbox 1835 1116 1964 1196; x_wconf 86' lang='lat' dir='ltr'><strong>sed,</strong></span> <span class='ocrx_word' id='word_1_67' title='bbox 2002 1119 2288 1181; x_wconf 86' lang='lat' dir='ltr'><strong>votivum</strong></span> <span class='ocrx_word' id='word_1_68' title='bbox 2336 1118 2552 1181; x_wconf 90' lang='lat' dir='ltr'><strong>nescio</strong></span> <span class='ocrx_word' id='word_1_69' title='bbox 2594 1119 2767 1201; x_wconf 91' lang='lat' dir='ltr'><strong>quid,</strong></span> <span class='ocrx_word' id='word_1_70' title='bbox 2813 1119 2918 1181; x_wconf 79' lang='lat' dir='ltr'><strong>vel</strong></span> 
     </span>
     <span class='ocr_line' id='line_1_9' title="bbox 708 1221 2914 1305; baseline -0 -20"><span class='ocrx_word' id='word_1_71' title='bbox 708 1223 1124 1285; x_wconf 81' lang='lat' dir='ltr'><strong>voluntarium</strong></span> <span class='ocrx_word' id='word_1_72' title='bbox 1154 1221 1486 1305; x_wconf 84' lang='lat' dir='ltr'><strong>praestitit:</strong></span> <span class='ocrx_word' id='word_1_73' title='bbox 1535 1221 1659 1284; x_wconf 87' lang='lat' dir='ltr'><strong>hoc</strong></span> <span class='ocrx_word' id='word_1_74' title='bbox 1698 1221 1856 1304; x_wconf 88' lang='lat' dir='ltr'><strong>jam,</strong></span> <span class='ocrx_word' id='word_1_75' title='bbox 1877 1228 2116 1301; x_wconf 83' lang='lat' dir='ltr'><strong>proeter</strong></span> <span class='ocrx_word' id='word_1_76' title='bbox 2144 1241 2402 1302; x_wconf 74' lang='lat' dir='ltr'><strong>eroqare</strong></span> <span class='ocrx_word' id='word_1_77' title='bbox 2431 1226 2529 1284; x_wconf 94' lang='lat' dir='ltr'><strong>est</strong></span> <span class='ocrx_word' id='word_1_78' title='bbox 2558 1221 2745 1300; x_wconf 85' lang='lat' dir='ltr'><strong>forte,</strong></span> <span class='ocrx_word' id='word_1_79' title='bbox 2777 1243 2914 1285; x_wconf 92' lang='lat' dir='ltr'><strong>non</strong></span> 
     </span>
     <span class='ocr_line' id='line_1_10' title="bbox 708 1323 2913 1407; baseline 0 -21"><span class='ocrx_word' id='word_1_80' title='bbox 708 1345 912 1405; x_wconf 81' lang='lat' dir='ltr'><strong>super.</strong></span> <span class='ocrx_word' id='word_1_81' title='bbox 1005 1324 1333 1390; x_wconf 75' lang='lat' dir='ltr'><strong>Quamdiu</strong></span> <span class='ocrx_word' id='word_1_82' title='bbox 1373 1324 1546 1388; x_wconf 91' lang='lat' dir='ltr'><strong>enim</strong></span> <span class='ocrx_word' id='word_1_83' title='bbox 1591 1323 1663 1385; x_wconf 92' lang='lat' dir='ltr'><strong>in</strong></span> <span class='ocrx_word' id='word_1_84' title='bbox 1706 1329 2023 1407; x_wconf 87' lang='lat' dir='ltr'><strong>praecepta</strong></span> <span class='ocrx_word' id='word_1_85' title='bbox 2053 1323 2420 1400; x_wconf 86' lang='lat' dir='ltr'><strong>committit,</strong></span> <span class='ocrx_word' id='word_1_86' title='bbox 2452 1324 2665 1385; x_wconf 74' lang='lat' dir='ltr'><strong>subter</strong></span> <span class='ocrx_word' id='word_1_87' title='bbox 2694 1345 2913 1406; x_wconf 69' lang='lat' dir='ltr'><strong>croya-</strong></span> 
     </span>
     <span class='ocr_line' id='line_1_11' title="bbox 711 1425 2911 1510; baseline -0.001 -20"><span class='ocrx_word' id='word_1_88' title='bbox 711 1430 936 1490; x_wconf 82' lang='lat' dir='ltr'><strong>tz&#39;onem</strong></span> <span class='ocrx_word' id='word_1_89' title='bbox 966 1427 1257 1490; x_wconf 83' lang='lat' dir='ltr'><strong>consistit</strong></span> <span class='ocrx_word' id='word_1_90' title='bbox 1287 1428 1447 1510; x_wconf 79' lang='lat' dir='ltr'><strong>ejuS,</strong></span> <span class='ocrx_word' id='word_1_91' title='bbox 1481 1426 1587 1498; x_wconf 86' lang='lat' dir='ltr'><strong>cui</strong></span> <span class='ocrx_word' id='word_1_92' title='bbox 1616 1447 1693 1490; x_wconf 85' lang='lat' dir='ltr'><strong>ex</strong></span> <span class='ocrx_word' id='word_1_93' title='bbox 1724 1425 1943 1489; x_wconf 89' lang='lat' dir='ltr'><strong>debito</strong></span> <span class='ocrx_word' id='word_1_94' title='bbox 1983 1432 2265 1503; x_wconf 87' lang='lat' dir='ltr'><strong>tenetur,</strong></span> <span class='ocrx_word' id='word_1_95' title='bbox 2298 1445 2417 1489; x_wconf 87' lang='lat' dir='ltr'><strong>nec</strong></span> <span class='ocrx_word' id='word_1_96' title='bbox 2446 1432 2707 1489; x_wconf 88' lang='lat' dir='ltr'><strong>tantum</strong></span> <span class='ocrx_word' id='word_1_97' title='bbox 2737 1426 2911 1505; x_wconf 87' lang='lat' dir='ltr'><strong>facit,</strong></span> 
     </span>
     <span class='ocr_line' id='line_1_12' title="bbox 710 1526 2914 1613; baseline -0 -21"><span class='ocrx_word' id='word_1_98' title='bbox 710 1536 1021 1613; x_wconf 87' lang='lat' dir='ltr'><strong>quantum</strong></span> <span class='ocrx_word' id='word_1_99' title='bbox 1058 1531 1236 1593; x_wconf 91' lang='lat' dir='ltr'><strong>Deus</strong></span> <span class='ocrx_word' id='word_1_100' title='bbox 1264 1528 1570 1611; x_wconf 87' lang='lat' dir='ltr'><strong>praecipit.</strong></span> <span class='ocrx_word' id='word_1_101' title='bbox 1635 1527 1716 1590; x_wconf 91' lang='lat' dir='ltr'><strong>Id</strong></span> <span class='ocrx_word' id='word_1_102' title='bbox 1744 1528 1870 1591; x_wconf 89' lang='lat' dir='ltr'><strong>nisi</strong></span> <span class='ocrx_word' id='word_1_103' title='bbox 1898 1526 2122 1592; x_wconf 82' lang='lat' dir='ltr'><strong>fecerit</strong></span> <span class='ocrx_word' id='word_1_104' title='bbox 2151 1527 2347 1611; x_wconf 89' lang='lat' dir='ltr'><strong>prius,</strong></span> <span class='ocrx_word' id='word_1_105' title='bbox 2381 1535 2447 1590; x_wconf 89' lang='lat' dir='ltr'><strong>et</strong></span> <span class='ocrx_word' id='word_1_106' title='bbox 2477 1549 2562 1591; x_wconf 81' lang='lat' dir='ltr'><strong>aes</strong></span> <span class='ocrx_word' id='word_1_107' title='bbox 2584 1529 2914 1611; x_wconf 87' lang='lat' dir='ltr'><strong>integrum</strong></span> 
     </span>
     <span class='ocr_line' id='line_1_13' title="bbox 711 1628 2914 1714; baseline 0 -21"><span class='ocrx_word' id='word_1_108' title='bbox 711 1632 1069 1695; x_wconf 86' lang='lat' dir='ltr'><strong>dissolverit</strong></span> <span class='ocrx_word' id='word_1_109' title='bbox 1091 1657 1109 1708; x_wconf 80' lang='lat'>3</span> <span class='ocrx_word' id='word_1_110' title='bbox 1163 1630 1357 1714; x_wconf 92' lang='lat' dir='ltr'><strong>(quod</strong></span> <span class='ocrx_word' id='word_1_111' title='bbox 1390 1631 1533 1713; x_wconf 90' lang='lat' dir='ltr'><strong>quis</strong></span> <span class='ocrx_word' id='word_1_112' title='bbox 1561 1629 1715 1693; x_wconf 87' lang='lat' dir='ltr'><strong>fecit</strong></span> <span class='ocrx_word' id='word_1_113' title='bbox 1743 1651 2049 1713; x_wconf 89' lang='lat' dir='ltr'><strong>unquam,</strong></span> <span class='ocrx_word' id='word_1_114' title='bbox 2084 1630 2225 1712; x_wconf 90' lang='lat' dir='ltr'><strong>quis</strong></span> <span class='ocrx_word' id='word_1_115' title='bbox 2253 1628 2540 1693; x_wconf 88' lang='lat' dir='ltr'><strong>facturus</strong></span> <span class='ocrx_word' id='word_1_116' title='bbox 2572 1638 2669 1693; x_wconf 89' lang='lat' dir='ltr'><strong>est</strong></span> <span class='ocrx_word' id='word_1_117' title='bbox 2685 1632 2716 1692; x_wconf 72' lang='grc' dir='ltr'><strong>’ἓ</strong></span> <span class='ocrx_word' id='word_1_118' title='bbox 2762 1651 2914 1694; x_wconf 88' lang='lat' dir='ltr'><strong>cum</strong></span> 
     </span>
     <span class='ocr_line' id='line_1_14' title="bbox 710 1732 2915 1817; baseline 0 -21"><span class='ocrx_word' id='word_1_119' title='bbox 710 1740 776 1796; x_wconf 90' lang='lat' dir='ltr'><strong>et</strong></span> <span class='ocrx_word' id='word_1_120' title='bbox 805 1733 1097 1817; x_wconf 84' lang='lat' dir='ltr'><strong>Apostoli</strong></span> <span class='ocrx_word' id='word_1_121' title='bbox 1128 1733 1248 1816; x_wconf 88' lang='lat' dir='ltr'><strong>ipsi</strong></span> <span class='ocrx_word' id='word_1_122' title='bbox 1280 1732 1564 1816; x_wconf 82' lang='lat' dir='ltr'><strong>quotidie</strong></span> <span class='ocrx_word' id='word_1_123' title='bbox 1594 1738 1819 1815; x_wconf 87' lang='lat' dir='ltr'><strong>petant</strong></span> <span class='ocrx_word' id='word_1_124' title='bbox 1847 1752 1963 1794; x_wconf 72' lang='lat' dir='ltr'><strong>sua</strong></span> <span class='ocrx_word' id='word_1_125' title='bbox 1992 1732 2113 1794; x_wconf 78' lang='lat' dir='ltr'><strong>sibi</strong></span> <span class='ocrx_word' id='word_1_126' title='bbox 2143 1733 2351 1794; x_wconf 84' lang='lat' dir='ltr'><strong>debita</strong></span> <span class='ocrx_word' id='word_1_127' title='bbox 2382 1733 2638 1813; x_wconf 79' lang='lat' dir='ltr'><strong>dimitti)</strong></span> <span class='ocrx_word' id='word_1_128' title='bbox 2667 1733 2915 1796; x_wconf 83' lang='lat' dir='ltr'><strong>frustra</strong></span> 
     </span>
     <span class='ocr_line' id='line_1_15' title="bbox 710 1834 2912 1918; baseline -0 -19"><span class='ocrx_word' id='word_1_129' title='bbox 710 1836 790 1899; x_wconf 90' lang='lat' dir='ltr'><strong>de</strong></span> <span class='ocrx_word' id='word_1_130' title='bbox 840 1836 1334 1916; x_wconf 69' lang='lat' dir='ltr'><strong>supereroqando</strong></span> <span class='ocrx_word' id='word_1_131' title='bbox 1383 1841 1851 1918; x_wconf 86' lang='lat' dir='ltr'><strong>superarrogat.</strong></span> <span class='ocrx_word' id='word_1_132' title='bbox 1948 1836 2065 1898; x_wconf 87' lang='lat' dir='ltr'><strong>AEs</strong></span> <span class='ocrx_word' id='word_1_133' title='bbox 2114 1834 2210 1896; x_wconf 90' lang='lat' dir='ltr'><strong>illi</strong></span> <span class='ocrx_word' id='word_1_134' title='bbox 2268 1834 2470 1897; x_wconf 86' lang='lat' dir='ltr'><strong>haeret</strong></span> <span class='ocrx_word' id='word_1_135' title='bbox 2529 1835 2747 1910; x_wconf 81' lang='lat' dir='ltr'><strong>etiam,</strong></span> <span class='ocrx_word' id='word_1_136' title='bbox 2804 1837 2912 1898; x_wconf 89' lang='lat' dir='ltr'><strong>cui</strong></span> 
     </span>
     <span class='ocr_line' id='line_1_16' title="bbox 707 1937 2911 2021; baseline 0 -21"><span class='ocrx_word' id='word_1_137' title='bbox 707 1959 822 2020; x_wconf 91' lang='lat' dir='ltr'><strong>par</strong></span> <span class='ocrx_word' id='word_1_138' title='bbox 867 1958 1004 2001; x_wconf 91' lang='lat' dir='ltr'><strong>non</strong></span> <span class='ocrx_word' id='word_1_139' title='bbox 1056 1945 1171 2015; x_wconf 88' lang='lat' dir='ltr'><strong>est,</strong></span> <span class='ocrx_word' id='word_1_140' title='bbox 1223 1939 1361 2019; x_wconf 90' lang='lat' dir='ltr'><strong>(cur</strong></span> <span class='ocrx_word' id='word_1_141' title='bbox 1405 1938 1602 2015; x_wconf 90' lang='lat' dir='ltr'><strong>enim,</strong></span> <span class='ocrx_word' id='word_1_142' title='bbox 1650 1959 1799 2002; x_wconf 86' lang='lat' dir='ltr'><strong>eum</strong></span> <span class='ocrx_word' id='word_1_143' title='bbox 1844 1945 2054 2021; x_wconf 83' lang='lat' dir='ltr'><strong>potest</strong></span> <span class='ocrx_word' id='word_1_144' title='bbox 2098 1938 2444 2015; x_wconf 84' lang='lat' dir='ltr'><strong>exsolvere,</strong></span> <span class='ocrx_word' id='word_1_145' title='bbox 2496 1937 2740 2001; x_wconf 85' lang='lat' dir='ltr'><strong>dimitti</strong></span> <span class='ocrx_word' id='word_1_146' title='bbox 2785 1939 2911 2002; x_wconf 86' lang='lat' dir='ltr'><strong>sibi</strong></span> 
     </span>
     <span class='ocr_line' id='line_1_17' title="bbox 705 2038 2905 2123; baseline 0 -20"><span class='ocrx_word' id='word_1_147' title='bbox 705 2041 988 2122; x_wconf 85' lang='lat' dir='ltr'><strong>postulet</strong></span> <span class='ocrx_word' id='word_1_148' title='bbox 1009 2040 1062 2120; x_wconf 71' lang='grc' dir='ltr'><strong>Ρ)</strong></span> <span class='ocrx_word' id='word_1_149' title='bbox 1114 2041 1215 2103; x_wconf 91' lang='lat' dir='ltr'><strong>De</strong></span> <span class='ocrx_word' id='word_1_150' title='bbox 1244 2060 1365 2101; x_wconf 81' lang='lat' dir='ltr'><strong>aere</strong></span> <span class='ocrx_word' id='word_1_151' title='bbox 1391 2039 1592 2121; x_wconf 81' lang='lat' dir='ltr'><strong>igitur</strong></span> <span class='ocrx_word' id='word_1_152' title='bbox 1623 2060 1739 2103; x_wconf 91' lang='lat' dir='ltr'><strong>suo</strong></span> <span class='ocrx_word' id='word_1_153' title='bbox 1768 2041 2026 2123; x_wconf 84' lang='lat' dir='ltr'><strong>cogitet,</strong></span> <span class='ocrx_word' id='word_1_154' title='bbox 2058 2062 2192 2103; x_wconf 92' lang='lat' dir='ltr'><strong>nou</strong></span> <span class='ocrx_word' id='word_1_155' title='bbox 2222 2039 2302 2102; x_wconf 87' lang='lat' dir='ltr'><strong>de</strong></span> <span class='ocrx_word' id='word_1_156' title='bbox 2325 2038 2627 2103; x_wconf 70' lang='grc' dir='ltr'><em>Εοοῖεείω</em></span> <span class='ocrx_word' id='word_1_157' title='bbox 2655 2042 2905 2104; x_wconf 81' lang='lat' dir='ltr'><strong>oerario.</strong></span> 
     </span>
    </p>
   </div>
   <div class='ocr_carea' id='block_1_3' title="bbox 770 2200 2909 2429">
    <p class='ocr_par' dir='ltr' id='par_1_3' title="bbox 770 2200 2909 2429">
     <span class='ocr_line' id='line_1_18' title="bbox 770 2200 2909 2278; baseline 0 -27"><span class='ocrx_word' id='word_1_158' title='bbox 770 2202 1028 2264; x_wconf 81' lang='lat' dir='ltr'><strong>Scriptura</strong></span> <span class='ocrx_word' id='word_1_159' title='bbox 1049 2200 1176 2250; x_wconf 84' lang='lat' dir='ltr'><strong>dicit</strong></span> <span class='ocrx_word' id='word_1_160' title='bbox 1196 2204 1371 2251; x_wconf 77' lang='lat' dir='ltr'><strong>votum</strong></span> <span class='ocrx_word' id='word_1_161' title='bbox 1405 2201 1562 2252; x_wconf 87' lang='lat' dir='ltr'><strong>libere</strong></span> <span class='ocrx_word' id='word_1_162' title='bbox 1595 2200 1722 2260; x_wconf 88' lang='lat' dir='ltr'><strong>fieri,</strong></span> <span class='ocrx_word' id='word_1_163' title='bbox 1749 2216 1807 2251; x_wconf 82' lang='lat' dir='ltr'><strong>ac</strong></span> <span class='ocrx_word' id='word_1_164' title='bbox 1840 2216 1930 2278; x_wconf 83' lang='lat' dir='ltr'><strong>per</strong></span> <span class='ocrx_word' id='word_1_165' title='bbox 1960 2201 2056 2251; x_wconf 88' lang='lat' dir='ltr'><strong>hoc</strong></span> <span class='ocrx_word' id='word_1_166' title='bbox 2089 2217 2194 2251; x_wconf 83' lang='lat' dir='ltr'><strong>esse</strong></span> <span class='ocrx_word' id='word_1_167' title='bbox 2216 2216 2340 2265; x_wconf 88' lang='lat' dir='ltr'><strong>opus</strong></span> <span class='ocrx_word' id='word_1_168' title='bbox 2362 2202 2834 2264; x_wconf 71' lang='lat' dir='ltr'><strong>supererogationis,</strong></span> <span class='ocrx_word' id='word_1_169' title='bbox 2855 2209 2909 2252; x_wconf 86' lang='lat' dir='ltr'><strong>et</strong></span> 
     </span>
     <span class='ocr_line' id='line_1_19' title="bbox 831 2281 2907 2346; baseline 0.001 -16"><span class='ocrx_word' id='word_1_170' title='bbox 831 2287 1003 2331; x_wconf 80' lang='lat' dir='ltr'><strong>tamen</strong></span> <span class='ocrx_word' id='word_1_171' title='bbox 1026 2288 1291 2346; x_wconf 75' lang='lat' dir='ltr'><strong>postquam</strong></span> <span class='ocrx_word' id='word_1_172' title='bbox 1315 2283 1502 2332; x_wconf 78' lang='lat' dir='ltr'><strong>factum</strong></span> <span class='ocrx_word' id='word_1_173' title='bbox 1525 2286 1617 2342; x_wconf 84' lang='lat' dir='ltr'><strong>est,</strong></span> <span class='ocrx_word' id='word_1_174' title='bbox 1640 2297 1806 2331; x_wconf 80' lang='lat' dir='ltr'><strong>severe</strong></span> <span class='ocrx_word' id='word_1_175' title='bbox 1828 2297 1859 2331; x_wconf 88' lang='lat' dir='ltr'><strong>a</strong></span> <span class='ocrx_word' id='word_1_176' title='bbox 1876 2282 2094 2332; x_wconf 87' lang='lat' dir='ltr'><strong>Domino</strong></span> <span class='ocrx_word' id='word_1_177' title='bbox 2119 2281 2227 2346; x_wconf 77' lang='lat' dir='ltr'><strong>[leq.</strong></span> <span class='ocrx_word' id='word_1_178' title='bbox 2253 2281 2383 2344; x_wconf 87' lang='lat' dir='ltr'><strong>Deo]</strong></span> <span class='ocrx_word' id='word_1_179' title='bbox 2410 2283 2564 2344; x_wconf 81' lang='lat' dir='ltr'><strong>exigi,</strong></span> <span class='ocrx_word' id='word_1_180' title='bbox 2590 2288 2648 2332; x_wconf 83' lang='lat' dir='ltr'><strong>ut</strong></span> <span class='ocrx_word' id='word_1_181' title='bbox 2668 2297 2776 2341; x_wconf 69' lang='lat' dir='ltr'><strong>rem</strong></span> <span class='ocrx_word' id='word_1_182' title='bbox 2805 2284 2907 2333; x_wconf 83' lang='lat' dir='ltr'><strong>sibi</strong></span> 
     </span>
     <span class='ocr_line' id='line_1_20' title="bbox 828 2362 2710 2429; baseline -0.001 -15"><span class='ocrx_word' id='word_1_183' title='bbox 828 2364 1260 2429; x_wconf 72' lang='lat' dir='ltr'><strong>gratam—[Bell.</strong></span> <span class='ocrx_word' id='word_1_184' title='bbox 1285 2364 1432 2428; x_wconf 90' lang='lat' dir='ltr'><strong>Apol.</strong></span> <span class='ocrx_word' id='word_1_185' title='bbox 1457 2379 1547 2428; x_wconf 91' lang='lat' dir='ltr'><strong>pro</strong></span> <span class='ocrx_word' id='word_1_186' title='bbox 1570 2362 1741 2428; x_wconf 65' lang='lat' dir='ltr'><strong>Resp]</strong></span> <span class='ocrx_word' id='word_1_187' title='bbox 1763 2379 1812 2427; x_wconf 88' lang='lat' dir='ltr'><strong>p.</strong></span> <span class='ocrx_word' id='word_1_188' title='bbox 1837 2366 1945 2414; x_wconf 84' lang='lat'><strong>109.</strong></span> <span class='ocrx_word' id='word_1_189' title='bbox 1973 2363 2106 2427; x_wconf 90' lang='lat' dir='ltr'><strong>[Op.,</strong></span> <span class='ocrx_word' id='word_1_190' title='bbox 2129 2367 2253 2413; x_wconf 82' lang='lat' dir='ltr'><strong>tom.</strong></span> <span class='ocrx_word' id='word_1_191' title='bbox 2276 2364 2363 2413; x_wconf 80' lang='lat' dir='ltr'><strong>vii.</strong></span> <span class='ocrx_word' id='word_1_192' title='bbox 2387 2364 2478 2412; x_wconf 91' lang='lat' dir='ltr'><strong>col.</strong></span> <span class='ocrx_word' id='word_1_193' title='bbox 2500 2365 2610 2415; x_wconf 81' lang='grc'><strong>765.</strong></span> <span class='ocrx_word' id='word_1_194' title='bbox 2626 2363 2710 2428; x_wconf 91' lang='lat' dir='ltr'><strong>D.]</strong></span> 
     </span>
    </p>
   </div>
   <div class='ocr_carea' id='block_1_4' title="bbox 694 2478 2905 3794">
    <p class='ocr_par' dir='ltr' id='par_1_4' title="bbox 694 2478 2905 3794">
     <span class='ocr_line' id='line_1_21' title="bbox 794 2478 2905 2564; baseline -0 -20"><span class='ocrx_word' id='word_1_195' title='bbox 794 2479 942 2558; x_wconf 87' lang='lat' dir='ltr'><strong>Sed,</strong></span> <span class='ocrx_word' id='word_1_196' title='bbox 974 2481 1135 2543; x_wconf 87' lang='lat' dir='ltr'><strong>illud</strong></span> <span class='ocrx_word' id='word_1_197' title='bbox 1174 2488 1395 2543; x_wconf 88' lang='lat' dir='ltr'><strong>tamen</strong></span> <span class='ocrx_word' id='word_1_198' title='bbox 1440 2479 1547 2543; x_wconf 89' lang='lat' dir='ltr'><strong>hic</strong></span> <span class='ocrx_word' id='word_1_199' title='bbox 1593 2482 1778 2564; x_wconf 86' lang='lat' dir='ltr'><strong>juvat</strong></span> <span class='ocrx_word' id='word_1_200' title='bbox 1821 2478 2199 2562; x_wconf 86' lang='lat' dir='ltr'><strong>percontari.</strong></span> <span class='ocrx_word' id='word_1_201' title='bbox 2301 2478 2372 2541; x_wconf 89' lang='lat' dir='ltr'><strong>Si</strong></span> <span class='ocrx_word' id='word_1_202' title='bbox 2400 2485 2606 2541; x_wconf 78' lang='lat' dir='ltr'><strong>votum</strong></span> <span class='ocrx_word' id='word_1_203' title='bbox 2637 2500 2789 2559; x_wconf 72' lang='lat' dir='ltr'><strong>opus</strong></span> <span class='ocrx_word' id='word_1_204' title='bbox 2820 2482 2905 2543; x_wconf 86' lang='lat' dir='ltr'><strong>sit</strong></span> 
     </span>
     <span class='ocr_line' id='line_1_22' title="bbox 702 2581 2904 2666; baseline -0 -20"><span class='ocrx_word' id='word_1_205' title='bbox 702 2585 1287 2666; x_wconf 65' lang='lat' dir='ltr'><strong>supereroqationist,</strong></span> <span class='ocrx_word' id='word_1_206' title='bbox 1325 2584 1377 2645; x_wconf 89' lang='lat' dir='ltr'><strong>si</strong></span> <span class='ocrx_word' id='word_1_207' title='bbox 1413 2584 1547 2646; x_wconf 87' lang='lat' dir='ltr'><strong>Deo</strong></span> <span class='ocrx_word' id='word_1_208' title='bbox 1581 2583 2031 2664; x_wconf 65' lang='lat' dir='ltr'><strong>qratia-simum,</strong></span> <span class='ocrx_word' id='word_1_209' title='bbox 2074 2602 2188 2644; x_wconf 88' lang='lat' dir='ltr'><strong>cur</strong></span> <span class='ocrx_word' id='word_1_210' title='bbox 2230 2602 2367 2644; x_wconf 89' lang='lat' dir='ltr'><strong>rem</strong></span> <span class='ocrx_word' id='word_1_211' title='bbox 2413 2581 2548 2644; x_wconf 87' lang='lat' dir='ltr'><strong>Deo</strong></span> <span class='ocrx_word' id='word_1_212' title='bbox 2587 2584 2904 2664; x_wconf 62' lang='lat' dir='ltr'><strong>inm-atam</strong></span> 
     </span>
     <span class='ocr_line' id='line_1_23' title="bbox 703 2682 2902 2768; baseline -0.001 -19"><span class='ocrx_word' id='word_1_213' title='bbox 703 2688 875 2765; x_wconf 88' lang='lat' dir='ltr'><strong>fecit,</strong></span> <span class='ocrx_word' id='word_1_214' title='bbox 909 2686 1064 2749; x_wconf 90' lang='lat' dir='ltr'><strong>dum</strong></span> <span class='ocrx_word' id='word_1_215' title='bbox 1095 2686 1430 2763; x_wconf 83' lang='lat' dir='ltr'><strong>subtraxit,</strong></span> <span class='ocrx_word' id='word_1_216' title='bbox 1464 2684 1636 2768; x_wconf 91' lang='lat' dir='ltr'><strong>quod</strong></span> <span class='ocrx_word' id='word_1_217' title='bbox 1674 2684 2139 2766; x_wconf 70' lang='lat' dir='ltr'><strong>mpereroqavit</strong></span> <span class='ocrx_word' id='word_1_218' title='bbox 2171 2682 2529 2747; x_wconf 86' lang='lat' dir='ltr'><strong>Cardinalis</strong></span> <span class='ocrx_word' id='word_1_219' title='bbox 2548 2685 2577 2745; x_wconf 79' lang='lat' dir='ltr'>P</span> <span class='ocrx_word' id='word_1_220' title='bbox 2624 2704 2740 2747; x_wconf 92' lang='lat' dir='ltr'><strong>cur</strong></span> <span class='ocrx_word' id='word_1_221' title='bbox 2767 2692 2902 2747; x_wconf 87' lang='lat' dir='ltr'><strong>tam</strong></span> 
     </span>
     <span class='ocr_line' id='line_1_24' title="bbox 704 2785 2902 2869; baseline -0.001 -18"><span class='ocrx_word' id='word_1_222' title='bbox 704 2789 822 2851; x_wconf 85' lang='lat' dir='ltr'><strong>diti</strong></span> <span class='ocrx_word' id='word_1_223' title='bbox 868 2790 1034 2852; x_wconf 91' lang='lat' dir='ltr'><strong>dono</strong></span> <span class='ocrx_word' id='word_1_224' title='bbox 1065 2789 1188 2852; x_wconf 92' lang='lat' dir='ltr'><strong>hoc</strong></span> <span class='ocrx_word' id='word_1_225' title='bbox 1222 2787 1541 2851; x_wconf 83' lang='lat' dir='ltr'><strong>fraudavit</strong></span> <span class='ocrx_word' id='word_1_226' title='bbox 1569 2787 1706 2869; x_wconf 89' lang='lat' dir='ltr'><strong>ipse</strong></span> <span class='ocrx_word' id='word_1_227' title='bbox 1738 2786 1931 2868; x_wconf 84' lang='lat' dir='ltr'><strong>Papa,</strong></span> <span class='ocrx_word' id='word_1_228' title='bbox 1965 2792 2029 2848; x_wconf 91' lang='lat' dir='ltr'><strong>et</strong></span> <span class='ocrx_word' id='word_1_229' title='bbox 2060 2785 2397 2867; x_wconf 80' lang='lat' dir='ltr'><strong>exspoliari</strong></span> <span class='ocrx_word' id='word_1_230' title='bbox 2426 2785 2571 2847; x_wconf 89' lang='lat' dir='ltr'><strong>sivit</strong></span> <span class='ocrx_word' id='word_1_231' title='bbox 2599 2787 2902 2850; x_wconf 78' lang='lat' dir='ltr'><strong>Ecclesiae</strong></span> 
     </span>
     <span class='ocr_line' id='line_1_25' title="bbox 694 2887 2902 2972; baseline -0 -19"><span class='ocrx_word' id='word_1_232' title='bbox 694 2893 1213 2972; x_wconf 60' lang='lat' dir='ltr'><strong>gazophylacium</strong></span> <span class='ocrx_word' id='word_1_233' title='bbox 1237 2892 1270 2953; x_wconf 85' lang='lat'><em>?</em></span> <span class='ocrx_word' id='word_1_234' title='bbox 1358 2890 1523 2953; x_wconf 91' lang='lat' dir='ltr'><strong>Cum</strong></span> <span class='ocrx_word' id='word_1_235' title='bbox 1553 2894 1698 2950; x_wconf 87' lang='lat' dir='ltr'><strong>vota</strong></span> <span class='ocrx_word' id='word_1_236' title='bbox 1743 2894 1879 2951; x_wconf 90' lang='lat' dir='ltr'><strong>tam</strong></span> <span class='ocrx_word' id='word_1_237' title='bbox 1908 2907 2114 2950; x_wconf 78' lang='lat' dir='ltr'><strong>severe</strong></span> <span class='ocrx_word' id='word_1_238' title='bbox 2144 2888 2358 2968; x_wconf 74' lang='lat' dir='ltr'><strong>eoeiqat</strong></span> <span class='ocrx_word' id='word_1_239' title='bbox 2389 2887 2587 2965; x_wconf 91' lang='lat' dir='ltr'><strong>Deus,</strong></span> <span class='ocrx_word' id='word_1_240' title='bbox 2620 2910 2736 2950; x_wconf 92' lang='lat' dir='ltr'><strong>cur</strong></span> <span class='ocrx_word' id='word_1_241' title='bbox 2767 2896 2902 2952; x_wconf 89' lang='lat' dir='ltr'><strong>tam</strong></span> 
     </span>
     <span class='ocr_line' id='line_1_26' title="bbox 699 2991 2903 3074; baseline 0.001 -21"><span class='ocrx_word' id='word_1_242' title='bbox 699 2993 884 3055; x_wconf 86' lang='lat' dir='ltr'><strong>facile</strong></span> <span class='ocrx_word' id='word_1_243' title='bbox 915 2992 1157 3055; x_wconf 85' lang='lat' dir='ltr'><strong>relaxat</strong></span> <span class='ocrx_word' id='word_1_244' title='bbox 1189 2992 1537 3055; x_wconf 82' lang='lat' dir='ltr'><strong>Pontifex?</strong></span> <span class='ocrx_word' id='word_1_245' title='bbox 1631 2991 1764 3054; x_wconf 87' lang='lat' dir='ltr'><strong>Cur</strong></span> <span class='ocrx_word' id='word_1_246' title='bbox 1811 2991 2131 3074; x_wconf 87' lang='lat' dir='ltr'><strong>erogando</strong></span> <span class='ocrx_word' id='word_1_247' title='bbox 2166 3011 2540 3072; x_wconf 79' lang='lat' dir='ltr'><strong>purpuram,</strong></span> <span class='ocrx_word' id='word_1_248' title='bbox 2575 2991 2903 3074; x_wconf 83' lang='lat' dir='ltr'><strong>derogavit</strong></span> 
     </span>
     <span class='ocr_line' id='line_1_27' title="bbox 701 3093 2904 3175; baseline 0.001 -21"><span class='ocrx_word' id='word_1_249' title='bbox 701 3094 888 3155; x_wconf 78' lang='lat' dir='ltr'><strong>Stoloe</strong></span> <span class='ocrx_word' id='word_1_250' title='bbox 907 3096 939 3155; x_wconf 67' lang='grc' dir='ltr'><em>Ρ</em></span> <span class='ocrx_word' id='word_1_251' title='bbox 1005 3101 1072 3156; x_wconf 88' lang='lat' dir='ltr'><strong>et</strong></span> <span class='ocrx_word' id='word_1_252' title='bbox 1121 3115 1257 3156; x_wconf 86' lang='lat' dir='ltr'><strong>una</strong></span> <span class='ocrx_word' id='word_1_253' title='bbox 1302 3114 1495 3175; x_wconf 89' lang='lat' dir='ltr'><strong>opera</strong></span> <span class='ocrx_word' id='word_1_254' title='bbox 1544 3095 1746 3155; x_wconf 82' lang='lat' dir='ltr'><strong>Deum</strong></span> <span class='ocrx_word' id='word_1_255' title='bbox 1796 3113 1866 3156; x_wconf 83' lang='lat' dir='ltr'><strong>re</strong></span> <span class='ocrx_word' id='word_1_256' title='bbox 1918 3093 2037 3157; x_wconf 92' lang='lat' dir='ltr'><strong>sibi</strong></span> <span class='ocrx_word' id='word_1_257' title='bbox 2080 3095 2469 3175; x_wconf 63' lang='lat' dir='ltr'><strong>gratissima,</strong></span> <span class='ocrx_word' id='word_1_258' title='bbox 2509 3094 2904 3156; x_wconf 79' lang='lat' dir='ltr'><strong>Cardinalem</strong></span> 
     </span>
     <span class='ocr_line' id='line_1_28' title="bbox 698 3195 2903 3278; baseline 0.002 -22"><span class='ocrx_word' id='word_1_259' title='bbox 698 3196 958 3277; x_wconf 87' lang='lat' dir='ltr'><strong>praemio</strong></span> <span class='ocrx_word' id='word_1_260' title='bbox 988 3195 1232 3258; x_wconf 87' lang='lat' dir='ltr'><strong>coelesti</strong></span> <span class='ocrx_word' id='word_1_261' title='bbox 1264 3195 1674 3278; x_wconf 87' lang='lat' dir='ltr'><strong>amplissimo,</strong></span> <span class='ocrx_word' id='word_1_262' title='bbox 1699 3197 2000 3259; x_wconf 66' lang='lat' dir='ltr'><strong>Ecclesiae</strong></span> <span class='ocrx_word' id='word_1_263' title='bbox 2026 3198 2404 3259; x_wconf 62' lang='lat' dir='ltr'><strong>Uestam-um</strong></span> <span class='ocrx_word' id='word_1_264' title='bbox 2432 3195 2666 3259; x_wconf 86' lang='lat' dir='ltr'><strong>illustri</strong></span> <span class='ocrx_word' id='word_1_265' title='bbox 2695 3197 2903 3261; x_wconf 88' lang='lat' dir='ltr'><strong>incre-</strong></span> 
     </span>
     <span class='ocr_line' id='line_1_29' title="bbox 695 3297 2899 3383; baseline 0.002 -24"><span class='ocrx_word' id='word_1_266' title='bbox 695 3304 935 3375; x_wconf 89' lang='lat' dir='ltr'><strong>ment0,</strong></span> <span class='ocrx_word' id='word_1_267' title='bbox 997 3297 1289 3380; x_wconf 87' lang='lat' dir='ltr'><strong>spoliavit</strong></span> <span class='ocrx_word' id='word_1_268' title='bbox 1312 3300 1341 3360; x_wconf 74' lang='grc' dir='ltr'><strong><em>Ῥ</em></strong></span> <span class='ocrx_word' id='word_1_269' title='bbox 1460 3298 1672 3361; x_wconf 88' lang='lat' dir='ltr'><strong>Pluris</strong></span> <span class='ocrx_word' id='word_1_270' title='bbox 1728 3301 1825 3382; x_wconf 94' lang='lat' dir='ltr'><strong>(ut</strong></span> <span class='ocrx_word' id='word_1_271' title='bbox 1883 3300 2156 3381; x_wconf 86' lang='lat' dir='ltr'><strong>videtur)</strong></span> <span class='ocrx_word' id='word_1_272' title='bbox 2217 3300 2447 3363; x_wconf 79' lang='lat' dir='ltr'><strong>titulus</strong></span> <span class='ocrx_word' id='word_1_273' title='bbox 2500 3308 2567 3363; x_wconf 89' lang='lat' dir='ltr'><strong>et</strong></span> <span class='ocrx_word' id='word_1_274' title='bbox 2618 3300 2899 3383; x_wconf 88' lang='lat' dir='ltr'><strong>insignia</strong></span> 
     </span>
     <span class='ocr_line' id='line_1_30' title="bbox 699 3396 2902 3485; baseline 0.001 -19"><span class='ocrx_word' id='word_1_275' title='bbox 699 3396 1076 3480; x_wconf 83' lang='lat' dir='ltr'><strong>CardinaliS,</strong></span> <span class='ocrx_word' id='word_1_276' title='bbox 1132 3422 1323 3484; x_wconf 91' lang='lat' dir='ltr'><strong>quam</strong></span> <span class='ocrx_word' id='word_1_277' title='bbox 1376 3402 1705 3484; x_wconf 87' lang='lat' dir='ltr'><strong>egregium</strong></span> <span class='ocrx_word' id='word_1_278' title='bbox 1752 3402 1875 3466; x_wconf 87' lang='lat' dir='ltr'><strong>hoc</strong></span> <span class='ocrx_word' id='word_1_279' title='bbox 1923 3424 2073 3483; x_wconf 70' lang='lat' dir='ltr'><strong>opus</strong></span> <span class='ocrx_word' id='word_1_280' title='bbox 2116 3404 2680 3485; x_wconf 65' lang='lat' dir='ltr'><strong>supererogationis</strong></span> <span class='ocrx_word' id='word_1_281' title='bbox 2701 3431 2720 3464; x_wconf 91' lang='lat'><em>:</em></span> <span class='ocrx_word' id='word_1_282' title='bbox 2769 3426 2902 3468; x_wconf 90' lang='lat' dir='ltr'><strong>non</strong></span> 
     </span>
     <span class='ocr_line' id='line_1_31' title="bbox 696 3504 2896 3588; baseline 0.002 -21"><span class='ocrx_word' id='word_1_283' title='bbox 696 3506 789 3568; x_wconf 91' lang='lat' dir='ltr'><strong>ita</strong></span> <span class='ocrx_word' id='word_1_284' title='bbox 818 3505 1001 3568; x_wconf 85' lang='lat' dir='ltr'><strong>valde</strong></span> <span class='ocrx_word' id='word_1_285' title='bbox 1052 3504 1273 3587; x_wconf 87' lang='lat' dir='ltr'><strong>magni</strong></span> <span class='ocrx_word' id='word_1_286' title='bbox 1323 3505 1512 3587; x_wconf 85' lang='lat' dir='ltr'><strong>pretii</strong></span> <span class='ocrx_word' id='word_1_287' title='bbox 1560 3504 1746 3583; x_wconf 88' lang='lat' dir='ltr'><strong>illud,</strong></span> <span class='ocrx_word' id='word_1_288' title='bbox 1782 3505 1938 3587; x_wconf 92' lang='lat' dir='ltr'><strong>quin</strong></span> <span class='ocrx_word' id='word_1_289' title='bbox 1983 3505 2178 3568; x_wconf 89' lang='lat' dir='ltr'><strong>rubro</strong></span> <span class='ocrx_word' id='word_1_290' title='bbox 2225 3506 2392 3588; x_wconf 91' lang='lat' dir='ltr'><strong>pileo</strong></span> <span class='ocrx_word' id='word_1_291' title='bbox 2439 3513 2896 3571; x_wconf 89' lang='lat' dir='ltr'><strong>commutetur.</strong></span> 
     </span>
     <span class='ocr_line' id='line_1_32' title="bbox 695 3608 2898 3690; baseline 0.001 -18"><span class='ocrx_word' id='word_1_292' title='bbox 695 3608 785 3672; x_wconf 86' lang='lat' dir='ltr'><strong>Et</strong></span> <span class='ocrx_word' id='word_1_293' title='bbox 834 3616 1164 3690; x_wconf 86' lang='lat' dir='ltr'><strong>utcunque</strong></span> <span class='ocrx_word' id='word_1_294' title='bbox 1213 3608 1340 3670; x_wconf 88' lang='lat' dir='ltr'><strong>Deo</strong></span> <span class='ocrx_word' id='word_1_295' title='bbox 1395 3608 1826 3689; x_wconf 72' lang='lat' dir='ltr'><strong>qratissimum</strong></span> <span class='ocrx_word' id='word_1_296' title='bbox 1884 3608 1967 3670; x_wconf 89' lang='lat' dir='ltr'><strong>sit</strong></span> <span class='ocrx_word' id='word_1_297' title='bbox 2026 3614 2252 3687; x_wconf 83' lang='lat' dir='ltr'><strong>votum,</strong></span> <span class='ocrx_word' id='word_1_298' title='bbox 2303 3609 2630 3672; x_wconf 86' lang='lat' dir='ltr'><strong>Cardinali</strong></span> <span class='ocrx_word' id='word_1_299' title='bbox 2677 3618 2898 3675; x_wconf 88' lang='lat' dir='ltr'><strong>tamen</strong></span> 
     </span>
     <span class='ocr_line' id='line_1_33' title="bbox 696 3712 1713 3794; baseline 0.001 -21"><span class='ocrx_word' id='word_1_300' title='bbox 696 3717 949 3774; x_wconf 86' lang='lat' dir='ltr'><strong>constat</strong></span> <span class='ocrx_word' id='word_1_301' title='bbox 974 3732 1324 3794; x_wconf 86' lang='lat' dir='ltr'><strong>purpuram</strong></span> <span class='ocrx_word' id='word_1_302' title='bbox 1349 3712 1713 3792; x_wconf 73' lang='lat' dir='ltr'><strong>qratiorem.</strong></span> 
     </span>
    </p>
   </div>
   <div class='ocr_carea' id='block_1_5' title="bbox 761 3872 2900 4020">
    <p class='ocr_par' dir='ltr' id='par_1_5' title="bbox 761 3872 2900 4020">
     <span class='ocr_line' id='line_1_34' title="bbox 761 3872 2900 3940; baseline 0.001 -19"><span class='ocrx_word' id='word_1_303' title='bbox 761 3872 908 3934; x_wconf 85' lang='lat' dir='ltr'><strong>Piget</strong></span> <span class='ocrx_word' id='word_1_304' title='bbox 930 3873 994 3922; x_wconf 85' lang='lat' dir='ltr'><strong>ad</strong></span> <span class='ocrx_word' id='word_1_305' title='bbox 1020 3873 1119 3922; x_wconf 84' lang='lat' dir='ltr'><strong>ista</strong></span> <span class='ocrx_word' id='word_1_306' title='bbox 1138 3873 1452 3937; x_wconf 84' lang='lat' dir='ltr'><strong>respondere,</strong></span> <span class='ocrx_word' id='word_1_307' title='bbox 1479 3889 1594 3923; x_wconf 90' lang='lat' dir='ltr'><strong>cum</strong></span> <span class='ocrx_word' id='word_1_308' title='bbox 1618 3888 1767 3923; x_wconf 88' lang='lat' dir='ltr'><strong>nemo</strong></span> <span class='ocrx_word' id='word_1_309' title='bbox 1788 3874 1990 3932; x_wconf 82' lang='lat' dir='ltr'><strong>nesciat,</strong></span> <span class='ocrx_word' id='word_1_310' title='bbox 2016 3888 2283 3936; x_wconf 85' lang='lat' dir='ltr'><strong>campanas</strong></span> <span class='ocrx_word' id='word_1_311' title='bbox 2298 3872 2545 3933; x_wconf 86' lang='lat' dir='ltr'><strong>benedici,</strong></span> <span class='ocrx_word' id='word_1_312' title='bbox 2569 3912 2580 3922; x_wconf 93' lang='lat'><strong>.</strong></span> <span class='ocrx_word' id='word_1_313' title='bbox 2596 3910 2608 3922; x_wconf 93' lang='lat'><strong>.</strong></span> <span class='ocrx_word' id='word_1_314' title='bbox 2625 3912 2637 3924; x_wconf 92' lang='lat'><strong>.</strong></span> <span class='ocrx_word' id='word_1_315' title='bbox 2657 3889 2760 3925; x_wconf 84' lang='lat' dir='ltr'><strong>non</strong></span> <span class='ocrx_word' id='word_1_316' title='bbox 2783 3876 2900 3940; x_wconf 75' lang='lat' dir='ltr'><strong>bap-</strong></span> 
     </span>
     <span class='ocr_line' id='line_1_35' title="bbox 823 3955 2696 4020; baseline 0.001 -16"><span class='ocrx_word' id='word_1_317' title='bbox 823 3955 1210 4018; x_wconf 84' lang='lat' dir='ltr'><strong>tizari.—[Bell.</strong></span> <span class='ocrx_word' id='word_1_318' title='bbox 1233 3956 1380 4019; x_wconf 91' lang='lat' dir='ltr'><strong>Apol.</strong></span> <span class='ocrx_word' id='word_1_319' title='bbox 1405 3971 1496 4019; x_wconf 90' lang='lat' dir='ltr'><strong>pro</strong></span> <span class='ocrx_word' id='word_1_320' title='bbox 1521 3955 1696 4019; x_wconf 68' lang='lat' dir='ltr'><strong>Resp]</strong></span> <span class='ocrx_word' id='word_1_321' title='bbox 1724 3971 1772 4019; x_wconf 91' lang='lat' dir='ltr'><strong>p.</strong></span> <span class='ocrx_word' id='word_1_322' title='bbox 1797 3959 1906 4006; x_wconf 86' lang='lat'><strong>109.</strong></span> <span class='ocrx_word' id='word_1_323' title='bbox 1933 3956 2038 4019; x_wconf 91' lang='lat' dir='ltr'><strong>[Op</strong></span> <span class='ocrx_word' id='word_1_324' title='bbox 2057 3992 2072 4014; x_wconf 90' lang='lat'><strong>,</strong></span> <span class='ocrx_word' id='word_1_325' title='bbox 2096 3961 2216 4005; x_wconf 80' lang='lat' dir='ltr'><strong>tom.</strong></span> <span class='ocrx_word' id='word_1_326' title='bbox 2241 3957 2329 4005; x_wconf 82' lang='lat' dir='ltr'><strong>vii.</strong></span> <span class='ocrx_word' id='word_1_327' title='bbox 2353 3956 2443 4005; x_wconf 88' lang='lat' dir='ltr'><strong>col.</strong></span> <span class='ocrx_word' id='word_1_328' title='bbox 2471 3957 2583 4009; x_wconf 78' lang='grc'><strong>766.</strong></span> <span class='ocrx_word' id='word_1_329' title='bbox 2610 3957 2696 4020; x_wconf 90' lang='grc' dir='ltr'><strong>Β.]</strong></span> 
     </span>
    </p>
   </div>
   <div class='ocr_carea' id='block_1_6' title="bbox 367 4070 2895 4463">
    <p class='ocr_par' dir='ltr' id='par_1_6' title="bbox 367 4070 2895 4463">
     <span class='ocr_line' id='line_1_36' title="bbox 373 4070 2895 4156; baseline 0.004 -28"><span class='ocrx_word' id='word_1_330' title='bbox 373 4081 475 4156; x_wconf 71' lang='lat' dir='ltr'><strong>[De</strong></span> <span class='ocrx_word' id='word_1_331' title='bbox 499 4079 621 4144; x_wconf 77' lang='lat' dir='ltr'><strong>Bap-</strong></span> <span class='ocrx_word' id='word_1_332' title='bbox 781 4072 965 4154; x_wconf 70' lang='lat' dir='ltr'><strong>Piqet</strong></span> <span class='ocrx_word' id='word_1_333' title='bbox 1018 4070 1252 4153; x_wconf 87' lang='lat' dir='ltr'><strong>(credo)</strong></span> <span class='ocrx_word' id='word_1_334' title='bbox 1309 4071 1391 4134; x_wconf 87' lang='lat' dir='ltr'><strong>ad</strong></span> <span class='ocrx_word' id='word_1_335' title='bbox 1452 4092 1795 4154; x_wconf 85' lang='lat' dir='ltr'><strong>campanas</strong></span> <span class='ocrx_word' id='word_1_336' title='bbox 1854 4073 2225 4154; x_wconf 72' lang='lat' dir='ltr'><strong>respondere</strong></span> <span class='ocrx_word' id='word_1_337' title='bbox 2274 4072 2706 4137; x_wconf 88' lang='lat' dir='ltr'><strong>Cardinalem.</strong></span> <span class='ocrx_word' id='word_1_338' title='bbox 2802 4076 2895 4139; x_wconf 90' lang='lat' dir='ltr'><strong>At</strong></span> 
     </span>
     <span class='ocr_line' id='line_1_37' title="bbox 367 4145 2894 4274; baseline 0.002 -40"><span class='ocrx_word' id='word_1_339' title='bbox 367 4145 669 4274; x_wconf 50' lang='grc' dir='ltr'><strong>ἓξῒὸἳέἑᾜ</strong></span> <span class='ocrx_word' id='word_1_340' title='bbox 696 4194 885 4236; x_wconf 89' lang='lat' dir='ltr'><strong>nemo</strong></span> <span class='ocrx_word' id='word_1_341' title='bbox 929 4174 1153 4252; x_wconf 89' lang='lat' dir='ltr'><strong>nescit,</strong></span> <span class='ocrx_word' id='word_1_342' title='bbox 1200 4194 1333 4237; x_wconf 91' lang='lat' dir='ltr'><strong>non</strong></span> <span class='ocrx_word' id='word_1_343' title='bbox 1372 4175 1657 4255; x_wconf 74' lang='lat' dir='ltr'><strong>piquisse</strong></span> <span class='ocrx_word' id='word_1_344' title='bbox 1699 4173 1966 4237; x_wconf 90' lang='lat' dir='ltr'><strong>minime</strong></span> <span class='ocrx_word' id='word_1_345' title='bbox 1994 4175 2327 4257; x_wconf 83' lang='lat' dir='ltr'><strong>vulgarem</strong></span> <span class='ocrx_word' id='word_1_346' title='bbox 2357 4175 2710 4238; x_wconf 90' lang='lat' dir='ltr'><strong>Auctorem</strong></span> <span class='ocrx_word' id='word_1_347' title='bbox 2748 4178 2894 4239; x_wconf 85' lang='lat' dir='ltr'><strong>Ste-</strong></span> 
     </span>
     <span class='ocr_line' id='line_1_38' title="bbox 693 4274 2891 4361; baseline 0.002 -24"><span class='ocrx_word' id='word_1_348' title='bbox 693 4274 981 4357; x_wconf 85' lang='lat' dir='ltr'><strong>phanum</strong></span> <span class='ocrx_word' id='word_1_349' title='bbox 1027 4277 1325 4353; x_wconf 88' lang='lat' dir='ltr'><strong>Duranti,</strong></span> <span class='ocrx_word' id='word_1_350' title='bbox 1368 4277 1436 4339; x_wconf 90' lang='lat' dir='ltr'><strong>in</strong></span> <span class='ocrx_word' id='word_1_351' title='bbox 1477 4277 1727 4339; x_wconf 69' lang='lat' dir='ltr'><strong>Ritibus</strong></span> <span class='ocrx_word' id='word_1_352' title='bbox 1767 4277 2066 4339; x_wconf 71' lang='lat' dir='ltr'><strong>Ecclesioe</strong></span> <span class='ocrx_word' id='word_1_353' title='bbox 2104 4284 2350 4353; x_wconf 83' lang='lat' dir='ltr'><strong>vestrae,</strong></span> <span class='ocrx_word' id='word_1_354' title='bbox 2396 4277 2621 4340; x_wconf 85' lang='lat' dir='ltr'><strong>Romae</strong></span> <span class='ocrx_word' id='word_1_355' title='bbox 2665 4299 2891 4361; x_wconf 91' lang='lat' dir='ltr'><strong>nuper,</strong></span> 
     </span>
     <span class='ocr_line' id='line_1_39' title="bbox 694 4378 2889 4463; baseline 0.002 -24"><span class='ocrx_word' id='word_1_356' title='bbox 694 4378 986 4459; x_wconf 86' lang='lat' dir='ltr'><strong>auspiciis</strong></span> <span class='ocrx_word' id='word_1_357' title='bbox 1027 4378 1320 4461; x_wconf 85' lang='lat' dir='ltr'><strong>Gregorii</strong></span> <span class='ocrx_word' id='word_1_358' title='bbox 1352 4378 1560 4455; x_wconf 69' lang='lat' dir='ltr'>XIV„</span> <span class='ocrx_word' id='word_1_359' title='bbox 1614 4379 1826 4457; x_wconf 85' lang='lat' dir='ltr'><strong>editis,</strong></span> <span class='ocrx_word' id='word_1_360' title='bbox 1875 4379 2240 4461; x_wconf 77' lang='lat' dir='ltr'><strong>baptizandi</strong></span> <span class='ocrx_word' id='word_1_361' title='bbox 2294 4400 2512 4445; x_wconf 83' lang='lat' dir='ltr'><strong>vocem</strong></span> <span class='ocrx_word' id='word_1_362' title='bbox 2561 4402 2889 4463; x_wconf 84' lang='lat' dir='ltr'><strong>usurpare.</strong></span> 
     </span>
    </p>
   </div>
   <div class='ocr_carea' id='block_1_7' title="bbox 454 4479 2890 4564">
    <p class='ocr_par' dir='ltr' id='par_1_7' title="bbox 454 4479 2890 4564">
     <span class='ocr_line' id='line_1_40' title="bbox 454 4479 2890 4564; baseline 0.005 -28"><span class='ocrx_word' id='word_1_363' title='bbox 454 4479 575 4538; x_wconf 75' lang='lat'><strong>197</strong></span> <span class='ocrx_word' id='word_1_364' title='bbox 690 4480 1132 4557; x_wconf 76' lang='lat' dir='ltr'><strong>Baptizantur,</strong></span> <span class='ocrx_word' id='word_1_365' title='bbox 1181 4481 1410 4562; x_wconf 90' lang='lat' dir='ltr'><strong>inquit,</strong></span> <span class='ocrx_word' id='word_1_366' title='bbox 1455 4503 1786 4562; x_wconf 65' lang='lat' dir='ltr'><strong>campana-2.</strong></span> <span class='ocrx_word' id='word_1_367' title='bbox 1879 4485 1986 4560; x_wconf 82' lang='lat' dir='ltr'><strong>Et,</strong></span> <span class='ocrx_word' id='word_1_368' title='bbox 2020 4483 2302 4564; x_wconf 82' lang='lat' dir='ltr'><strong>formula</strong></span> <span class='ocrx_word' id='word_1_369' title='bbox 2350 4483 2736 4563; x_wconf 73' lang='lat' dir='ltr'><strong>baptizandi,</strong></span> <span class='ocrx_word' id='word_1_370' title='bbox 2783 4485 2890 4561; x_wconf 85' lang='lat' dir='ltr'><strong>Et,</strong></span> 
     </span>
    </p>
   </div>
  </div>
 </body>
</html>
