3165 4959
424 3279 553 3342 116

657 325 786 388 152
1282 337 1371 385 AD
1416 336 1797 386 ommam
1840 334 2239 384 Bmmm1

654 496 961 574 habituri,
982 496 1071 559 sic
1089 516 1159 558 se
1183 515 1540 576 componere
1563 495 1653 558 ad
1670 495 2045 575 Exemplum
2060 504 2087 531 V
2109 514 2353 557 eorum.
2420 492 2673 569 Sciunt,
2695 490 2872 553 inter

654 602 902 663 simiam
932 620 1135 681 ayere,
1168 607 1233 662 et
1263 599 1546 661 aemulari
1590 600 1775 677 serio,
1807 598 1965 681 quid
2007 596 2283 661 intersit.
2373 597 2462 660 Et
2491 603 2566 658 ut
2600 594 2867 656 Mimica

654 703 769 766 illa
795 703 1163 766 imitatione
1191 702 1502 785 injuriam
1545 700 1670 765 sibi
1701 701 1860 779 fieri,
1900 701 1995 765 ita
2030 700 2372 764 leviculam
2401 698 2572 761 hanc
2602 705 2668 761 et
2696 695 2865 760 ludi-

656 826 834 870 cram
877 806 1376 883 excusationem,
1410 805 1821 869 Cardinalem
1849 804 1953 866 vix
1984 804 2207 868 decere
2244 802 2636 887 judicarent.
2726 801 2871 863 Nec

655 909 775 973 sub
807 911 988 992 Rege
1018 915 1241 972 nostro
1264 909 1493 970 misera
1524 908 1771 970 vivendi
1802 907 2096 985 conditio,
2126 907 2279 990 (quo
2312 905 2480 968 nihil
2510 905 2608 968 sol
2638 902 2865 986 aspicit

655 1012 887 1076 melius
927 1012 1277 1094 mitiusve,)
1315 1011 1553 1096 quique
1585 1017 1650 1074 et
1696 1011 1995 1089 imitetur,
2029 1009 2240 1092 siquid
2268 1009 2523 1092 uspiam
2562 1006 2717 1070 boni
2748 1012 2864 1084 est,

657 1122 724 1178 et
754 1115 824 1178 in
856 1115 1028 1179 bono
1063 1114 1205 1177 aliis
1237 1135 1306 1176 se
1336 1114 1727 1176 imitandum
1757 1112 2063 1197 praebeat.
2152 1112 2402 1174 Misera
2431 1111 2599 1175 forte
2629 1111 2871 1190 Reyum

655 1220 932 1299 ipsorum
955 1219 1250 1295 conditiO,
1276 1216 1510 1300 quibus
1531 1216 1627 1280 ita
1650 1217 1847 1299 impie
1884 1216 2070 1279 illudi
2092 1216 2190 1278 fas
2215 1215 2298 1278 sit
2322 1236 2361 1277 a
2384 1212 2863 1278 cardinalibus.

746 1320 994 1387 Quodsi
1032 1321 1263 1383 misera
1300 1320 1661 1382 Cardinalis
1695 1320 1989 1398 mnditia,
2021 1318 2150 1381 nisi
2183 1318 2273 1380 ibi
2306 1319 2497 1394 vivat,
2528 1316 2634 1378 ubi
2666 1335 2872 1379 exem-

644 1425 828 1505 plum
871 1423 1115 1501 habeat,
1161 1423 1324 1486 unde
1366 1423 1639 1485 scribere
1693 1422 1898 1485 discat
1915 1449 1938 1495 ,-
1996 1443 2081 1484 ne
2129 1421 2219 1484 sic
2272 1419 2534 1501 quidem
2580 1418 2869 1501 effugiet,

657 1527 835 1611 quin,
867 1527 968 1590 vel
996 1526 1111 1590 ubi
1139 1526 1315 1604 vivit,
1346 1527 1536 1589 miser
1564 1525 1669 1589 sit.
1767 1526 1937 1588 Vere
1979 1524 2152 1587 enim
2183 1524 2374 1586 miser
2404 1521 2783 1599 CardinaIiS,
2817 1523 2872 1584 si

657 1630 737 1692 ab
773 1630 964 1707 illius,
995 1629 1108 1692 sub
1155 1649 1273 1710 quo
1316 1629 1470 1690 vivit
1509 1629 1804 1708 exemplo,
1837 1627 2197 1689 discendum
2236 1626 2294 1688 ei
2336 1624 2698 1703 scribere,a
2742 1645 2873 1706 quo

658 1732 807 1795 bene
850 1733 1068 1794 vestiri
1114 1731 1283 1794 forte
1331 1730 1554 1808 discat,
1609 1737 1676 1792 at
1736 1751 1856 1793 nec
1906 1730 2074 1811 loqui
2123 1749 2244 1792 nec
2295 1727 2586 1792 scribere.
2678 1727 2872 1791 Certe

655 1836 747 1918 inj
758 1835 964 1897 uriam
995 1833 1118 1898 sibi
1149 1833 1508 1898 Cardinalis
1523 1832 1678 1914 fieri
1709 1832 2051 1917 judicaret,
2087 1832 2141 1895 si
2179 1832 2492 1895 scribendi
2521 1833 2870 1912 exemplum

658 1961 698 2000 a
727 1938 805 2001 B.
838 1959 955 2001 suo
985 1938 1178 2002 Patre
1214 1937 1415 2000 Paulo
1447 1957 1688 2001 sumere
1723 1950 2095 2020 cogeretur:
2150 1937 2345 2019 longe
2375 1957 2524 1999 vero
2553 1935 2870 2019 majorem

667 2042 894 2125 (audeo
931 2041 1162 2120 dicere,
1193 2041 1265 2104 in
1307 2062 1512 2124 eoque
1557 2041 2021 2105 conscientiam
2060 2041 2237 2105 illius
2274 2039 2629 2123 conveni0‚)
2672 2061 2871 2123 quam

658 2146 714 2209 si
765 2166 805 2209 a
863 2146 1063 2229 Rege.
1174 2145 1350 2208 Nam
1402 2144 1483 2208 de
1545 2145 1724 2227 Rege
1776 2143 1932 2227 quid
1988 2143 2225 2207 attinet
2276 2144 2508 2222 dicere,
2556 2144 2629 2206 in
2676 2164 2874 2226 quem

657 2248 1039 2312 illiberalem
1075 2249 1251 2312 hunc
1294 2247 1508 2312 locum
1553 2247 1858 2311 strinxit?
1921 2246 2222 2311 Modeste
2269 2254 2493 2309 tamen
2539 2245 2770 2324 dicam,
2804 2253 2873 2310 et

656 2373 836 2416 vere:
868 2351 1231 2416 later-arum
1259 2351 1449 2414 laude
1472 2372 1622 2415 eum
1646 2350 1757 2434 qui
1780 2357 1974 2433 neget
1992 2349 2165 2414 inter
2184 2348 2516 2433 Principes
2540 2356 2872 2432 praestare,

661 2461 728 2518 et
759 2455 1127 2540 Principem
1159 2475 1316 2534 esse,
1350 2454 1672 2519 literatum
1700 2475 1850 2519 eum
1887 2459 2130 2536 negent
2160 2452 2400 2515 literati
2430 2472 2670 2516 omnes.
2769 2453 2872 2517 Ac

662 2558 1022 2623 Cardinalis
1049 2558 1214 2622 forte
1252 2560 1447 2621 altum
1485 2559 1658 2640 sapit.
1696 2557 1775 2623 de
1814 2577 1901 2634 se,
1936 2557 2123 2619 discit
2155 2576 2194 2617 α
2223 2556 2462 2618 nemine
2482 2582 2500 2616 .-
2548 2554 2618 2617 id
2646 2563 2874 2619 tamen

660 2668 808 2725 tuto
845 2662 1160 2725 affirmare
1204 2661 1414 2739 liceat,
1447 2682 1584 2725 esse
1614 2660 1716 2724 vel
1756 2660 1829 2723 in
1869 2659 2010 2743 ipso
2047 2659 2479 2721 Cardinalium
2519 2664 2716 2736 coetu,
2749 2679 2873 2722 nec

660 2786 899 2847 paucos
944 2786 1101 2844 esse,
1134 2764 1264 2847 qui,
1297 2764 1540 2848 absque
1570 2764 1880 2845 Purpurae
1923 2782 2049 2825 suoe
2092 2760 2332 2845 injuria
2374 2760 2527 2839 ulla,
2563 2760 2760 2843 Regis
2791 2761 2873 2823 ab

661 2868 938 2949 eoeemplo
981 2874 1047 2930 et
1086 2869 1254 2949 loqui
1294 2868 1561 2944 discant,
1604 2873 1671 2929 et
1706 2866 1996 2929 scribere.
2087 2866 2320 2948 Neque
2351 2884 2499 2926 vero
2527 2862 2720 2929 laude
2750 2862 2873 2927 hac

662 2971 798 3035 sola
839 2970 1202 3033 Isiterarum
1242 2978 1549 3055 praestare
1596 2971 1863 3052 Regem,
1896 2969 2200 3052 praeclara
2241 2967 2501 3051 quidem
2545 2967 2676 3045 illa,
2708 2988 2872 3051 prae-

663 3081 832 3136 stare
877 3080 942 3137 et
987 3073 1164 3137 aliis:
1214 3074 1284 3136 in
1326 3074 1553 3156 quue
1592 3072 1865 3135 virtutes
1910 3072 2191 3155 reliquas
2238 3070 2528 3149 Pietatis,
2561 3071 2603 3134 J
2607 3070 2870 3149 ustitiae,

664 3175 1053 3254 Prudentiae,
1084 3175 1571 3257 Temperantiae,
1612 3174 2102 3251 Munificentiae,
2136 3174 2535 3252 Clementiae,
2568 3179 2633 3236 et
2672 3172 2874 3256 siquae

665 3278 807 3342 aliae
836 3287 1010 3356 sunt,
1043 3298 1185 3361 quae
1214 3277 1287 3339 in
1318 3278 1518 3361 Rege,
1550 3297 1695 3360 quae
1726 3277 1799 3340 in
1829 3276 2198 3341 Christiano
2237 3276 2487 3339 laudari
2519 3276 2747 3354 solent,
2778 3276 2876 3340 ita

662 3381 915 3445 elucere
957 3381 1029 3444 in
1072 3403 1148 3445 eo
1192 3402 1434 3460 omnes„
1481 3388 1556 3443 ut
1604 3379 1978 3463 Principum
2018 3400 2210 3443 nemo
2256 3378 2339 3441 sit
2392 3380 2634 3460 ἐπίομεν
2682 3380 2826 3440 vitae
2846 3388 2874 3417 ¹

661 3486 891 3569 magis,
942 3505 1136 3549 nemo
1186 3485 1279 3550 ad
1328 3486 1503 3567 cujus
1562 3485 1905 3566 exemplum
1963 3504 2172 3547 mores
2231 3504 2601 3566 componas»,
2651 3504 2691 3545 a
2742 3504 2872 3565 quo

660 3590 894 3655 melius
917 3589 1224 3653 virtutem
1254 3590 1483 3668 discas,
1508 3589 1794 3672 adeoque
1825 3587 1946 3651 sub
1969 3608 2096 3670 quo
2126 3585 2433 3650 libentius
2457 3586 2612 3649 velis
2641 3587 2867 3649 vivere.

664 3695 879 3760 Quam
923 3714 1074 3757 vero
1122 3694 1265 3757 Deo
1316 3693 1613 3772 dilectus,
1664 3714 1859 3775 quam
1916 3691 2014 3755 illi
2063 3691 2239 3755 cordi
2287 3690 2374 3754 sit
2432 3697 2626 3773 atque
2673 3710 2867 3767 curae,

663 3798 902 3882 difflato
954 3817 1151 3879 nuper
1180 3799 1441 3879 pulvere
1490 3803 1716 3874 vestr-0,
1764 3803 1830 3859 et
1875 3794 2058 3879 quasi
2102 3794 2339 3858 nebula
2382 3793 2683 3872 discussa,
2730 3814 2868 3857 om-

659 3901 844 3964 nium
887 3901 959 3964 in
1003 3901 1204 3964 oculis
1246 3902 1404 3985 jam,
1454 3900 1747 3963 omnium
1791 3897 1864 3960 in
1907 3918 2016 3961 ore
2060 3905 2372 3961 versatur.
2463 3897 2604 3960 Tali
2648 3903 2869 3961 autem

661 4003 780 4068 sub
831 4005 1030 4087 Rege,
1060 4009 1199 4066 tam
1235 4003 1361 4087 pio,
1392 4002 1718 4085 prudenti,
1759 4008 1954 4079 cast0‚
1995 4000 2160 4079 miti,
2203 4000 2527 4079 munifico,
2569 4007 2869 4083 potestne

658 4129 794 4171 esse
823 4128 946 4171 non
959 4106 1133 4189 felix·
1160 4107 1406 4169 vivendi
1436 4106 1708 4169 conditio
1728 4105 1761 4167 ?
1807 4104 1986 4171 Quin
2021 4103 2361 4167 circumfer
2389 4103 2629 4180 oculos,
2661 4102 2870 4166 lustra

657 4211 954 4294 regiones
1003 4232 1247 4290 omnes,
1294 4208 1373 4273 ab
1418 4209 1498 4272 iis
1543 4209 1654 4292 qui
1695 4208 2056 4272 lustrarunt
2109 4228 2340 4292 quaere,
2382 4206 2498 4270 ubi
2551 4206 2631 4289 (si
2675 4206 2870 4270 detur

657 4314 853 4397 optio)
894 4315 1126 4378 malint
1155 4315 1295 4397 jam
1324 4313 1553 4391 vivere,
1588 4334 1782 4396 quam
1821 4313 1942 4395 (uti
1979 4333 2217 4376 nomen
2257 4311 2348 4374 eis
2378 4311 2590 4375 facere
2621 4311 2854 4394 solent)

1004 4433 1060 4498 [“
1074 4432 1409 4495 Componitur
1430 4431 1568 4481 orbis

850 4497 1005 4558 Regis
1025 4496 1089 4545 ad
1112 4498 1447 4560 exemplum.”

654 4560 829 4611 Claud.
845 4560 907 4610 de
918 4561 1010 4610 IV.
1026 4561 1281 4611 consulat.
1301 4561 1662 4625 Honorii‚299,
1678 4561 1811 4625 300.]
1963 4569 1986 4594 ¹
2019 4560 2222 4625 [Horat.
2248 4559 2413 4611 Carm.
2439 4558 2479 4608 Ι.
2505 4560 2584 4609 22.
2602 4558 2669 4624 1.]
