3165 4959
892 361 1257 410 stomoma
1298 361 1661 411 mronsm.
2248 352 2378 416 477

197 517 565 581 Potestatem
599 517 840 598 ligandi
874 538 1009 581 non
1036 524 1232 600 negat
1260 517 1331 580 in
1361 538 1526 597 suoS,
1559 516 1852 581 concedit
1882 519 2101 600 liyare,
2145 519 2256 583 sed
2285 527 2385 583 eet

196 621 390 701 aliquo
406 620 670 700 prodire
700 626 894 697 tenus,
925 640 1037 682 nec
1064 620 1235 683 ultra
1266 620 1410 682 dari
1433 629 1478 682 ⁸.
1566 619 1837 699 Pariter,
1870 622 1977 704 qui
2002 623 2209 703 jurat,
2243 643 2379 686 cre-

197 722 331 784 dere
361 743 444 799 ee,
491 723 658 804 quod
697 743 819 785 non
851 724 1056 803 possit
1100 743 1235 785 eum
1272 724 1507 785 solvere
1537 724 1721 805 Papa
1766 745 1805 786 a
1834 725 2197 788 Juramento
2241 728 2379 803 hoc,

195 844 320 887 non
360 832 554 907 negat
594 831 979 908 potestatem
1022 826 1297 887 solvendi
1340 825 1412 887 in
1440 825 1634 909 Papa,
1663 847 1783 889 nec
1810 828 2085 889 solvendi
2116 847 2156 889 a
2184 828 2381 890 JuraJ·

195 932 423 997 mento;
471 932 712 989 tantum
753 926 831 988 ab
875 928 991 989 hoc
1019 927 1404 993 JuramentO.
1495 929 1747 990 Solvere
1784 950 1970 1011 posse
2000 951 2149 993 eum
2186 930 2381 1013 largi-

194 1035 294 1091 tur
309 1055 328 1106 ;
373 1030 504 1106 hoc,
535 1050 667 1091 non
694 1050 900 1111 posse.
989 1029 1151 1092 Esse
1202 1029 1375 1093 euim
1419 1031 1852 1095 Juramentum
1903 1033 2234 1116 ejusmodi,
2287 1033 2385 1096 ita.

196 1132 587 1211 ccmyenitum,
633 1131 727 1192 ita
754 1131 1020 1194 Naturae
1049 1152 1293 1207 nemum,
1323 1139 1461 1194 tam
1489 1154 1639 1196 vero
1671 1142 1912 1197 arctam
1948 1135 2379 1199 conditionem

195 1253 322 1296 oese
348 1234 746 1308 Juramenti‚·
792 1241 867 1296 ut
911 1234 1053 1313 etsi,
1105 1256 1292 1317 super
1339 1235 1469 1297 alia
1515 1235 1702 1313 forte,
1738 1246 1961 1300 tamen
2011 1258 2201 1320 super
2244 1240 2378 1314 hoc,

193 1337 457 1398 solvendi
489 1342 778 1419 potestas
819 1337 933 1399 illa
972 1358 1108 1400 non
1142 1344 1374 1400 currat.
1468 1339 1757 1419 Apparet
1785 1338 1939 1402 hinc
1973 1340 2231 1421 (credo),
2262 1360 2380 1420 quo

194 1458 364 1501 sensu
405 1442 670 1503 veritate
713 1440 801 1502 ibi
844 1441 1088 1503 nitatur
1130 1441 1562 1503 Juramentum
1585 1469 1605 1504 .·
1659 1443 1950 1514 Quaedam
1986 1442 2159 1506 enim
2187 1444 2382 1506 Jura-

195 1548 389 1605 menta
432 1565 568 1607 non
609 1549 822 1627 potest
867 1544 1104 1607 solvere
1133 1544 1451 1607 Pontifex.
1543 1545 1730 1608 Inter
1772 1547 1885 1607 illa
1917 1547 2213 1627 quaedam,
2260 1547 2381 1609 hoc

195 1652 476 1710 nostrum
507 1654 622 1710 est.
710 1646 1017 1709 Absoluta
1050 1655 1267 1710 autem
1296 1648 1402 1710 hic
1431 1647 1617 1710 verba
1647 1669 1800 1726 esse,
1834 1648 2379 1713 absolute-falsum.

254 1841 308 1892 si
329 1844 414 1906 qui
437 1843 545 1893 sint
567 1843 760 1906 Regum
784 1842 998 1907 imperio
1021 1858 1123 1892 non
1148 1844 1357 1903 subditi,
1381 1845 1584 1894 etiamsi
1608 1845 1886 1895 Christiani
1911 1846 2032 1905 sint,
2054 1849 2187 1895 certe
2203 1845 2387 1908 subjici

318 1928 369 1972 et
391 1924 594 1974 obedire
616 1939 718 1973 non
739 1928 991 1985 tenentur,
1017 1924 1119 1973 nisi
1141 1924 1271 1973 forte
1292 1925 1361 1984 vi,
1385 1930 1437 1975 et
1460 1928 1691 1988 potentia
1711 1927 1879 1976 adacti
1903 1962 2105 1976 ......
2128 1926 2310 1984 Quaero
2331 1963 2345 1977 .
2370 1964 2387 1976 .

317 2019 347 2053 a
370 2040 382 2052 .
406 2042 418 2054 .
443 2004 594 2067 Rege.
619 2009 790 2054 utrum
812 2005 1072 2055 existimet
1099 2004 1260 2067 Reges
1285 2006 1401 2056 illos
1435 2006 1749 2057 Christianos
1772 2008 2000 2067 Lucium,
2025 2012 2077 2057 et
2097 2007 2384 2058 Donaldum

318 2082 549 2134 debuisse
571 2085 928 2145 obedientiam,
952 2089 1004 2135 et
1032 2086 1397 2149 subjectionem
1426 2092 1633 2151 propter
1653 2089 2011 2138 conscientiam
2034 2088 2266 2138 Ethnicis
2288 2089 2385 2137 Im·

318 2166 660 2228 pemtoribus2
693 2166 933 2228 Negabit,
958 2167 1153 2230 opinor,
1177 2181 1338 2230 neque
1360 2169 1462 2219 alia
1482 2169 1546 2219 de
1566 2185 1728 2231 causa,
1751 2172 1856 2220 nisi
1877 2172 1996 2233 quia
2020 2171 2219 2220 Summi
2245 2171 2384 2219 Prin-

319 2246 454 2309 cipes
474 2251 621 2297 erant
641 2247 697 2295 in
719 2248 823 2296 suis
844 2246 1107 2310 Begnis.-
1120 2247 1270 2312 [Bell.
1297 2250 1446 2313 Apol.
1472 2265 1565 2313 pro
1590 2250 1765 2314 Besp.]
1787 2267 1835 2315 p.
1851 2252 1962 2300 202.
2000 2252 2139 2315 [Op.,
2156 2255 2279 2301 tom.
2295 2252 2385 2302 vii.

319 2328 429 2376 coll.
455 2329 568 2379 817.
593 2327 656 2376 D.
677 2331 787 2377 818.
809 2328 899 2390 A.]

279 2458 381 2522 Ad
416 2458 798 2524 decimumb.
892 2462 1023 2526 Hic
1052 2485 1203 2527 vero
1241 2464 1629 2526 mendacium
1662 2485 1798 2529 non
1842 2464 2022 2542 eluit,
2067 2463 2222 2547 quin
2258 2464 2382 2529 alio
2409 2487 2563 2551 [(10.)
2603 2486 2681 2538 De

197 2562 528 2626 mendacio
569 2563 885 2645 inquinat,
924 2563 1004 2626 de
1048 2586 1234 2628 novo,
1326 2566 1500 2627 Nam
1535 2565 1671 2647 ipse
1702 2566 1998 2646 paruisse
2027 2586 2130 2628 eos
2173 2572 2384 2628 coacte

2406 2551 2693 2602 obedientia

2407 2631 2437 2664 a
2453 2615 2697 2666 Pontifice

196 2661 364 2743 dicit,
396 2673 461 2729 et
489 2665 613 2748 ipsi
641 2686 708 2728 ee
738 2668 908 2729 laetos
939 2667 1121 2730 aiunt
1161 2669 1463 2730 inservire
1481 2677 1524 2730 ⁶.
1615 2669 1723 2747 Et,
1754 2669 1893 2730 ideo
1939 2670 2034 2731 ita
2065 2670 2382 2750 paruisse,
2409 2678 2632 2741 Regibus

197 2767 337 2845 quia
379 2788 590 2831 eorum
632 2769 892 2850 imperio
920 2769 1155 2831 subditi
1185 2791 1308 2832 non
1336 2775 1535 2832 essent
1560 2797 1578 2830 .·
1628 2771 1721 2832 At
1744 2771 2092 2853 Apostolus
2123 2771 2382 2850 Paulus,

193 2867 464 2932 subditos
512 2890 614 2932 eos
661 2879 728 2933 et
774 2870 953 2948 dixit,
1001 2879 1066 2934 et
1113 2893 1249 2935 esse
1300 2873 1522 2949 voluit,
1569 2893 1718 2936 cum
1770 2893 2004 2935 omnem
2054 2873 2384 2952 animamfl,

196 2970 419 3036 Petrus
451 2972 665 3036 adhuc
685 2973 910 3054 magia,
936 2995 1083 3036 cum
1108 2974 1363 3036 Gentem
1384 2980 1667 3037 sanctam
1695 2975 1915 3056 subjici
1936 2976 2134 3058 jussit
2148 2985 2190 3040 θ.
2240 2977 2385 3040 Nec

197 3074 364 3136 enim
415 3075 472 3138 si
524 3075 886 3155 Baptimus
934 3075 1335 3140 Christianos
1392 3076 1666 3158 imperio
1723 3098 1857 3141 non
1916 3078 2156 3158 eximit,
2215 3080 2387 3142 Ordo

195 3184 400 3258 potest
447 3177 766 3257 Clericos;
825 3179 1187 3262 Baptismus
1238 3180 1413 3243 enim
1460 3181 1697 3262 Reyale
1746 3181 1910 3245 illud
1956 3184 2389 3247 Sacerdotium

195 3280 398 3359 efficit,
431 3302 567 3345 non
602 3282 966 3345 Clerieatue.
1041 3283 1278 3366 Iniqua
1307 3304 1459 3348 vero
1489 3285 1903 3368 comparatiO,
1926 3285 2273 3366 Pontifieis,
2307 3288 2390 3350 ad

194 3381 551 3465 Principem
602 3384 861 3447 liberum
883 3412 901 3446 :
950 3385 1250 3463 VictoriS,
1282 3386 1429 3448 Afri
1479 3386 1782 3463 hominis»,
1829 3395 1894 3450 et
1936 3387 2008 3449 in
2055 3390 2390 3453 Provincia

193 3488 346 3565 nati,
379 3487 463 3552 ad
493 3488 881 3565 Donaldum,
913 3487 1024 3570 qui
1056 3488 1288 3551 Gentis
1317 3488 1488 3551 illius
1513 3490 1674 3567 Rex,
1696 3509 1838 3570 quae
1856 3490 2192 3553 Provincia
2218 3513 2387 3555 nun-

196 3586 382 3672 quam
430 3589 576 3668 fuit,
628 3611 963 3673 nunquam
1017 3590 1328 3653 Romanis
1375 3590 1610 3673 paruit,
1660 3611 1931 3672 quorum
1983 3612 2174 3656 nemo
2217 3595 2389 3657 ultra

198 3691 410 3756 Severi
440 3692 678 3756 vallum
706 3692 1048 3775 imperium
1078 3693 1368 3777 protulit.
1449 3692 1584 3757 Qui
1612 3713 1762 3755 vero
1789 3693 1962 3756 intra
1990 3700 2212 3773 terras,
2245 3717 2389 3778 quae

199 3793 502 3858 Romanae
533 3793 793 3857 ditionis
814 3801 1017 3872 erant,
1049 3794 1263 3857 natale
1305 3794 1513 3857 solum
1540 3793 1885 3873 habebant,
1930 3796 2025 3878 (ut
2053 3797 2186 3861 fere
2217 3799 2386 3862 Pon-

187 3895 415 3980 tifices)
467 3919 623 3980 quos
667 3898 750 3961 ad
796 3899 1063 3962 Gaeearie
1105 3898 1408 3960 Tribunal
1436 3899 1728 3979 judicari
1781 3898 2132 3979 oportuit1;
2195 3922 2388 3964 eosne

196 3999 530 4083 quisquam
574 4022 650 4064 eo
692 4001 833 4066 loco
874 4009 1091 4085 ponat,
1125 4022 1253 4084 quo
1298 4001 1553 4080 liberoS,
1587 4007 1652 4064 et
1693 4002 1791 4064 sui
1830 4002 1995 4085 juris
2037 4003 2399 4087 PrincipeS,

196 4110 384 4186 atque
413 4104 484 4166 in
515 4126 671 4187 quos
700 4126 783 4169 ne
815 4107 1098 4169 Caesares
1128 4104 1387 4188 quidem
1416 4104 1541 4187 ipsi
1565 4105 1675 4187 jus
1704 4104 1911 4167 ullum
1942 4105 2339 4171 vindicarent
2356 4109 2386 4170 ?

259 4313 280 4337 ⁸
334 4307 467 4357 Vide
490 4306 614 4356 Hor.
640 4306 800 4369 Epist.
829 4306 869 4354 Ι.
911 4306 944 4355 1.
969 4306 1070 4370 32]
1331 4321 1437 4369 cap.
1463 4305 1541 4356 17.
1579 4306 1691 4369 Op.‚
1725 4321 1773 4369 p.
1799 4306 1878 4357 54.
1903 4306 1983 4370 B.]

209 4391 214 4396 ·
260 4368 283 4402 ¹³
338 4370 472 4421 Vide
494 4371 732 4434 Respons.
753 4370 911 4432 Torti,
932 4385 981 4433 p.
1002 4371 1080 4421 3⁷.
1105 4369 1244 4420 Edit.
1398 4370 1421 4402 ἃ
1484 4370 1627 4420 Rom.
1654 4371 1765 4420 xiii.
1793 4370 1860 4434 1.]

200 4433 375 4492 Polie:
431 4440 485 4485 et
529 4435 654 4485 Bell.
703 4434 814 4499 Op„
861 4439 984 4484 tom.
1008 4435 1095 4483 vii.
1150 4435 1243 4484 col.
1399 4445 1421 4468 θ
1485 4438 1507 4482 1
1538 4434 1644 4484 Pet.
1670 4436 1722 4484 ii.
1747 4439 1792 4484 9.
1819 4436 1925 4498 13.]

200 4501 306 4549 654.
332 4500 408 4578 C.]
1398 4499 1414 4530 f
1458 4498 1558 4562 [cf.
1584 4503 1697 4549 Act.
1722 4500 1898 4564 Apost.
1923 4515 2039 4550 xxv,
2068 4500 2168 4565 10.]

263 4571 281 4595 ‘
319 4565 477 4628 [Vide
500 4565 548 4615 S.
567 4564 756 4615 sustin.
788 4564 995 4627 Mai-tyr.
1032 4563 1181 4625 Apol.
1209 4563 1243 4611 i.

2408 2748 2643 2807 praestan-

2409 2807 2510 2871 dm]
