3165 4959
1010 355 1375 404 stomoma
1422 357 1785 404 RESPONsm.
2376 341 2508 403 213

282 501 374 563 ad
412 501 739 582 firmanda
792 527 885 585 ea,
940 529 1073 589 quoe
1123 516 1268 572 sunt
1302 511 1484 593 fidei,
1539 511 1631 574 ait
1665 510 2042 574 ‘Cardinalis
2082 497 2432 594 Cajetanus
2451 518 2502 586 ¹³,
2617 505 2746 570 159

279 626 424 682 non,
459 608 551 668 od
571 611 1013 673 auctoritatem
1039 613 1223 695 fidei,
1255 634 1379 675 non
1409 614 1498 675 ad
1522 614 2115 676 Ecclesiasticorum
2147 614 2503 695 dogmatum

277 712 721 773 auctoritatem
754 712 1246 794 confirmandam
1272 742 1291 777 .·
1338 737 1461 779 non
1492 718 1580 779 ad
1606 719 1740 795 illa,
1775 737 1908 799 quae
1953 718 2021 779 in
2052 717 2503 779 contentionem

275 814 554 891 veniunt,
600 814 962 879 roboranda
982 842 1002 878 .·
1073 818 1206 897 sed,
1265 818 1473 901 quoad
1521 821 1855 884 Cononem
1907 840 2165 897 morum,
2214 817 2364 901 quia
2416 818 2499 881 ad

276 913 775 981 vedificationem
803 940 1043 982 morum
1073 920 1398 1004 leguntur.

345 1075 570 1128 Ecclesia
590 1093 708 1128 vero
742 1094 847 1129 non
873 1095 938 1129 ex
974 1081 1126 1131 verbo
1149 1082 1245 1132 Dei
1274 1083 1480 1147 scripto,
1514 1083 1605 1134 sed
1642 1098 1706 1133 ex
1733 1085 1888 1134 verbo
1911 1085 2008 1134 Dei
2041 1100 2072 1134 a
2103 1055 2379 1147 maioribus
2410 1099 2502 1147 per

412 1163 700 1222 temporum
741 1160 1087 1212 Successiones
1127 1163 1318 1214 tradito
1352 1163 1552 1224 didicit,
1587 1166 1676 1228 qui
1710 1167 1817 1215 sint.
1853 1165 1973 1215 libri
1999 1165 2256 1225 Canonici‚
2281 1165 2371 1227 qui
2394 1166 2501 1214 sint

412 1242 946 1309 Apoerypbi.—[Bell.
969 1244 1119 1309 Apol.
1145 1261 1236 1310 pro
1267 1245 1439 1310 Besp.]
1473 1261 1521 1310 p.
1547 1246 1626 1298 79.
1668 1247 1801 1311 [Op.,
1834 1252 1955 1296 tom.
1981 1247 2067 1296 vii.
2092 1247 2185 1296 col.
2202 1247 2312 1299 749.
2337 1246 2430 1311 A.]

373 1379 467 1442 Ut
501 1380 851 1463 Scripturis
882 1381 1225 1445 Canonicis
1257 1381 1616 1459 credamuS,
1650 1382 1830 1464 quasi
1877 1381 1960 1444 ad
1998 1389 2249 1445 certum
2292 1382 2497 1464 magis
2556 1388 2789 1468 oracula·

277 1482 780 1546 fundamentum
813 1483 1081 1548 abduxit
1110 1505 1230 1547 nos
1264 1484 1645 1562 Cardinalis,
1679 1485 1760 1547 ad
1793 1505 1861 1547 os
1889 1485 2112 1547 summi
2143 1483 2494 1564 Pontifici-3,
2519 1454 2821 1584 mgfflssu

279 1582 424 1646 sine
462 1605 587 1666 quo
605 1583 894 1647 Ecclesia
924 1583 1201 1667 elinguis
1232 1591 1350 1648 est.
1429 1585 1586 1648 Post
1615 1606 1786 1663 vern,
1819 1607 1860 1648 a
1888 1585 2070 1648 verbo
2095 1585 2216 1647 Dei
2237 1587 2492 1666 scripto,

280 1684 367 1747 ad
413 1687 662 1748 verbum
707 1688 831 1750 Dei
883 1688 1209 1750 traditum.
1302 1688 1467 1751 Cum
1520 1689 1661 1772 jam
1713 1708 1789 1770 os.
1825 1690 2050 1750 summi
2080 1689 2372 1751 Pastoris
2417 1710 2497 1753 ex

276 1788 464 1851 verbo
494 1790 616 1851 Dei
648 1790 885 1853 tradito
915 1811 1220 1873 responsa
1250 1790 1499 1853 dederit
1526 1815 1540 1852 τ
1591 1790 1766 1854 salva
1798 1812 1903 1854 res
1933 1799 2049 1869 est,
2076 1790 2494 1872 fundamento

279 1897 453 1954 certo
483 1892 791 1968 nitimur3
852 1894 1101 1955 Certum
1131 1893 1305 1957 en‘un
1337 1892 1822 1974 fundamentum
1853 1914 1922 1956 os
1952 1894 2299 1977 Pontificio,
2332 1916 2493 1978 prae-

278 1994 507 2057 sertim
538 1995 592 2058 si
612 1995 691 2058 de
720 2017 843 2059 non
870 1997 1128 2077 scripto,
1162 1996 1275 2060 sed
1306 1997 1487 2059 verbo
1512 1998 1751 2060 tradito
1773 1997 2175 2080 respondeat.
2247 1998 2495 2062 Fruan-

277 2105 392 2158 tur
443 2118 596 2161 sane
638 2100 1031 2161 Veteratores
1053 2121 1071 2157 .·
1114 2101 1263 2164 ‘Rex
1313 2121 1462 2163 vero
1521 2099 1629 2162 hic
1685 2120 1808 2162 nec
1868 2100 2135 2163 arbitrio
2179 2121 2310 2179 suo,
2372 2124 2494 2165 nec

278 2200 691 2283 opinionibus
720 2202 821 2265 vel
843 2202 1251 2280 Novatorum,
1277 2203 1380 2266 vel
1410 2203 1860 2281 Veteratorum,
1886 2203 2250 2286 acquiescit.
2296 2205 2493 2268 Verbo

276 2304 404 2365 Dei
434 2305 654 2383 cred-it,
687 2305 767 2368 de
799 2306 992 2369 verbo
1026 2306 1172 2384 Dei,
1204 2307 1478 2387 Eloquia
1508 2307 1632 2369 Dei
1660 2307 1901 2369 Judaeis
1922 2306 2135 2389 fuisse
2166 2309 2409 2371 credita
2427 2322 2486 2371 ⁰.-

281 2407 446 2473 Quae
478 2415 695 2470 autem
726 2408 851 2471 illis
882 2410 1122 2471 credita
1151 2408 1413 2490 fuerint,
1448 2432 1486 2473 a
1512 2410 1791 2490 nemine,
1823 2430 1944 2473 nec
1963 2409 2302 2475 Cardinale
2332 2411 2488 2497 ipso,

274 2510 347 2573 in
377 2509 649 2574 dubium
666 2510 878 2575 vocari
908 2533 1111 2595 posse.

341 2664 394 2714 N
397 2669 624 2716 oratores
647 2701 660 2713 .
686 2702 697 2715 .
718 2702 730 2714 .
755 2667 843 2715 ubi
872 2666 1133 2733 Scriptura
1165 2668 1387 2732 propriis
1409 2667 1714 2731 disertisque
1743 2668 1910 2718 verbis
1931 2668 2171 2732 loquitur,
2207 2684 2298 2733 pro
2323 2670 2490 2720 nihilo

408 2745 603 2796 ducunt
634 2762 693 2798 es
714 2748 867 2799 verba
899 2750 957 2797 in
980 2754 1152 2812 tropos
1174 2754 1226 2799 et.
1259 2749 1448 2811 figuras
1479 2753 1828 2799 transmutant
1864 2750 1981 2814 [leg.
2008 2750 2373 2814 transmutare]
2400 2787 2412 2798 .
2437 2787 2449 2799 .
2473 2786 2486 2799 .

411 2827 495 2878 Sic
517 2829 670 2879 verba
692 2830 783 2879 illa
802 2845 960 2880 coenoe
984 2831 1216 2881 rotunda.
1244 2867 1255 2879 .
1281 2868 1293 2880 .
1324 2834 1339 2856 ⁴
1358 2832 1470 2880 Hoc
1494 2835 1573 2881 est
1596 2867 1608 2880 .
1636 2868 1648 2879 .
1672 2868 1684 2880 .
1704 2846 1884 2895 eorpus
1906 2832 2110 2892 meum,'
2143 2831 2288 2882 mille
2311 2832 2491 2895 figuris

407 2909 918 2975 involvunt-[Bell.
936 2910 1090 2975 Apol.
1105 2926 1195 2976 pro
1214 2910 1392 2974 Resp.]
1430 2926 1477 2975 p.
1504 2911 1533 2963 7
1538 2914 1581 2961 9.
1608 2911 1741 2976 [Op.,
1765 2918 1888 2962 tom.
1924 2913 2012 2961 vii.
2036 2912 2127 2962 col.
2153 2914 2262 2964 749.
2290 2912 2376 2977 Β.]

364 3041 585 3120 Perre,
632 3043 967 3126 negotium
1014 3043 1135 3107 sibi
1181 3043 1355 3121 facit,
1404 3045 1480 3107 de
1521 3045 1995 3126 Scripturorum
2038 3066 2240 3123 sevi-m,
2273 3045 2487 3109 Nova·
2514 3052 2815 3120 [Scriptum

270 3150 442 3206 tores
476 3144 607 3225 (ubi
638 3146 973 3225 Scriptura
995 3146 1284 3227 propriis
1305 3146 1508 3209 verbis
1538 3147 1833 3230 loquitur)
1860 3168 1985 3229 pro
2016 3148 2210 3211 nihilo
2241 3148 2484 3211 ducere.
2512 3134 2812 3248 {2⁰ssaequ

270 3247 441 3325 Im0‚
474 3269 601 3330 pro
631 3250 825 3312 nihilo
854 3270 989 3313 non
1019 3249 1261 3327 ducere,
1295 3250 1408 3314 sed
1439 3251 1611 3333 quod
1627 3253 1914 3334 propriis
1941 3252 2146 3315 verbis
2175 3254 2484 3334 loquatur,
2511 3255 2633 3362 {aput
2654 3250 2810 3364 {20¹-

268 3371 532 3432 negare.
622 3351 766 3414 Nec
799 3358 1008 3433 tropos
1040 3374 1344 3435 quaerere,
1388 3355 1522 3432 sed,
1557 3354 1638 3417 de
1672 3356 2090 3419 Sacramento
2118 3377 2250 3419 uno
2286 3355 2484 3438 loqui,
2533 3329 2651 3376 ’ἕω
2755 3314 2777 3378 ]

273 3452 356 3515 ad
406 3474 652 3516 morem
698 3453 1114 3536 reliquorum.
1208 3456 1308 3519 De
1358 3456 1880 3533 Circumcisione,
1927 3457 2069 3519 Hoc
2127 3463 2220 3521 est
2271 3457 2488 3539 foedus

266 3576 467 3618 meum
488 3559 557 3619 in
587 3579 775 3622 carne
797 3565 1064 3623 vestr-av.
1144 3561 1245 3624 De
1269 3561 1483 3643 Agn0,
1514 3559 1658 3621 Hoc
1682 3566 1774 3622 est
1798 3562 1960 3622 enim
1991 3560 2256 3637 Pasche,
2281 3560 2353 3621 id
2372 3565 2484 3635 est,

265 3659 577 3723 transitus
607 3662 920 3724 Dominis.
1024 3662 1225 3724 Verba
1269 3683 1419 3725 vero
1462 3662 1576 3724 illa
1618 3663 1889 3724 rotunda
1921 3682 2037 3725 cur
2068 3662 2230 3725 dixit
2261 3660 2484 3725 Cardi-

264 3761 453 3840 nalis,
518 3762 646 3825 nisi
702 3764 854 3845 quia
905 3763 1212 3847 adaptare
1272 3764 1544 3827 rotunda
1592 3764 1781 3826 verba
1827 3764 2032 3828 voluit
2092 3764 2173 3826 ad
2229 3764 2483 3827 Hostiae

264 3862 543 3928 formam
572 3867 909 3929 rotundam
928 3869 962 3929 ‚2
1052 3869 1154 3932 De
1186 3867 1418 3950 quibus
1447 3873 1689 3945 tamen,
1733 3886 1868 3929 non
1897 3875 1996 3929 est
2027 3866 2199 3949 quod
2229 3866 2485 3929 molesti

265 3966 389 4029 sibi
431 3967 560 4031 sint
589 3968 960 4033 Novatores.
1053 3971 1209 4034 Non
1251 3970 1426 4033 enim
1455 3969 1651 4034 verba
1689 3970 1845 4049 haec,
1877 3969 2019 4033 Hoc
2053 3976 2147 4032 est
2186 3970 2366 4046 enim,
2412 3969 2483 4032 in

268 4070 497 4135 Bibliis
528 4072 658 4136 suis
687 4074 1037 4157 reperiunt,
1070 4081 1145 4138 ut
1178 4073 1256 4138 de
1287 4073 1620 4139 involucro
1662 4075 1753 4138 eis
1799 4073 2143 4156 quaerendo
2183 4073 2481 4137 laboran-

329 4301 354 4323 ¹¹
390 4291 442 4357 [“
461 4292 602 4344 Libri
639 4295 729 4345 isti
766 4309 871 4346 non
908 4300 1030 4345 sunt
1066 4294 1325 4355 Canonici,
1416 4294 1515 4345 Vio
1558 4293 1745 4360 Cajen]
1782 4295 1839 4344 in
1874 4294 1961 4344 fin.
1998 4295 2086 4345 lib.
2131 4295 2268 4345 Hist.
2311 4294 2474 4359 [apud

264 4357 361 4407 boe
380 4362 471 4417 est,
493 4373 598 4409 uon
618 4365 739 4409 sunt.
769 4360 1103 4422 regularessd
1127 4359 1326 4409 firman·
1414 4359 1608 4409 Comm.
1662 4360 1720 4408 in
1758 4360 1807 4410 S.
1823 4359 1874 4410 S.
1919 4366 2042 4411 tom.
2080 4361 2137 4409 ii.
2184 4376 2233 4425 p.
2274 4362 2384 4411 400.
2425 4360 2474 4409 b.

260 4422 387 4471 dum
409 4438 598 4487 esquae
614 4424 898 4485 suntfide13
926 4429 1138 4489 possunt
1155 4431 1327 4474 tamen
1417 4424 1577 4487 bugd.
1600 4424 1771 4488 losa]

259 4487 366 4537 dici
412 4488 655 4539 Canonici
690 4488 805 4552 (hoc
836 4494 914 4539 est
948 4490 1221 4553 regulares)
1262 4488 1327 4539 ad
1480 4497 1503 4523 ⁰
1562 4489 1705 4538 Rom.
1729 4489 1803 4538 iii.
1831 4489 1899 4554 2.]
2265 4526 2266 4529 ,

258 4552 653 4603 aedificationem
698 4553 1218 4605 fidelium.”—·l¹hom.
1264 4556 1328 4605 de
1483 4563 1505 4594 Ρ
1614 4569 1666 4605 ιι.
1689 4555 1812 4605 xvii.
1839 4558 1886 4605 8.
2034 4563 2058 4595 ‘¹
2092 4554 2252 4607 Exod.
2276 4556 2369 4606 xii.
2397 4558 2478 4606 11.
