3165 4959
886 341 1253 391 APOLOGIAM
1295 340 1658 392 RESPONSIO.
2255 331 2382 392 395

177 507 334 565 sunt
360 525 376 564 :
423 504 499 563 ut
528 505 595 563 et
633 497 729 561 illi
766 497 937 581 apud
979 519 1098 562 nos
1135 499 1494 582 (postquam
1538 498 1611 562 in
1641 497 1912 562 abusum
1943 520 2201 577 merum
2227 498 2385 564 abiit
2499 498 2624 563 285

178 625 408 669 eorum
465 604 840 687 institutum)
895 625 972 668 ex
1019 604 1242 668 eadem
1293 624 1483 669 eausa
1532 604 1768 668 merito
1818 604 2014 668 etiam
2067 604 2389 688 antiquari

175 707 550 791 potuerint:
598 708 870 770 Positivi
899 706 1072 771 enim
1094 707 1260 792 juris
1291 714 1444 771 sunt
1473 705 1805 784 Monaehi,
1826 728 1959 771 non
1990 707 2206 770 divini.
2282 706 2390 770 Ad

174 809 357 874 idem
401 811 613 893 ipsum
643 810 1030 892 exemplum,
1062 830 1192 893 quo
1223 810 1636 876 Quaestorum
1665 809 1839 892 apud
1863 830 1997 886 vos,
2029 809 2388 873 Monaoho-

174 934 333 977 rum
376 914 484 977 hic
531 914 798 992 malitia,
843 915 937 976 ita
985 913 1261 994 quotidie
1305 933 1527 995 mayno
1560 912 1850 994 fidelium
1895 914 2164 976 omnium
2209 932 2390 976 scan-

176 1017 333 1079 dalo
362 1022 425 1079 et
452 1017 702 1098 querela
730 1026 1081 1079 excrescere
1111 1016 1488 1097 deprehensa
1517 1021 1630 1094 est,
1676 1021 1747 1078 ut
1791 1015 1867 1078 de
1906 1016 2154 1077 illorum
2191 1034 2394 1077 emen-

176 1120 440 1183 datione
475 1139 614 1201 εγω
641 1120 815 1181 malla
842 1118 1066 1182 relicta
1093 1118 1429 1182 videretur.
1518 1117 1801 1182 Proinde
1839 1117 1981 1201 lege
2010 1124 2292 1196 cautum,
2321 1123 2395 1180 ut

162 1222 445 1302 posthac
473 1241 681 1283 eorum
708 1240 926 1284 nomen
954 1226 1139 1302 atque
1164 1240 1313 1283 usus
1328 1220 1585 1300 penitus
1613 1219 1962 1283 aboleretur
1982 1232 2032 1282 ⁹.

252 1358 331 1407 De
354 1355 673 1408 cumulandis
708 1356 890 1421 opibus
922 1371 1014 1420 per
1046 1356 1321 1407 artificium
1342 1354 1374 1405 J
1378 1332 1692 1416 ubileeorum,
1717 1358 1771 1405 et
1807 1353 2242 1417 indulgentiarum
2265 1389 2278 1403 .
2302 1391 2314 1403 .
2340 1391 2352 1404 .
2378 1389 2391 1403 .

315 1439 433 1504 plus
468 1439 590 1490 fidei
620 1440 855 1491 habuisse
892 1440 1121 1503 (Regem)
1145 1440 1415 1490 calumniis
1455 1437 1667 1489 Lutheri
1702 1442 1754 1488 et
1777 1437 2026 1487 similium
2060 1436 2394 1494 Novatornm,

315 1536 472 1586 quam
494 1557 508 1572 .
531 1557 545 1571 .
569 1557 583 1572 .
607 1559 619 1573 .
644 1523 865 1573 veritati.
931 1522 1046 1572 Hoc
1075 1526 1210 1572 oei-te
1231 1525 1459 1584 tempore
1489 1521 1534 1570 si
1556 1521 1886 1584 eleemosynae
1907 1518 2151 1569 faciendae
2172 1519 2394 1582 praeseri·

319 1603 508 1654 bantur
528 1604 610 1661 iis,
634 1603 819 1668 quibus
841 1604 1183 1665 Indulgentiae
1199 1602 1557 1661 conceduntur,
1590 1603 1648 1651 in
1668 1602 1880 1652 arbitrio
1901 1600 2217 1662 singulorum
2246 1600 2395 1649 relin-

320 1685 512 1747 quitur,
558 1688 619 1734 ut
656 1685 840 1748 quibus
877 1686 1050 1749 egenis
1084 1685 1245 1735 libeat
1282 1685 1622 1747 eleemosynas
1658 1682 1953 1746 faciank—[
1962 1680 2089 1730 Bell.
2112 1682 2261 1746 Apol.
2301 1697 2394 1746 pro

320 1764 498 1830 Resp]
534 1780 587 1830 p.
611 1767 719 1817 167.
747 1765 885 1830 [Op.,
908 1770 1032 1815 tom.
1056 1765 1148 1815 vii.
1168 1765 1260 1815 col.
1286 1765 1396 1818 793.
1421 1765 1484 1813 A.
1502 1762 1590 1827 B.]

278 1881 321 1944 J
324 1902 448 1959 am,
487 1881 904 1963 indulyentias
929 1880 1102 1944 inter
1129 1879 1508 1963 turpilucria
1524 1878 1932 1957 Pontificum,
1960 1879 2134 1943 inter
2161 1881 2517 1962 grava-11³0
2541 1880 2712 1958 ἔμω·

185 1980 371 2044 mina
397 1981 756 2061 nationum,
786 1982 1009 2045 multis
1033 1981 1173 2065 jam
1203 1980 1451 2044 saeculis
1481 1980 1699 2057 fuisse,
1721 2001 1835 2043 cur
1865 1981 2085 2045 credat
2104 1982 2394 2046 Luthero
2419 1945 2651 2010 gentum]

189 2086 355 2164 Rex,
401 2085 502 2149 vel
540 2086 818 2150 Novitiis
867 2087 1039 2149 inter
1087 2084 1446 2150 Historicos
1466 2085 1496 2146 ἶ)
1591 2084 1859 2148 Habent
1909 2085 2031 2150 hoc
2083 2086 2398 2149 Monachi

189 2195 463 2267 veteres,
484 2189 699 2267 vestri,
721 2188 1097 2253 Parisiensis
1106 2198 1149 2267 ¹,
1170 2186 1687 2270 Urspergensis⁸,
1711 2195 2025 2271 quaestum
2057 2208 2207 2251 eum
2229 2189 2398 2262 Pon-

186 2289 354 2353 tifici
398 2290 606 2354 multo
646 2289 845 2354 fuisse
873 2289 1296 2353 uberrimum.
1390 2289 1514 2352 His
1557 2288 1804 2352 artibus
1848 2289 2127 2371 expilata
2170 2291 2401 2374 Regna

188 2392 453 2476 passim,
487 2394 762 2457 Romam
806 2414 963 2457 auro
1004 2400 1328 2470 onustam,
1361 2399 1553 2474 atque
1599 2391 1843 2474 opibus.
1938 2391 2067 2455 Sed
2105 2392 2244 2456 haec
2287 2394 2401 2458 illo

186 2505 507 2578 tempore.
596 2497 773 2560 Nam
815 2498 949 2574 hoc,
973 2496 1294 2578 jubentur,
1341 2496 1448 2576 qui
1490 2494 2016 2572 indulyentiarum
2054 2497 2403 2576 participes

172 2597 372 2680 fiunt,
427 2600 838 2680 eleemosynas
873 2598 1098 2680 facere
1148 2599 1215 2661 in
1261 2617 1499 2680 eyenoe.
1606 2597 1907 2678 Egenum
1954 2616 2104 2661 vero
2161 2597 2284 2660 hoo
2331 2606 2398 2661 et

188 2700 448 2764 nudum
486 2722 886 2785 responsum,
920 2701 1091 2785 quod
1129 2699 1237 2763 hic
1264 2699 1461 2763 infert
1492 2698 1572 2761 de
1602 2699 1829 2780 egenis.
1918 2698 2115 2778 Nam,
2148 2700 2291 2782 quis
2324 2722 2402 2763 ex

192 2805 429 2866 collata
476 2805 545 2866 in
589 2824 807 2887 cyeno-s
848 2804 1281 2884 Eleemosyna,
1321 2801 1602 2866 Clerieos
1658 2821 1946 2884 unquam
2005 2802 2253 2883 putavit
2306 2802 2403 2865 di-

189 2906 445 2970 tiores?
552 2904 702 2970 Alia
753 2905 1014 2990 quidem
1059 2906 1629 2985 Eleemosynamm,
1691 2903 1816 2966 alia
1866 2904 2402 2986 Indulymtiarum

192 3008 384 3072 rati0.
475 3009 733 3072 Dantur
758 3009 1223 3090 Eleemosynae;
1270 3014 1598 3085 taxantur,
1644 3006 1727 3068 ad
1769 3012 1987 3070 taxam
2032 3006 2402 3072 venduntur

192 3110 626 3193 Indulyentioe.
713 3111 870 3175 Non
913 3110 1066 3195 ipsae
1106 3109 1399 3192 quidem:
1449 3109 1559 3193 qui
1606 3115 1884 3192 possunt
1929 3110 2221 3175 coelestes
2257 3111 2401 3176 the-

195 3213 376 3278 sauri
395 3216 425 3276 ?
512 3213 703 3281 Quod
732 3213 825 3293 fit,
858 3235 938 3277 ex
967 3213 1093 3276 alio
1124 3212 1331 3296 eapite
1359 3212 1455 3290 fit,
1491 3211 1665 3295 quod
1694 3212 1919 3275 eodem
1949 3213 2138 3277 redit.
2227 3214 2403 3280 Taxa

195 3323 423 3380 autem
445 3316 736 3380 exstabat
764 3337 895 3379 non
925 3315 1019 3379 ita
1046 3314 1317 3398 pridem.
1408 3314 1626 3377 Etiam
1655 3314 1792 3378 haee
1820 3315 2027 3397 poetis
2057 3315 2170 3379 diu
2198 3324 2404 3380 mate-

196 3418 301 3481 ria
357 3417 503 3495 fuit,
555 3416 752 3481 etiam
798 3417 1094 3480 Leoninis
1149 3416 1426 3479 versibus
1472 3414 1794 3480 celebrata
1810 3433 1848 3479 t.
1938 3416 2208 3481 Nihilne
2253 3438 2404 3480 vero

195 3520 467 3584 accessit
516 3520 596 3583 ad
634 3521 957 3583 Cameram
1002 3520 1450 3600 Apostolicam,
1501 3539 1578 3581 ex
1625 3517 1893 3581 indultis
1940 3517 2353 3600 Indulyentiis
2371 3521 2405 3580 ἕ

196 3625 314 3700 At,
364 3642 506 3706 quae
553 3621 635 3684 ad
687 3621 1035 3700 sarcienda,
1080 3618 1362 3703 tegenda
1413 3617 1985 3696 Monasteriorum,
2027 3618 2130 3681 vel
2180 3618 2403 3682 Eccle-

200 3726 446 3788 siamm
486 3731 639 3788 ruta
666 3744 830 3787 eaesa
858 3742 1176 3788 concessae
1219 3719 1677 3803 Indulgentiae,
1723 3740 1856 3783 non
1897 3720 1970 3782 in
2004 3719 2307 3784 Ecclesiis
2337 3729 2405 3784 et

199 3826 623 3890 Monasteriis
673 3826 801 3889 illis
844 3827 1090 3889 venales
1147 3824 1359 3908 palam
1405 3829 1471 3886 et
1529 3821 1739 3904 pretio
1786 3821 2134 3904 redemptae
2150 3823 2180 3884 ἶ)
2270 3822 2405 3886 Ubi

200 3930 385 3993 fr0ns
404 3929 434 3991 Ρ
480 3928 594 3992 ubi
626 3928 976 4011 collapsum
998 3927 1454 4016 Monastert'um
1483 3923 1763 4007 aliquod,
1787 3922 1900 3987 ubi
1929 3944 2075 4005 pars
2103 3924 2406 3988 Ecclesiae

200 4030 485 4106 eaduea;
531 4031 666 4093 itur
696 4031 992 4107 Romam,
1022 4029 1173 4093 inde
1203 4028 1579 4092 deferuntur
1608 4026 2034 4108 Indulyentiae,
2066 4025 2301 4109 quibus
2325 4027 2408 4089 ad

266 4229 292 4260 ⁴¹
329 4226 518 4289 [Cone.
548 4225 570 4289 ]
609 4225 835 4276 Trident.
884 4226 907 4289 [
935 4225 1059 4276 Sess-
1152 4225 1257 4274 xxi.
1348 4223 1465 4283 700,
1489 4221 1604 4281 847,
1627 4220 1766 4284 848.]

200 4292 423 4357 [Deci-et.
459 4289 523 4340 de
562 4289 780 4341 Reform.
840 4304 948 4354 cap.
972 4291 1043 4340 ix.
1107 4289 1255 4340 Cone.
1409 4295 1426 4319 ⁸
1465 4286 1623 4351 [Vide
1667 4285 1879 4362 pomd.
1927 4283 2163 4347 Ursperg.
2217 4283 2400 4335 Chron.

202 4361 328 4406 tom.
349 4356 452 4405 xiv,
471 4355 565 4405 eol.
581 4357 689 4406 851.
715 4355 771 4405 E.
1344 4367 1394 4416 p.
1417 4353 1527 4402 307.
1562 4349 1718 4400 Basil.
1744 4349 1915 4412 1552]

269 4430 288 4454 ¹
347 4419 628 4470 Avaritiam
673 4418 980 4470 Pontificum
1024 4417 1260 4481 perstrin-
1410 4418 1427 4448 ‘
1464 4414 1626 4492 [Vide
1645 4412 2399 4464 Chemnit.Exam.Conc.'1'rid.

200 4485 297 4548 git,
379 4485 507 4535 atth.
534 4484 690 4535 Paris.
716 4483 854 4534 Hist.
886 4482 1004 4546 Maj.
1038 4498 1122 4547 pp.
1148 4485 1258 4543 683,
1345 4495 1449 4545 par.
1473 4495 1539 4529 iv.
1563 4494 1611 4543 p.
1628 4478 1736 4542 78.]
