3165 4959
1033 313 1399 361 APOLOGIAM
1442 315 1807 364 mronsm.
2397 308 2519 369 135

303 463 526 546 picari,
565 465 780 529 minus
808 464 1172 548 frequentes
1219 469 1514 548 Romam,
1547 493 1743 553 quam
1780 472 2299 538 Thessalonicam
2345 497 2521 540 com-

304 590 577 634 measse.

367 713 423 764 N
426 728 552 777 eque
573 714 703 763 illud
725 717 804 764 est
824 728 1016 774 verum,
1039 729 1226 765 nomen
1248 715 1533 767 cardinalis
1565 719 1863 783 ademptum
1894 721 2025 783 aliis,
2060 726 2114 771 et
2135 722 2255 772 solis
2277 721 2519 772 Romanis

433 799 760 845 reservatum.
828 795 965 845 Nam
1011 810 1168 859 usque
1225 797 1291 847 ad
1325 797 1455 848 hanc
1494 798 1633 849 diem
1663 801 1888 852 Ecclesia
1925 802 2332 866 Compostellana
2365 804 2518 855 habet

433 891 549 926 suos
573 875 1096 940 cardinales-[Bell.
1115 877 1266 940 Apol.
1287 893 1379 941 pro
1403 879 1573 944 Resp]
1598 895 1648 945 p.
1672 883 1749 934 37.
1776 882 1909 946 [Op.,
1932 887 2055 932 tom.
2075 884 2163 934 vii.
2187 885 2280 933 col.
2301 885 2409 937 725.
2430 883 2516 948 D.]

391 986 626 1069 Neque
655 1007 826 1064 vero,
851 986 1202 1067 ademptum
1229 986 1325 1050 ita
1351 987 1613 1071 reliquis
1643 1011 1860 1054 nomen
1888 993 2336 1072 Cardinalium,
2358 994 2515 1077 quin
2574 1006 2709 1057 Eccl.

302 1088 483 1152 domi
522 1090 696 1152 inter
742 1109 811 1152 se
857 1088 1030 1171 apud
1081 1111 1229 1153 suos
1275 1090 1371 1154 ita
1415 1091 1753 1158 nominare
1797 1116 1938 1157 mos
1984 1116 2234 1177 semper
2283 1096 2514 1178 fasque
2540 1076 2839 1186 etti’ffiffixio

300 1192 519 1271 fuerit,
551 1199 627 1256 ut
659 1192 1129 1274 Compostellae,
1160 1199 1236 1255 ut
1267 1193 1574 1273 Londini,
1606 1195 1720 1259 ubi
1749 1197 1945 1260 etiam
1978 1196 2061 1260 ad
2102 1197 2274 1262 diem
2303 1221 2512 1282 usque
2540 1200 2691 1276 hebet
2711 1200 2823 1250 Car-

302 1298 473 1362 hanc
522 1297 812 1362 Ecclesia
858 1296 1133 1360 Paulina
1196 1319 1345 1361 suos
1406 1299 1783 1364 Cardinales
1835 1300 2032 1365 habet
2052 1312 2078 1352 Υ
2099 1326 2119 1379 3
2179 1302 2293 1365 sed
2342 1303 2514 1386 quod
2539 1264 2771 1329 dmalea]

301 1401 513 1483 palam
546 1421 614 1464 se
646 1399 807 1464 Orbi
837 1420 913 1463 eo
942 1400 1137 1463 titulo
1166 1422 1302 1464 non
1326 1401 1683 1481 venditent,
1715 1424 1849 1467 non
1879 1403 1958 1466 ab
1991 1403 2133 1466 aliis
2157 1405 2391 1467 exteris
2421 1406 2514 1468 ita

300 1503 403 1566 vel
435 1503 802 1566 salutentur
820 1502 920 1564 vel
950 1501 1334 1566 scribantur.
1414 1503 1550 1566 Ubi
1579 1504 1840 1582 mirum,
1872 1525 1986 1566 cur
2011 1505 2512 1587 Compostellam

300 1627 569 1689 peregre
607 1606 930 1689 profectus
969 1605 1054 1668 sit
1103 1606 1481 1684 Cardinalis,
1513 1613 1589 1670 ut
1622 1606 1997 1670 Cardinales
2031 1615 2365 1689 quaereret,
2400 1609 2510 1690 qui

298 1715 436 1771 tam
465 1708 741 1773 vicinam
772 1708 1004 1772 habuit
1036 1709 1433 1772 Ravennam.
1480 1710 1544 1772 A
1566 1710 2002 1793 compostella
2028 1711 2193 1774 nihil
2220 1733 2510 1794 unquam

299 1811 588 1894 periculi,
649 1819 715 1875 at
776 1832 815 1874 a
876 1812 1204 1890 Ravenna,
1268 1832 1411 1894 quae
1461 1812 1839 1876 Cardinales
1898 1813 2127 1877 habuit
2182 1814 2510 1896 quondam

302 1914 614 1977 Romanis
652 1912 916 1977 aemulos
937 1925 983 1992 ⁸,
1016 1914 1251 1997 quique
1281 1915 1576 1978 fecerunt
1607 1936 1691 1978 ne
1722 1915 2098 1979 Cardinales
2135 1915 2328 1979 scribi
2358 1938 2507 1999 pos—

298 2024 468 2096 sent,
488 2037 603 2100 per
631 2018 1141 2094 antonomasiam,
1168 2016 1280 2080 sed
1309 2038 1469 2099 opus
1493 2017 1807 2081 haberent
1838 2017 2280 2081 additamento
2308 2019 2508 2081 trium

296 2121 692 2198 vocularum,
727 2125 748 2203 ξ
769 2122 985 2184 Sanct.
1038 2122 1228 2184 Rom.
1272 2121 1509 2185 Eccle.'
1603 2122 1768 2188 Quae
1812 2121 1951 2204 ipsa
1993 2121 2271 2205 adjectio
2317 2143 2507 2203 argu-

294 2231 522 2288 mento
553 2223 708 2287 satis
739 2230 858 2303 est,
900 2224 1097 2287 fuisse
1128 2224 1375 2307 aliquos
1404 2224 1749 2307 aliquando
1784 2232 2018 2308 praeter
2062 2226 2282 2289 Sanct.
2317 2226 2506 2288 Rom.

294 2328 513 2391 Eccle.
535 2326 946 2391 Cardinales:
981 2326 1239 2410 alioqui,
1265 2327 1639 2391 Cardinales
1671 2328 1877 2393 solum
1908 2327 2102 2392 scribi
2133 2327 2288 2391 satis
2320 2336 2507 2405 esset,

292 2450 419 2494 nec
465 2428 559 2494 ita
611 2431 801 2494 trium
852 2431 1178 2494 literarum
1201 2440 1227 2468 ⁸
1278 2430 1652 2495 Cardinales
1698 2452 1871 2495 esse:
1919 2453 2069 2496 cum
2105 2439 2341 2515 praeter
2373 2452 2504 2510 eos,

295 2534 409 2616 qui
438 2534 509 2597 in
540 2535 835 2598 Romana
864 2534 1155 2599 Ecclesia
1189 2541 1393 2615 erant,
1424 2536 1590 2599 nulli
1630 2543 1942 2618 praeterea
1981 2543 2196 2599 essent
2226 2537 2295 2598 in
2330 2536 2505 2599 Orbc

296 2638 697 2703 Cardinales.

361 2773 464 2823 Hic
480 2789 675 2837 quoque
698 2774 806 2824 Rex
833 2790 896 2824 ex
922 2774 1241 2837 ignoratione
1263 2789 1428 2825 rerum
1454 2777 1757 2833 nostrarum,
1784 2774 1950 2823 multa
1975 2770 2079 2823 non
2111 2789 2228 2824 vora
2247 2773 2346 2822 sibi
2371 2773 2503 2822 elabi

425 2869 599 2917 passus
619 2860 710 2905 est.
734 2891 747 2904 .
772 2891 785 2903 .
810 2892 822 2904 .
848 2855 967 2905 Non
989 2856 1129 2905 enim
1153 2859 1340 2919 praeter
1360 2856 1614 2905 rationem
1636 2870 1740 2904 suae
1764 2855 1993 2917 originis,
2017 2854 2103 2905 sed
2126 2855 2297 2919 potius
2325 2868 2503 2904 secun-

424 2935 548 2985 dum
582 2936 798 3000 originis
832 2937 1079 2986 rationem
1118 2941 1172 2986 et
1213 2937 1595 2987 institutionem
1635 2934 1971 2989 cardinalitia
2003 2934 2229 2998 dignitas
2265 2935 2506 2986 crevit..—

426 3018 576 3083 [Bcll.
601 3018 749 3081 Apol.
775 3033 866 3081 pro
889 3017 1058 3082 Resp]
1092 3034 1143 3082 p.
1166 3020 1242 3068 38.
1270 3017 1404 3081 [Op.,
1427 3022 1549 3067 tom.
1574 3018 1660 3067 vii.
1686 3018 1779 3068 col.
1805 3017 1916 3069 726.
1942 3017 2090 3082 A.B.]

382 3118 494 3194 At,
528 3138 670 3200 quae
713 3116 825 3179 illa
853 3116 1105 3179 Kabala
1143 3122 1241 3178 est
1271 3124 1407 3178 tam
1439 3116 1733 3179 abstrusa
1763 3115 1843 3179 de
1873 3122 2015 3179 ortu
2052 3117 2501 3193 Cardinalium,
2531 3128 2659 3194 [Rex
2685 3128 2810 3179 Pon·

293 3228 370 3284 ut
416 3230 647 3304 praeter
689 3243 799 3285 vos
844 3222 914 3284 in
957 3221 1131 3284 illius
1174 3222 1565 3303 iquoratz'one
1623 3227 1962 3285 versentur
2021 3242 2244 3285 omnes
2273 3222 2303 3283 Ρ
2398 3221 2504 3284 Sic
2527 3193 2752 3308 ἓξὲξ
2775 3260 2830 3307 5„

293 3324 471 3387 enim
501 3323 581 3387 de
611 3345 687 3388 eo
711 3322 905 3387 verba
934 3322 1207 3386 subinde
1230 3322 1461 3400 facitis,
1486 3323 1671 3405 quasi
1702 3324 1780 3387 de
1793 3324 2103 3405 Mystmo
2129 3324 2504 3406 (iniquitatis
2527 3321 2808 3451 ξξξυζθθὲῗ]

291 3429 503 3509 puto),
538 3428 717 3510 quasi
757 3428 811 3490 si
861 3447 963 3489 res
1001 3432 1220 3489 vestroe
1250 3424 1572 3507 profimda
1607 3429 1860 3491 Satanae
1881 3426 1908 3467 b
1941 3429 2096 3506 sint,
2130 3429 2311 3512 quasi
2341 3429 2395 3491 si
2425 3450 2503 3491 ex
2772 3424 2784 3436 ’

290 3530 527 3611 Abyssi
574 3531 841 3594 tenebris
892 3530 1061 3592 Ordo
1091 3529 1197 3592 hic
1226 3537 1440 3593 vester
1468 3531 1825 3594 emerserit.
1915 3532 2045 3594 Vix
2077 3540 2297 3594 tamen
2327 3532 2500 3613 iyno-

289 3636 528 3697 rationi
570 3635 746 3699 locus
790 3634 938 3697 hic:
989 3634 1117 3717 qni,
1165 3641 1231 3696 et
1275 3633 1437 3696 unde
1490 3634 1861 3696 Cardinales
1907 3632 2082 3712 dicti,
2138 3633 2390 3715 (siquod
2434 3635 2502 3695 in

274 3737 501 3818 fronte
518 3739 881 3820 mysterium
903 3746 926 3776 ⁰
957 3738 1231 3820 gerant,)
1259 3736 1455 3800 vestri
1487 3737 1781 3800 homines
1801 3735 1866 3799 in
1889 3742 2106 3816 aperto
2124 3742 2494 3818 posuerunt.

288 3841 469 3906 Nam
521 3842 661 3904 Rex
705 3841 785 3905 de
822 3841 1007 3904 rebus
1035 3842 1259 3903 vestris
1306 3839 1435 3902 nisi
1478 3837 1657 3902 vobis
1701 3839 1897 3902 fidem
1936 3860 2070 3901 non
2098 3837 2345 3917 habuit,
2377 3860 2499 3902 nec

285 3946 453 4009 elabi
474 3946 596 4009 sibi
627 3946 971 4029 quicquam
988 3965 1220 4025 passus
1241 3950 1352 4022 est,
1380 3942 1551 4026 quod
1581 3942 1752 4026 apud
1779 3943 2288 4022 Urbevetanum,
2316 3944 2496 4007 Onu-

286 4050 569 4134 phrium,
593 4058 841 4116 vestros
870 4051 1183 4127 homineS,
1214 4071 1349 4113 non
1378 4049 1632 4132 legerit.
1708 4050 1801 4112 At
1831 4049 1944 4111 illa
1971 4049 2166 4110 multa
2197 4068 2318 4110 non
2348 4068 2496 4110 vera

288 4156 729 4238 quae,tandem
762 4157 967 4220 sunt?
1033 4156 1258 4218 Verum
1289 4154 1483 4231 enim,
1516 4153 1622 4217 Ab
1654 4153 1841 4217 annis
1866 4154 2004 4237 jam
2036 4160 2299 4216 centum
2332 4174 2491 4229 esse,

349 4341 380 4372 ¹-
407 4332 563 4397 [Vide
587 4332 810 4395 Dugdali
847 4332 1080 4397 Append.
1119 4332 1181 4382 ad
1212 4333 1349 4382 Hist.
1502 4341 1523 4362 ¹
1556 4331 1955 4409 [Erasm.nAdag.
1982 4347 2030 4395 p.
2051 4330 2182 4393 134]

286 4397 423 4446 Eocl.
471 4398 617 4447 Cath.
662 4398 711 4447 S.
739 4399 899 4447 Pauli.
948 4414 995 4462 p.
1033 4401 1143 4449 345.
1188 4398 1348 4447 Lond.
1503 4395 1525 4491 ἵ
1557 4397 1737 4524 {Apes
1763 4412 1813 4445 11.
1831 4395 1940 4473 24]

286 4461 563 4590 lssnlssque
588 4543 753 4590 supra,
779 4543 828 4592 p.
850 4529 960 4577 126.
983 4531 1086 4578 not.
1113 4525 1166 4591 ἢ]
1582 4462 1734 4524 Apoc-
1758 4477 1879 4511 xm·
1908 4459 1974 4524 5]
