3165 4959
686 329 819 391 284
1320 343 1403 390 An
1448 341 1834 390 CAnmNALIs
1874 340 2274 388 Bmunmm

814 494 879 545 ad
895 499 1083 545 terram
1105 500 1333 546 sanctam
1357 510 1420 545 ex
1445 499 1622 544 monte
1645 494 1893 544 Calvariae
1921 493 2129 544 allatam
2153 492 2230 557 [in
2254 492 2505 557 Africam]
2523 494 2763 544 miracula
2782 494 2899 544 fieri

815 578 982 637 solita,
1003 581 1057 627 et
1078 593 1132 628 se
1154 593 1269 627 cum
1294 578 1396 628 alio
1419 577 1669 641 Episcopo
1697 575 1858 641 [eam]
1881 575 2124 626 infodisse
2137 575 2404 638 =.-[Bell.
2430 574 2582 639 Apol.
2605 590 2697 639 pro
2720 575 2900 641 Besp]

814 673 864 722 p.
888 658 1000 709 117.
1037 658 1163 722 [Op.
1190 665 1315 708 tom.
1337 660 1423 707 vii.
1448 659 1543 708 col.
1563 660 1674 710 770.
1702 658 1758 708 Β.
1776 656 1852 721 0.]

364 767 573 844 [Crucis
776 756 904 820 Sed
946 758 1293 820 ambiebant
1336 758 1631 822 homines
1670 759 2030 839 particulas
2070 757 2293 819 Crucis
2328 763 2610 837 repertae,
2640 759 2901 840 perqui-

359 832 637 958 Ξζζίᾝιῖιω
683 859 933 936 rebant,
982 880 1138 923 auro
1188 863 1464 924 inclusas
1514 861 1862 925 mittebant.
1956 860 2087 923 Sed
2137 859 2454 942 numquid
2490 861 2842 923 adorabant
2865 864 2902 923 .?

359 975 462 1075 ζεῦ
490 959 659 1010 “¹0¹²-
685 963 789 1026 De
818 962 942 1027 hoc
971 964 1146 1027 enim
1178 964 1525 1028 dicendum
1562 965 1710 1028 fuit.
1802 962 1980 1027 Felix
2023 965 2228 1045 iynem
2271 964 2662 1044 compescuit,
2693 964 2899 1027 virtu-

278 1093 295 1112 ·
425 1024 528 1088 m']
684 1073 819 1129 tem
859 1073 1160 1149 operatus
1200 1074 1319 1130 est.
1410 1069 1502 1131 At
1542 1090 1676 1132 non
1716 1066 2040 1130 adoranda
2083 1066 2319 1144 omnia,
2367 1087 2640 1150 quorum
2691 1065 2897 1129 inter-

685 1176 886 1232 ventu
913 1171 1079 1233 fiunt
1109 1172 1438 1234 miracula.
1487 1173 1643 1235 Non
1674 1170 1883 1254 pulvis
1911 1169 2021 1233 ille
2051 1169 2289 1251 (credo)
2318 1169 2400 1232 de
2424 1169 2897 1253 Hierosolymis

687 1274 939 1349 allatus,
984 1274 1095 1355 qui
1146 1284 1368 1337 tamen
1409 1274 1620 1357 pulvis
1663 1294 1784 1337 nec
1825 1293 2068 1336 ‹tv-noem
2110 1272 2449 1355 attigerat:
2513 1273 2767 1356 (quippe
2815 1273 2899 1336 de

686 1376 826 1439 loco
856 1376 1109 1455 allatus,
1137 1377 1252 1441 ubi
1291 1377 1643 1441 resurrexit
1673 1377 1994 1451 Christus,
2037 1397 2173 1439 non
2202 1375 2315 1439 ubi
2350 1377 2600 1458 passus)
2638 1396 2760 1439 nec
2800 1375 2898 1439 ibi

686 1489 828 1540 tum
876 1499 1052 1556 mar,
1106 1480 1209 1543 vel
1254 1480 1368 1542 diu
1413 1489 1564 1543 ante
1622 1501 1818 1562 quam
1866 1486 2083 1563 posset
2130 1479 2471 1557 attingere.
2562 1479 2651 1541 Et
2698 1479 2897 1561 longe

683 1581 858 1645 aliud
892 1592 991 1646 est
1017 1582 1319 1664 infodere,
1353 1583 1463 1648 ubi
1492 1584 1669 1648 locus
1700 1585 2003 1646 orationis
2032 1583 2118 1647 sit
2149 1607 2164 1647 ε
2214 1582 2411 1657 aliud,
2444 1583 2736 1645 adorare.

756 1744 857 1810 [S.]
897 1747 1213 1810 Augustinus
1251 1785 1262 1797 .
1285 1785 1297 1798 .
1326 1784 1339 1797 .
1370 1748 1434 1798 de
1475 1749 1656 1799 umbra
1689 1751 1743 1798 et
1779 1746 1911 1812 [de]
1944 1746 2166 1796 vinculis
2205 1745 2309 1810 [S.]
2350 1745 2507 1794 Petri.
2531 1782 2544 1794 .
2571 1783 2582 1794 .
2608 1783 2620 1794 .
2663 1745 2750 1796 ‘Si
2787 1751 2899 1796 tam

815 1826 1131 1878 medicabilis
1167 1829 1312 1895 [fuit]
1335 1830 1656 1880 obumbratio
1678 1829 1953 1888 visitantis,
1985 1832 2175 1892 quanto
2208 1827 2372 1889 magis
2395 1831 2573 1876 catena
2592 1827 2904 1876 vincientist

817 1908 873 1957 si
895 1910 1064 1958 inanis
1088 1910 1319 1972 quaedam
1348 1911 1539 1974 species
1569 1925 1744 1960 vacuae
1779 1910 2020 1972 imaginis
2051 1909 2235 1959 habere
2268 1908 2438 1971 potnit
2472 1909 2528 1956 in
2562 1923 2614 1958 se
2639 1908 2747 1957 vim
2768 1909 2900 1958 salu·

816 1990 899 2050 tis,
930 1995 1120 2051 quanto
1149 1991 1263 2054 plus
1282 2025 1296 2041 .
1320 2028 1332 2038 .
1358 2027 1371 2040 .
1395 1993 1602 2041 vincula
1613 1992 1668 2051 ¹²‚'
1692 1989 2006 2056 ete—[Bell.
2031 1990 2181 2054 Apol.
2208 2004 2301 2053 pro
2325 1988 2497 2053 Resp]
2530 2003 2579 2052 p.
2607 1990 2716 2041 117.
2758 1990 2899 2054 [Op.,

816 2074 938 2120 tom.
965 2071 1051 2120 vii.
1074 2071 1167 2121 col.
1192 2074 1301 2124 770.
1326 2071 1381 2122 C.
1398 2072 1484 2131 D.1

362 2180 579 2257 [pedum
773 2171 932 2234 Non
990 2177 1089 2233 est
1156 2178 1377 2234 autem
1443 2172 1739 2256 ejusdem
1786 2171 2147 2255 Augustini
2202 2173 2420 2235 Sermo
2480 2173 2589 2235 ille
2640 2172 2899 2253 quintus

357 2246 611 2374 Sangala]
695 2273 1017 2357 [tertius?]
1035 2300 1054 2335 .·
1089 2275 1272 2338 abest
1302 2276 1638 2340 character
1666 2279 1842 2361 ejus:
1899 2277 2199 2359 (necdum
2231 2284 2438 2355 erant,
2463 2275 2606 2339 vivo
2628 2277 2890 2358 Augus·

683 2375 843 2454 tino,
886 2384 1141 2460 reperta
1169 2378 1352 2441 Petri
1387 2380 1689 2463 vincula).
1782 2380 1853 2443 Si
1881 2401 2070 2443 verus
2101 2386 2290 2456 esset,
2320 2379 2490 2443 male
2529 2399 2680 2442 cum
2711 2379 2890 2442 Petri

440 2476 571 2541 207
670 2481 959 2561 primatu
993 2481 1411 2546 OEcumenico
1442 2492 1761 2566 ageretur,
1795 2505 1983 2566 quem
2014 2483 2124 2547 ille
2160 2483 2473 2566 (quisquis
2501 2483 2625 2563 est)
2663 2482 2745 2545 ad
2774 2482 2888 2544 Ju-

683 2584 846 2647 doeos
873 2593 1149 2664 revocat,
1174 2587 1405 2669 quibus
1428 2588 1716 2666 Petrum,
1739 2587 2063 2651 Gentibus
2081 2608 2231 2651 vero
2254 2587 2533 2650 Paulum
2563 2585 2885 2669 praeficit&

679 2696 756 2750 ut
787 2688 1171 2768 CardinaIiS,
1204 2691 1360 2754 dum
1389 2691 1671 2754 umbram
1717 2697 2023 2769 sectatur,
2055 2690 2136 2753 de
2167 2711 2424 2772 corpore
2461 2689 2600 2773 ipso
2640 2688 2887 2773 pericli-

680 2798 873 2857 tetur.
970 2794 1099 2858 Sed
1151 2802 1217 2857 et
1270 2795 1380 2879 qui
1425 2795 1707 2858 umbram
1759 2796 1899 2878 ejus
1957 2796 2205 2857 inanem
2264 2793 2579 2875 quandam
2625 2793 2888 2873 speciem

679 2894 850 2960 dicet
892 2920 1101 2961 vacuae
1144 2901 1457 2982 imayinis,
1505 2899 1899 2963 adorandam
1939 2919 2073 2962 non
2116 2898 2396 2961 diceret:
2465 2905 2531 2960 et
2590 2896 2695 2980 qui
2730 2916 2882 2976 pro·

677 3002 876 3062 sterni
919 3007 1063 3063 ante
1104 3022 1171 3063 se
1211 3001 1422 3066 noluit
1454 3001 1916 3066 Centurionem
1927 2998 1977 3079 ¹¹,
2009 2999 2221 3064 noluit
2250 2999 2352 3063 vel
2397 3005 2542 3061 ante
2585 2997 2884 3075 umbram,

677 3100 778 3165 vel
824 3109 1106 3166 catenam
1152 3126 1355 3168 suam.
1446 3106 1536 3170 Et
1567 3106 1976 3170 Cardinalem
2015 3127 2149 3170 non
2198 3105 2417 3182 ferret,
2450 3103 2562 3187 qui
2591 3101 2886 3166 obtrudit

675 3204 882 3268 invito
912 3206 1223 3269 honorem
1267 3207 1462 3271 hunc.
1555 3208 1745 3271 Idem
1784 3208 2019 3291 (credo)
2059 3208 2351 3271 facturus
2382 3212 2448 3269 et
2478 3206 2741 3287 Anyelo,
2773 3205 2888 3288 qui

678 3308 721 3370 J
724 3329 999 3371 oannem
1028 3309 1265 3392 repulit
1310 3309 1724 3390 adorantem¹,
1769 3319 1846 3374 ut
1888 3311 1999 3394 qui
2041 3310 2215 3375 bona
2253 3331 2374 3373 sua
2407 3330 2541 3373 non
2584 3308 2808 3373 norint
2821 3318 2885 3386 ¹¹¹,

675 3431 798 3474 nec
820 3412 1159 3492 patiantur
1183 3416 1345 3476 sotis
1371 3435 1437 3476 se
1467 3415 1589 3477 coli
1617 3435 1744 3495 pro
1775 3415 2102 3496 dignitate.

739 3563 1083 3628 Dignissimus
1103 3570 1182 3616 est
1198 3566 1434 3631 (Petrus)
1449 3567 1538 3631 qui
1559 3581 1665 3616 non
1683 3567 1848 3617 solum
1866 3565 2103 3616 adoretur
2123 3564 2415 3615 adoratione
2427 3564 2531 3621 illa,
2552 3579 2665 3628 quae
2683 3564 2886 3614 Sanctis

805 3648 1056 3709 convenit,
1080 3663 1184 3698 non
1206 3663 1265 3699 ea
1285 3663 1400 3712 quae
1421 3649 1519 3698 soli
1537 3648 1646 3698 Deo
1668 3648 1874 3712 propria
1894 3652 1999 3697 est:
2038 3666 2097 3686 =

383 3774 642 3851 01111131130·
765 3774 907 3836 Nec
946 3774 1262 3838 modestia
1294 3774 1524 3854 solum,
1555 3774 1817 3838 inscitia
1845 3773 2137 3857 quaedam
2169 3780 2328 3837 erat.
2416 3772 2677 3836 Peteret
2705 3770 2883 3834 enim

348 3839 594 3952 ,ἔῗηῗῑξῖ
675 3877 966 3958 Angelus
988 3899 1027 3939 a
1045 3878 1085 3939 J
1089 3899 1317 3956 oanne,
1344 3880 1575 3942 Petrus
1598 3883 1848 3961 peteret
1873 3899 1910 3939 a
1933 3876 2234 3941 Cornelio
2253 3902 2271 3953 3
2323 3876 2483 3939 Haec
2503 3876 2664 3958 jam,
2689 3895 2881 3956 quam

349 3982 471 4081 ἓξ
493 3967 574 4017 de·
675 3980 835 4043 mihi
867 3980 1074 4045 defers
1103 3981 1409 4060 adoratio,
1434 3989 1619 4045 estne
1647 4002 1722 4063 ea
1746 4000 1877 4063 φησι
1895 3980 2156 4062 Anyelis
2181 3979 2550 4059 Sancti-sque
2579 3978 2880 4053 convenit,

348 4094 607 4225 ἓὲιῖξέᾘυε
674 4107 759 4150 an
790 4106 921 4167 quae
964 4086 1082 4148 soli
1123 4086 1258 4149 Deo
1289 4088 1558 4169 proprio
1578 4088 1611 4149 ,⁹
1699 4087 1894 4163 Nam,
1927 4084 1981 4146 si
2009 4104 2104 4160 ea,
2137 4103 2269 4165 quoe
2297 4082 2533 4145 sanctis
2562 4082 2843 4145 convenit
2858 4107 2882 4153 ;

738 4301 764 4334 Ι
789 4293 860 4359 [S.
880 4292 1011 4355 Aug.
1028 4292 1092 4342 de
1110 4292 1218 4342 civ.
1237 4291 1349 4353 Dei,
1373 4291 1461 4340 lib.
1480 4291 1608 4340 xxii.
1627 4305 1733 4354 cap.
1821 4288 1954 4353 apud
1993 4288 2041 4337 S.
2068 4288 2150 4338 Au
2188 4324 2200 4335 .
2250 4287 2362 4352 Op„
2408 4292 2528 4336 tom.
2554 4301 2598 4336 v.
2643 4285 2882 4350 Append.

673 4358 782 4407 viii.
813 4363 931 4408 sect..
957 4363 1003 4408 6.
1041 4358 1150 4422 Op„
1188 4363 1311 4408 tom.
1328 4358 1416 4406 vii.
1450 4357 1562 4407 coll.
1590 4359 1733 4407 1063.
1822 4354 1917 4404 col.
1935 4355 2078 4405 2870.
2099 4354 2152 4403 C.

674 4422 728 4471 C.
746 4422 806 4470 D.
833 4425 974 4473 1064.
1000 4423 1087 4485 A.]
1892 4418 1904 4451 ¹
1971 4419 2099 4469 Ibid.
2134 4423 2252 4469 sect.
2279 4419 2322 4468 1.
2358 4417 2450 4468 col.
2477 4420 2623 4469 2869.
2649 4415 2743 4478 A.]

738 4484 759 4514 δ
804 4486 1259 4548 [Pseudo-August.
1297 4487 1521 4550 (fortasse
1558 4485 1728 4535 Faust.
1888 4484 1910 4516 ¹¹
1978 4484 2090 4534 Act.
2115 4485 2293 4547 Apost.
2311 4499 2359 4533 x.
2379 4483 2487 4546 26.]

672 4547 994 4611 Semipelag.)
1055 4550 1213 4598 Sex-m.
1259 4552 1391 4599 cciii.
1463 4552 1539 4611 (in
1608 4550 1726 4599 Nat.
1882 4547 1894 4580 ¹
1973 4550 2125 4612 Apoc.
2152 4550 2258 4598 xix.
2278 4549 2385 4611 16.]

673 4611 849 4671 Apost.
875 4612 982 4660 Pet.
1004 4617 1057 4660 et
1080 4613 1219 4661 Paul.
1248 4613 1346 4677 iii.)
1384 4614 1506 4663 Bon.
1537 4619 1656 4663 sect.
1682 4618 1726 4665 5.
1871 4622 1904 4645 ¹¹⁵
1971 4613 2115 4675 Virg.
2132 4613 2314 4676 θεοῖς.
2333 4614 2386 4663 ii.
2410 4610 2542 4675 458.]
