3165 4959
907 352 1271 401 stomoma
1314 351 1680 400 nnsronsm.
2315 336 2399 397 25

188 509 585 571 Christianus
626 528 751 569 non
790 513 883 569 est
892 517 937 570 Ρ.
1032 509 1255 572 Latior
1294 509 1469 572 enim
1500 529 1621 571 vox
1659 508 2020 585 Christiani,
2054 505 2135 568 ad
2176 525 2401 568 omnes
2537 514 2624 575 20

186 612 440 688 diffusa,
473 609 587 693 qui
632 609 894 673 Christo
939 631 1176 674 nomen
1224 612 1542 675 dederunt
1590 612 1660 673 in
1709 610 2062 693 Baptismo.
2154 610 2401 672 Moneo

188 716 288 778 bie
318 716 669 778 Lectorem
691 739 710 790 3
760 714 888 777 duo
910 716 1048 798 jam
1080 721 1232 778 sunt
1264 714 1628 792 Cardinali,·
1650 715 2041 777 Christianus
2070 720 2136 776 et
2173 713 2397 774 Catho-

185 821 358 896 licus,
406 819 660 882 dudum
706 839 842 881 non
892 826 1112 881 erant:
1161 820 1463 882 Errorem
1510 820 1687 882 hune
1732 840 1920 881 suum
1962 818 2218 881 videtur
2260 818 2399 900 jam

183 942 641 1003 recoynoscere,
674 920 831 983 dum
876 920 1213 1003 distinguit
1258 920 1396 1004 ipse
1426 922 1554 985 duo
1597 922 1754 997 haee,
1788 922 1944 985 dum
1975 921 2102 983 duo
2135 922 2272 1003 jam
2302 918 2399 982 illi

185 1035 357 1103 sunt,
397 1026 726 1088 catholica
755 1031 820 1087 et
857 1024 1235 1087 Christiana.
1308 1024 1408 1088 Sit
1437 1045 1588 1088 vero
1618 1025 1805 1087 venia
1832 1023 2182 1087 confitenti.
2247 1021 2396 1085 Nisi

184 1128 345 1190 illud
375 1128 547 1192 forte
583 1127 726 1205 fuit,
762 1147 910 1189 cnm
939 1126 1097 1189 vidit
1144 1147 1213 1190 se
1256 1126 1327 1189 in
1364 1127 1723 1189 Christiana
1749 1126 1885 1207 fide
1927 1133 2063 1189 tam
2095 1126 2396 1208 jejunum

184 1230 403 1306 fnisse,
436 1229 712 1312 experiri
741 1229 937 1292 etiam
968 1230 1128 1304 vult,
1161 1250 1245 1291 an
1276 1228 1331 1291 si
1372 1230 1756 1292 Catholicam
1787 1235 2160 1306 assumeret,
2195 1227 2398 1309 magis

186 1334 247 1396 ei
275 1332 586 1396 meliusve
616 1332 881 1395 fortuna
908 1332 1345 1414 responderet.

261 1487 319 1507 =
340 1468 570 1529 intelligi
592 1469 761 1530 potest
782 1481 848 1515 ex
865 1465 1161 1515 definitione
1178 1481 1331 1529 quam
1354 1465 1515 1516 tradit
1538 1466 1845 1516 Vincentius
1868 1465 2149 1515 Lirinensis
2170 1501 2182 1513 .
2201 1500 2214 1513 .
2233 1499 2246 1511 .
2264 1462 2399 1512 Illud

316 1550 459 1598 enim
493 1548 624 1596 dicit
657 1561 763 1596 esse
788 1546 1105 1597 catholicum
1133 1546 1268 1609 quod
1298 1562 1497 1611 semper
1518 1552 1571 1597 et
1603 1548 1790 1611 ubique
1813 1546 2064 1597 cmditum
2084 1543 2399 1609 est-[Bell.

317 1628 469 1692 Apol.
493 1642 585 1691 pro
607 1626 784 1691 Resp.]
809 1641 857 1690 p.
883 1629 928 1676 6.
955 1626 1095 1690 [Op.,
1118 1630 1239 1677 tom.
1258 1627 1347 1676 vii.
1373 1629 1465 1677 eol.
1488 1628 1598 1681 708.
1626 1625 1707 1691 Β.]

278 1745 416 1809 Ubi
448 1743 775 1807 Lirinensi
816 1743 1099 1825 primum
1145 1744 1553 1825 assentimur,
1588 1746 1667 1809 de
1702 1746 1886 1829 cujus
1917 1743 2288 1808 definitione
2318 1741 2398 1804 lis

191 1850 374 1913 nulla
415 1849 625 1913 nobis.
716 1849 911 1914 Quod
939 1849 1219 1913 obtinuit
1258 1870 1499 1931 semper
1527 1856 1588 1912 et
1617 1851 1836 1931 ubique
1865 1856 1925 1912 et
1955 1849 2125 1929 apud
2150 1868 2355 1910 omnes
2375 1873 2394 1908 .-

192 1953 366 2035 quod
408 1972 649 2033 semper
683 1958 746 2015 et
787 1952 1008 2033 ubique
1043 1959 1103 2015 et
1138 1953 1217 2015 ab
1257 1954 1535 2015 amnibus
1570 1953 1872 2016 creditum
1911 1958 2002 2014 est
2020 1962 2069 2029 ‘1‚
2109 1949 2398 2014 Catholi-

190 2077 341 2119 cum
394 2062 554 2117 esto.
670 2053 821 2118 Qua
874 2075 1008 2116 una
1063 2054 1287 2136 regula
1339 2053 1725 2136 surreptitiae
1783 2073 2007 2116 omnes
2067 2052 2400 2135 opiniones

189 2166 422 2221 vestrae
462 2156 867 2240 jugulantur.
956 2157 1364 2220 Nominatim
1415 2158 1660 2240 priores
1705 2164 1872 2221 tres:
1947 2156 2398 2219 Transubstan-

190 2264 376 2324 tiatio
438 2260 611 2324 enim
664 2266 870 2323 vestra
925 2282 1060 2324 non
1116 2281 1354 2342 semper
1373 2288 1393 2323 .·
1455 2261 1614 2324 Non
1665 2261 1840 2324 enim
1896 2282 2011 2343 per
2062 2259 2400 2323 duodecim

191 2365 450 2427 saecula.
539 2364 867 2425 Primatus
923 2384 1055 2426 non
1112 2363 1334 2445 ubique
1355 2390 1374 2425 .·
1450 2365 1609 2427 Non
1668 2364 1842 2427 enim
1900 2362 2167 2427 Oriente
2239 2368 2398 2425 toto.

191 2470 381 2532 Alius
440 2473 676 2546 autem,
732 2472 808 2530 ut
865 2466 1293 2530 Antichristus
1345 2468 1448 2547 sit,
1503 2489 1625 2534 nec
1675 2489 1913 2550 semper
1960 2489 2081 2532 nee
2137 2466 2358 2549 ubique
2378 2492 2398 2527 .-

191 2578 464 2654 totaque
493 2590 595 2633 res
626 2569 1000 2652 conjectura
1029 2576 1145 2632 est.

258 2713 410 2764 Certe
430 2718 601 2763 sutem
631 2728 726 2777 per
757 2713 902 2764 mille
922 2714 1230 2776 quingentos
1249 2729 1422 2773 annos,
1456 2730 1521 2767 ne
1554 2730 1743 2766 nomen
1766 2714 1973 2778 quidem
2007 2713 2403 2764 Protestsntium

327 2793 564 2844 auditum
587 2793 900 2859 est—{BelL
924 2794 1072 2859 Apol.
1095 2810 1188 2859 pro
1210 2795 1380 2860 Resp.]
1402 2811 1452 2860 p.
1472 2797 1516 2848 7.
1542 2797 1679 2861 [ΟΡ.,
1701 2801 1825 2845 tom.
1842 2795 1931 2844 vii.
1954 2794 2048 2843 eol.
2065 2795 2178 2845 708.
2193 2793 2280 2857 8.]

294 2915 477 2976 Certe
506 2920 713 2975 autem
753 2913 1006 2995 (inquit)
1034 2935 1158 2995 per
1199 2916 1365 2978 mille
1405 2917 1768 2997 quinqentos
1811 2933 2025 2989 annos,
2071 2933 2147 2975 ne
2196 2931 2412 2974 nomen
2441 2928 2615 2992 [Unde
2648 2945 2722 2979 or-

202 3017 450 3098 qm'dem
490 3017 984 3078 Protestantium
1036 3017 1335 3080 auditum.
1433 3018 1613 3080 Certe
1651 3023 1874 3095 autem,
1927 3037 2165 3080 nomen
2208 3016 2410 3079 Jesui-
2435 2997 2743 3107 ἷξξξιὲἓωω

199 3128 409 3182 tarum
440 3120 651 3183 adhue
691 3120 1020 3202 pauciores
1063 3125 1383 3198 numerat,
1413 3142 1535 3184 nec
1580 3142 1694 3204 per
1732 3121 1975 3203 aliquot
2018 3128 2165 3203 post
2211 3141 2412 3184 annos
2437 3123 2704 3186 mutium]

198 3223 498 3286 auditum
528 3229 648 3298 est,
682 3245 874 3305 quam
904 3224 1400 3287 Protestantium
1422 3253 1441 3286 .·
1492 3247 1653 3307 quos
1684 3233 1905 3288 tamen
1945 3225 2142 3308 siquis
2173 3225 2412 3288 Catho-

198 3327 358 3389 lieos
413 3332 704 3409 negaret,
755 3333 1067 3408 pungeret
1128 3327 1364 3409 (eredo)
1424 3328 1852 3407 cardinalem,
1902 3329 2007 3392 cui
2057 3328 2414 3391 etiamnum

199 3430 492 3492 Jesuitici
529 3428 862 3511 sanguinis
906 3429 1206 3492 nonnihil
1244 3429 1435 3494 bullit
1484 3432 1727 3495 circum
1771 3432 2138 3515 praecordia.
2237 3432 2416 3493 Certe

200 3539 407 3595 mntem
466 3552 586 3595 nos
646 3531 727 3594 de
779 3532 1273 3595 Prote-stantium
1328 3534 1592 3599 nomine
1655 3535 1808 3598 fidei
1879 3536 2221 3608 articulum
2281 3555 2417 3597 non

199 3635 516 3699 facimus:
594 3641 661 3697 at
720 3655 831 3697 vos
893 3635 973 3698 de
1040 3635 1764 3715 Ranmbstamiationis,
1825 3639 2008 3720 cujus
2079 3656 2195 3718 per
2251 3637 2418 3697 mille

199 3747 424 3801 tamen
455 3738 752 3799 ducentos
790 3757 985 3800 annos
1018 3758 1093 3801 ne
1129 3759 1346 3801 nomen
1385 3741 1630 3821 quidem
1669 3741 1967 3803 auditum.
2061 3739 2278 3804 Quare
2307 3760 2418 3803 vos

200 3841 327 3903 ista
369 3840 609 3923 potius,
640 3860 761 3902 nos
808 3839 1067 3922 quidem
1113 3862 1247 3904 non
1290 3841 1552 3906 feriunt.
1645 3842 2139 3905 Protestantium
2181 3841 2420 3904 nostris

202 3965 448 4007 nomen
510 3942 593 4005 ab
654 3948 893 4006 eventu
940 3942 1107 4006 fuit:
1206 3944 1473 4008 Errores
1532 3945 1707 4007 enim
1765 3951 1908 4007 tum
1969 3944 2298 4027 quosdam,
2353 3951 2420 4008 et

205 4046 462 4124 abusus,
501 4067 636 4109 non
687 4044 930 4108 diutius
980 4046 1255 4109 tolerare
1300 4047 1463 4110 velle
1511 4069 1601 4125 se,
1650 4049 1763 4112 sed
1801 4050 1941 4132 jam
1992 4050 2241 4127 tollere,
2272 4069 2418 4130 pro-

204 4149 427 4212 testati
470 4155 660 4212 sunt:
711 4155 943 4210 eaetera
980 4168 1149 4226 ver0,
1183 4169 1326 4230 quae
1370 4171 1546 4226 sana,
1601 4152 1809 4233 (erant
1855 4151 2030 4213 enim
2075 4171 2233 4212 sana
2275 4156 2419 4212 tum

204 4252 531 4335 pleraque)
588 4250 922 4315 vobiscum
969 4252 1267 4316 retinere.
1358 4251 1465 4315 Ab
1517 4253 1640 4315 hae
1680 4253 2133 4332 protestatione
2182 4272 2420 4315 nomen

269 4461 292 4492 Ρ
325 4454 498 4531 [Resp.
536 4453 750 4516 'fort-p
755 4453 883 4510 .;97
919 4458 972 4504 st
1005 4452 1132 4504 Bell.
1167 4454 1279 4519 Op..
1434 4461 1455 4493 ⁸³
1489 4453 1749 4517 [vincent.
1793 4453 1953 4503 Lirin.
1991 4453 2185 4504 Comm.
2227 4469 2332 4519 esp.
2369 4455 2424 4504 ii.

209 4522 327 4568 mm.
350 4519 445 4570 vii.
467 4518 561 4568 col.
591 4519 705 4569 688.
715 4468 819 4578 PC]
1366 4532 1414 4580 Ρ.
1438 4520 1484 4568 6.
1509 4517 1671 4568 Oxon.
1697 4517 1868 4583 1831]
