3165 4959
702 314 831 377 402
1331 327 1416 373 An
1461 285 1848 373 emmaus
1888 324 2287 371 BELLARMINI

768 491 880 541 Hoc
900 489 1204 540 miraculum
1238 503 1340 538 uon
1371 489 1619 538 tribuitur
1641 525 1652 537 .
1678 525 1689 538 .
1714 523 1726 535 .
1752 488 1939 538 Bestiae
1972 488 2167 552 majori,
2191 501 2304 550 quae
2338 484 2714 535 Antichristum
2748 485 2926 547 signi·

830 571 966 632 fleat,
1002 571 1090 621 sed
1128 570 1333 631 minori,
1355 585 1469 633 quae
1507 570 1826 619 Antichristo
1861 569 2095 619 deservit.
2165 568 2216 618 N
2220 583 2288 618 on
2330 567 2493 631 igitur
2527 566 2782 624 Pontifex,
2816 565 2921 628 qui

829 653 1043 702 fulmine
1062 689 1074 700 .
1091 689 1104 702 .
1132 688 1144 700 .
1167 655 1340 711 terret,
1363 650 1713 700 Antichristus
1727 650 2060 715 erit.—[Bcll.
2082 650 2233 714 Apol.
2259 664 2352 714 pro
2375 646 2543 712 Resp]
2569 663 2618 710 p.
2644 650 2752 696 160.
2786 646 2921 710 [Op.

829 737 952 783 tom.
975 732 1062 781 vii.
1086 731 1181 781 col.
1206 732 1316 784 794.
1342 732 1432 795 D.]

381 834 479 913 [ne
499 833 594 883 ful·
787 833 923 896 Vos
952 832 1073 916 ipsi
1101 830 1774 895 excommunicationis
1804 852 2135 894 censuram
2160 827 2403 911 fulmen
2433 828 2649 891 soletis
2678 828 2922 892 dicere.

374 913 650 1015 &ffugi-
703 935 958 997 Fulmen
987 942 1221 1012 autem,
1252 933 1421 1017 ignis
1450 933 1530 997 de
1561 934 1743 998 coelo.
1834 935 1935 998 De
1963 934 2106 1016 igme
2143 934 2358 1016 itaque
2387 932 2709 996 convenit.
2782 933 2922 997 Qui

376 1025 629 1089 munniz]
704 1038 962 1121 quidem
991 1039 1157 1120 ionis
1184 1036 1370 1101 initio
1399 1038 1605 1101 solum
1627 1058 1823 1120 penes
1852 1037 2238 1101 Ecclesiam:
2279 1057 2398 1100 nec
2421 1035 2589 1099 tradi
2612 1035 2917 1118 cuiquam

703 1141 935 1226 potuit,
971 1140 1099 1204 nisi
1134 1140 1214 1204 ab
1255 1139 1557 1219 Ecclesia,
1591 1140 1696 1203 cui
1736 1140 1854 1203 soli
1904 1141 2188 1203 Cen-curce
2225 1140 2353 1222 jus.
2445 1139 2649 1202 Penes
2688 1138 2922 1202 Eccle-

706 1245 864 1308 siam
904 1244 1212 1329 (inquam)
1248 1264 1395 1307 vere
1431 1245 1682 1326 Aquam
1726 1244 1968 1327 primo:
2016 1250 2157 1327 post
2201 1244 2416 1321 etiam,
2448 1262 2645 1325 penes
2688 1242 2919 1306 Eccle-

707 1349 886 1427 siam,
912 1349 1030 1412 etsi
1059 1349 1284 1412 falsam
1306 1349 1464 1431 jam,
1491 1356 1555 1410 at
1586 1368 1801 1410 veram
1830 1355 2050 1411 tamen
2085 1347 2212 1430 (cui
2241 1345 2564 1426 successit)
2602 1346 2915 1425 cornibus,

706 1452 773 1515 id
832 1459 947 1530 est,
998 1460 1261 1516 externa
1316 1450 1524 1533 specie
1579 1451 2000 1515 referentem:
2073 1451 2187 1514 ubi
2236 1457 2382 1533 post
2433 1449 2915 1512 Antichristum

708 1555 1000 1619 abeundo
1054 1562 1119 1618 et
1169 1555 1482 1617 Draconis
1527 1554 1765 1617 idioma
1815 1553 2132 1632 discendo,
2180 1553 2251 1616 in
2309 1554 2607 1615 minorem
2656 1553 2915 1615 besti-am

707 1658 1171 1741 degenerasset.
1261 1658 1447 1735 Tum,
1479 1658 1701 1720 Minor
1729 1658 1868 1734 ista,
1898 1657 1969 1719 in
2002 1657 2335 1738 Majorem,
2365 1654 2497 1719 vim
2533 1676 2816 1733 omnem,
2849 1664 2915 1719 et

706 1768 1088 1844 potestatem
1121 1781 1300 1824 suam
1330 1759 1694 1823 transtulit:
1740 1766 1834 1838 ut,
1855 1780 1996 1842 quae
2026 1760 2246 1821 Minor
2274 1758 2459 1841 signa
2485 1758 2665 1841 prius
2695 1758 2914 1836 edidit,

709 1864 930 1926 eadem
978 1885 1091 1946 per
1132 1863 1351 1927 omnia
1383 1864 1605 1944 Major
1633 1863 1773 1946 jam
1811 1871 2023 1947 posset
2063 1862 2268 1926 edere.
2362 1864 2582 1941 Recte,
2614 1869 2692 1925 ut
2723 1863 2917 1926 Anti-

710 1965 951 2029 christo
982 1966 1236 2048 signum
1266 1966 1390 2029 hoc
1434 1966 1794 2029 conveniat.
1888 1966 2381 2049 Quamprimum
2421 1964 2596 2027 enim
2640 1964 2917 2028 adolevit

709 2074 775 2131 et
833 2067 1072 2130 valeret
1129 2069 1268 2151 jam
1326 2067 1564 2131 viribus
1617 2069 2081 2147 Antichristus,
2142 2068 2412 2132 armavit
2469 2067 2566 2130 illi
2623 2067 2917 2130 dextram

708 2170 996 2235 Ecclesia
1044 2170 1203 2234 falsa
1250 2172 1492 2254 (Bestia
1543 2174 1766 2252 minor,
1808 2160 2151 2257 potestate
2175 2194 2291 2235 sua
2333 2171 2604 2252 summa)
2656 2170 2922 2234 trisulco

708 2273 831 2337 hoc
849 2270 1136 2355 fulmine,
1171 2295 1296 2357 quo
1323 2275 1717 2357 percelleret,
1751 2275 2114 2358 quicunque
2144 2276 2372 2338 Bestiae
2400 2275 2734 2356 imayinem
2766 2274 2922 2335 ado-

653 2392 662 2399 ·
706 2397 854 2440 rare
883 2376 1105 2456 nollet,
1135 2377 1236 2442 vel
1273 2378 1709 2441 characterem
1738 2379 2049 2459 suscipere
2065 2387 2123 2441 ¹¹¹.

776 2522 974 2573 Deinde
1008 2524 1247 2573 meminit
1268 2522 1421 2587 hujus
1446 2523 1479 2571 J
1482 2538 1669 2573 oannes
1700 2524 1950 2585 miraculi,
1974 2528 2034 2573 ut
2058 2524 2134 2574 rei
2164 2538 2323 2584 none,
2350 2527 2402 2574 et
2422 2523 2657 2573 insolitae.
2726 2526 2800 2573 At
2825 2538 2920 2573 ex-

842 2606 1231 2655 communicatio
1252 2620 1331 2655 rcs
1364 2609 1441 2655 eet
1462 2606 1745 2655 communis
1778 2609 1831 2655 ct
1850 2609 1983 2656 nota
1999 2605 2202 2671 —[Bell.
2226 2604 2374 2670 Apol.
2399 2620 2491 2669 pro
2512 2604 2692 2668 neap.)
2728 2620 2779 2668 p.
2805 2608 2919 2656 160.

846 2686 977 2751 [Op.‚
1011 2691 1133 2736 tom.
1156 2687 1243 2736 vii.
1277 2687 1389 2736 coll.
1414 2686 1522 2738 794.
1541 2686 1606 2736 D.
1629 2686 1738 2738 795.
1759 2686 1845 2751 A.]

392 2785 637 2861 [in-reges
799 2786 942 2849 Nec
981 2807 1148 2849 nova
1177 2807 1288 2850 res
1334 2786 1608 2849 Censura
1655 2785 1812 2863 haec,
1845 2807 1988 2868 qua,
2021 2785 2131 2869 qui
2176 2786 2245 2849 in
2294 2786 2525 2850 scelere
2571 2785 2919 2866 obfirmati,

385 2850 610 2914 emma]
714 2896 1013 2952 arcentur
1041 2888 1326 2952 fidelium
1356 2897 1548 2968 coetu,
1574 2888 1776 2952 donec
1803 2888 2045 2971 pudore
2073 2889 2211 2973 ipso
2242 2889 2490 2953 confusi
2519 2889 2600 2952 ad
2629 2898 2919 2954 mentem

713 2990 1042 3055 meliorem
1087 2991 1370 3056 redeant.
1463 2993 1621 3056 Non
1658 2992 1796 3055 haec
1840 2991 2095 3075 quidem
2140 3012 2297 3054 nova
2319 3020 2336 3054 .·
2386 3000 2453 3055 at
2495 2992 2607 3055 ina
2634 3014 2815 3072 nova,
2853 3003 2919 3056 et

712 3094 993 3176 portenti
1062 3093 1302 3172 similis„
1366 3115 1508 3176 quae
1567 3096 1776 3177 Reges
1850 3095 2020 3157 afflat
2081 3102 2146 3159 et
2205 3097 2449 3178 Regna,
2511 3117 2656 3179 quae
2714 3103 2918 3176 tonat,

471 3198 597 3261 291
713 3193 1015 3276 fulgurat,
1061 3194 1436 3276 permiscetn
1472 3197 1909 3260 Christianum
1954 3196 2231 3262 Orbem:
2278 3197 2743 3282 principesque,
2789 3222 2920 3262 non

715 3294 1049 3358 dominatu
1100 3298 1326 3375 solum,
1368 3298 1478 3361 sed
1530 3307 1595 3362 et
1641 3300 1792 3379 vita,
1840 3321 1955 3384 per
1997 3299 2373 3365 Emissarios
2418 3301 2613 3364 exuit.
2704 3302 2923 3365 Novus

712 3398 818 3462 hic
846 3399 1012 3481 iynis
1046 3389 1385 3463 Vaticanus
1414 3410 1529 3480 est,
1554 3423 1685 3465 non
1716 3402 2155 3480 Elementaris‚
2181 3403 2291 3466 sed
2318 3404 2655 3468 nocentior
2683 3405 2922 3482 mult03

714 3509 778 3565 et
810 3524 1019 3586 quem,
1053 3513 1201 3567 ante
1233 3505 1705 3568 Antichristum
1737 3506 2000 3585 editum,
2032 3507 2298 3570 nescivit
2330 3507 2541 3571 Orbis.

778 3650 1026 3701 Professio
1070 3651 1375 3701 obedientiae
1411 3666 1572 3715 neque
1609 3653 1664 3701 in
1703 3652 1899 3712 dextra,
1937 3669 2100 3716 neque
2139 3654 2195 3703 iu
2230 3655 2396 3704 fronte
2431 3654 2923 3720 accipitur—[Bell.

843 3733 993 3796 Apol.
1017 3748 1107 3796 pro
1129 3732 1299 3797 Resp]
1334 3749 1384 3796 p.
1409 3736 1517 3782 161.
1557 3732 1695 3798 [Op.‚
1718 3738 1840 3783 tom.
1866 3735 1954 3801 vii.
1977 3735 2070 3786 col.
2095 3736 2206 3788 795.
2233 3735 2317 3798 D.]

390 3853 494 3931 [De
511 3854 674 3904 obedi·
802 3841 1170 3905 Characteri
1221 3830 1506 3925 opponit,
1552 3842 1795 3925 primo:
1865 3863 2000 3906 non
2047 3843 2221 3907 enim
2269 3842 2573 3924 Pontifex·
2620 3844 2927 3928 cuiquam

385 3925 538 4047 ξίῗέξ]
549 3918 672 3969 Pon·
712 3944 780 4005 in
813 3940 1033 4025 fronte
1081 3944 1378 4008 deoetrave
1424 3951 1635 4007 notam
1683 3945 2017 4030 imprimit.
2106 3946 2277 4010 Vide
2313 3945 2587 4027 frontes,
2635 3956 2931 4012 scrutare

714 4047 974 4111 deoetras
1027 4048 1535 4128 Pontificiorum,
1590 4050 1810 4113 nullus
1868 4051 2213 4114 character
2270 4050 2688 4134 comparebit.
2780 4053 2932 4117 Nec

715 4172 910 4233 opus:
980 4150 1109 4216 Qui
1160 4172 1347 4214 mana
1400 4150 1590 4230 elata,
1644 4174 1896 4234 opereve
1945 4153 2334 4237 exsequitur,
2385 4154 2445 4218 ei
2492 4176 2715 4218 manus
2737 4183 2759 4227 ;
2818 4158 2933 4239 qui

715 4253 925 4336 palam
963 4252 1182 4334 fronte
1229 4255 1396 4316 nuda
1447 4257 1805 4337 profitetur,
1857 4258 1917 4320 ei
1960 4259 2211 4341 eiynata
2243 4256 2433 4339 frons
2477 4265 2596 4322 est.
2688 4259 2934 4321 Manus

718 4356 869 4438 agit,
911 4357 1099 4436 frons
1145 4380 1276 4440 prae
1322 4381 1388 4422 se
1436 4360 1599 4423 fert:
1650 4363 1760 4443 qui
1809 4362 2113 4426 audacter
2161 4362 2314 4446 agit,
2359 4363 2635 4426 fidenter
2678 4383 2815 4445 prae
2860 4384 2933 4426 se

783 4528 814 4548 ··=
840 4521 994 4581 [Vide
1021 4524 1174 4584 Apoc.
1199 4527 1308 4573 xiii.
1343 4529 1574 4589 12-17.]
1929 4540 1948 4560 ··
1984 4532 2145 4595 [eous.
2173 4532 2430 4595 Aristoph.
2457 4531 2677 4581 Aetam.
2703 4530 2839 4594 504]
