3165 4959
695 321 780 381 50
1314 335 1400 382 AD
1445 335 1828 383 CARDmAus
1871 332 2270 383 mmmmm

826 486 1102 550 propitium
1126 486 1291 536 Deum
1314 486 1495 537 habere
1518 485 2086 551 postulamus'—[Bell.
2110 485 2260 549 Apol.
2281 500 2372 548 pro
2396 481 2564 547 Resp.]
2589 499 2636 546 p.
2656 485 2730 532 12.
2759 482 2907 548 [Op.,

824 573 947 618 tom.
972 571 1059 618 vii.
1083 570 1175 619 eol.
1201 571 1313 621 711.
1340 571 1394 620 C.
1413 569 1499 634 1).]

367 666 619 743 [Epistola
782 660 1007 724 Nihilo
1040 667 1259 724 autem
1289 661 1433 744 plus
1463 660 1712 743 probat,
1742 660 1854 722 ina
1894 659 2051 741 (non
2070 657 2143 720 in
2175 656 2484 735 ConciliO,
2518 663 2699 720 extra
2728 658 2906 720 Con-

367 734 668 844 ffl'ssffitssw
694 761 913 825 cilium
946 763 1139 841 enim,
1183 773 1249 827 et
1302 772 1445 846 post
1492 762 1657 826 illud
1709 763 1988 844 finitum)
2039 783 2159 824 nec
2208 782 2246 823 a
2285 760 2484 823 totius
2528 761 2800 843 Europae
2842 763 2912 843 (a

366 860 634 973 gfflfnud
695 873 971 949 quatuor
1011 868 1224 950 modo)
1282 868 1617 951 Episcopis
1677 868 1760 930 ad
1820 869 2108 932 Leonem
2156 866 2524 949 conscripta
2565 866 2861 948 Epistola
2884 892 2905 944 3

364 988 586 1052 cilium]
695 993 887 1053 quam
911 981 1055 1055 post
1085 972 1173 1034 ibi
1198 972 1461 1034 recitat:
1494 971 1566 1034 in
1591 993 1717 1054 qua
1735 971 2051 1054 Episcopi,
2074 969 2237 1032 illud
2255 969 2428 1032 idem
2453 968 2533 1032 de
2558 970 2905 1048 Preterion

703 1075 833 1157 (qui
872 1075 951 1137 ab
983 1076 1213 1138 AEluro
1261 1096 1463 1139 caesus
1508 1074 1579 1136 in
1621 1074 2031 1157 BaptisteriO,
2070 1094 2217 1135 cum
2262 1072 2654 1136 orthodoxus
2699 1074 2896 1155 esset)

694 1179 866 1260 quod
896 1179 1003 1241 alii
1034 1187 1183 1242 ante
1215 1178 1293 1242 de
1326 1178 1648 1241 Flaviano.
1741 1177 1988 1239 Verum
2021 1176 2349 1239 Pretorius
2388 1196 2520 1239 non
2564 1176 2908 1239 invocatur

691 1282 782 1345 ibi
808 1308 822 1345 ε
870 1283 1077 1347 oratio
1107 1282 1187 1346 ad
1218 1284 1402 1346 illum
1434 1304 1568 1346 non
1596 1282 1897 1365 dirigitur
1924 1306 1937 1343 :
1984 1280 2053 1344 id
2078 1280 2269 1344 modo
2299 1282 2562 1364 petitur,
2593 1288 2668 1343 ut
2695 1281 2902 1344 inter-

689 1389 1053 1453 cessionum
1081 1390 1422 1474 participes
1452 1390 1632 1467 fiant,
1666 1388 1899 1471 quibus
1929 1388 2292 1452 Pretorium
2324 1388 2393 1450 in
2430 1388 2590 1452 coelo
2630 1389 2770 1472 jam
2799 1390 2903 1451 uti

693 1517 834 1577 spes
894 1503 1054 1560 erat.
1147 1496 1341 1574 Illud,
1405 1496 1484 1558 de
1538 1516 1666 1577 quo
1724 1515 1859 1557 non
1919 1493 2247 1575 quaeritur,
2310 1492 2663 1556 ostendunt
2737 1493 2900 1572 haec,

694 1598 991 1682 quodque
1021 1606 1203 1662 extra
1230 1620 1408 1682 spem
1438 1618 1571 1660 non
1601 1606 1736 1673 est;
1785 1597 2182 1677 interpellare
2212 1596 2390 1659 illos:
2440 1596 2632 1674 Illud,
2659 1597 2739 1659 de
2770 1618 2904 1679 quo

691 1704 1020 1785 quaeritur,
1074 1724 1207 1767 non
1265 1702 1639 1780 ostendunt,
1701 1701 1999 1784 quodque
2058 1709 2242 1765 extra
2292 1708 2683 1784 praeceptum
2757 1709 2898 1765 est:

689 1806 1174 1886 interpellandos
1202 1826 1352 1868 esse.

369 1910 491 1986 [eui
518 1925 665 1997 nppo-
778 1909 1009 1991 Neque
1040 1931 1206 1987 vero,
1242 1909 1569 1973 Cardinali
1613 1908 1718 1971 hic
1758 1929 1998 1991 repono
2043 1909 2557 1971 acclamationem
2595 1910 2898 1990 aliquam,

363 1977 638 2090 33¹}ssss
688 2013 788 2075 vel
818 2019 1041 2091 votum,
1083 2034 1160 2076 ex
1202 2012 1559 2076 affectionis
1592 2013 1837 2095 impetu
1855 2036 1873 2088 3
1923 2011 2037 2074 sed
2072 2014 2398 2091 Cononem,
2432 2013 2541 2076 sed
2577 2015 2900 2077 Statatum

366 2105 595 2169 modia]
690 2119 961 2182 Concilii
991 2118 1340 2181 Laodiceni
1386 2118 1553 2181 cirea
1593 2117 1731 2180 hoee
1761 2122 2070 2199 tempora,
2103 2117 2395 2180 unanimi
2442 2119 2708 2180 Pati-um
2740 2140 2898 2182 con-

688 2244 881 2285 sensu
930 2222 1411 2306 promulgatum
1433 2232 1495 2283 5:
1545 2221 1717 2304 quod
1748 2221 1945 2302 leges,
1987 2220 2086 2284 bis
2115 2243 2155 2284 a
2184 2222 2588 2285 Theodoreto
2617 2223 2894 2285 relatum

683 2323 755 2386 in
782 2325 845 2387 ii.
881 2333 947 2387 et
975 2325 1062 2387 iii.
1097 2324 1179 2387 ad
1210 2325 1481 2388 Coloss¹.
1570 2324 1928 2387 Prohibent
1957 2324 2047 2387 ibi
2079 2324 2335 2389 disertis
2366 2327 2594 2404 verbis,
2628 2327 2726 2389 Ne
2755 2330 2901 2409 quis

674 2432 973 2507 precetur
999 2427 1291 2509 AnyeIOS.
1355 2426 1515 2510 (Par
1546 2433 1643 2489 est
1674 2434 1891 2490 autem
1921 2434 1987 2490 et
2019 2427 2098 2490 de
2133 2428 2386 2491 Sanctis
2414 2429 2621 2512 rati0.)
2700 2430 2900 2496 Quod

688 2533 1071 2593 consulerent
1102 2536 1243 2594 tum
1275 2531 1558 2613 quidam,
1586 2537 1779 2613 atque
1809 2538 2091 2614 oportere
2120 2541 2424 2616 putarent
2447 2555 2571 2614 per
2600 2534 2896 2616 Anyeloe,

686 2635 963 2697 divinam
991 2635 1110 2697 sibi
1140 2636 1616 2699 benevolentiam
1645 2637 1994 2698 conciliare.

773 2741 1043 2803 Patrum
1082 2762 1250 2820 vere,
1293 2762 1436 2823 quae
1489 2740 1729 2824 profert
1775 2740 2163 2818 testimonia,
2211 2748 2342 2804 tres
2389 2739 2458 2801 in
2502 2741 2732 2805 classes
2775 2745 2898 2806 tri-

684 2845 900 2909 buam.
996 2850 1053 2909 1.
1103 2846 1234 2912 Qui
1261 2866 1410 2908 vere
1440 2845 1690 2921 Patres,
1739 2842 1850 2906 sed
1898 2865 2031 2906 non
2061 2865 2205 2907 vere
2248 2845 2551 2909 citantur.
2649 2850 2710 2910 2.
2761 2848 2896 2914 Qui

685 2968 832 3010 vere
879 2948 1181 3025 citantur,
1238 2947 1352 3011 sed
1398 2946 1548 3010 fidei
1603 2954 1939 3029 suspeetae.
2030 2950 2092 3009 3.
2153 2947 2283 3013 Qui
2323 2956 2388 3011 et
2435 2950 2588 3028 veri,
2635 2957 2700 3014 et
2744 2973 2894 3015 vere

686 3050 887 3128 citati,
921 3051 1033 3113 sed
1064 3050 1228 3112 nihil
1259 3050 1339 3113 ad
1368 3071 1525 3112 rem.

464 3174 553 3236 40
755 3175 973 3225 Basilius
996 3178 1053 3225 in
1086 3180 1209 3225 orat.
1241 3175 1297 3224 in
1320 3175 1388 3225 xl.
1416 3175 1681 3238 Martyres.
1737 3179 1752 3203 ‘
1770 3177 1900 3234 Qui,’
1932 3178 2118 3240 inquit,
2152 3178 2351 3241 ‘aliqua
2383 3181 2634 3244 premitur
2656 3184 2897 3244 augustia

816 3257 882 3308 ad
916 3257 1008 3306 hos
1040 3258 1314 3320 confugiat,
1339 3257 1426 3319 qui
1460 3272 1629 3306 rursus
1656 3257 1875 3320 loetatur,
1899 3260 1989 3309 hos
2012 3261 2401 3326 oret⁸.'—[Bell.
2427 3263 2576 3327 Apol.
2601 3278 2692 3327 pro
2716 3264 2895 3329 Resp]

817 3354 864 3402 p.
887 3342 963 3388 13.
1003 3338 1141 3403 [Op.,
1165 3343 1287 3387 tom.
1316 3339 1403 3388 vii.
1428 3338 1518 3387 col.
1544 3339 1656 3389 711.
1684 3339 1773 3404 1).]

358 3442 430 3505 [S.
456 3441 545 3491 Ba-
775 3431 929 3494 Non
981 3451 1127 3493 vere
1172 3429 1408 3494 citatur
1448 3430 1729 3495 Basilius
1779 3432 2100 3515 Magnus:
2147 3434 2218 3497 in
2255 3457 2401 3518 quo,
2450 3437 2670 3520 iniqua
2706 3460 2896 3503 mens

357 3507 543 3569 muna]
750 3576 774 3598 x
811 3567 868 3631 [a
889 3567 965 3617 De
1000 3566 1268 3618 Timotheo
1305 3567 1389 3629 (se.
1410 3567 1602 3630 AEluro)
1634 3582 1752 3617 vero
1838 3569 2041 3632 phronii
2077 3571 2364 3634 Aphrodis,
2388 3572 2662 3624 Theotecni
2687 3575 2897 3638 Cyelen·

688 3670 700 3682 .
722 3668 735 3681 .
765 3670 776 3682 .
804 3633 925 3696 quia
950 3633 1058 3697 ejus
1090 3633 1407 3681 immissione
1431 3636 1620 3681 sanctas
1652 3648 1752 3682 me·
1838 3635 1922 3690 sis,
1972 3633 2178 3684 Babulae
2240 3651 2383 3685 novae
2456 3638 2895 3703 Theodosiopolis)

687 3699 862 3747 moriae
920 3697 1189 3757 Pretorius
1242 3697 1550 3746 orthodoxus
1615 3712 1749 3746 sane·
1838 3697 1973 3761 apud
1997 3699 2146 3750 Cone.
2179 3700 2346 3750 Chalc.
2372 3717 2479 3764 par.
2503 3704 2577 3752 iii.
2600 3719 2658 3754 ea
2695 3742 2707 3752 .
2728 3708 2893 3758 xxvii.

687 3767 865 3826 tusque
890 3767 1046 3827 pater,
1064 3768 1117 3813 et
1149 3762 1611 3811 Alexandrinorum
1648 3763 1748 3825 epi·
1835 3763 2051 3813 —Cone
2077 3769 2198 3816 tom.
2223 3767 2289 3814 iv,
2310 3767 2403 3816 eol.
2430 3768 2539 3818 907.
2569 3768 2628 3818 D.
2693 3769 2728 3832 .]

686 3842 881 3890 scopus,
904 3828 960 3877 in
983 3827 1308 3878 sacratissimi
1332 3826 1617 3890 baptisterii
1641 3828 1748 3876 loc-0
1900 3836 1922 3867 Y
1977 3828 2110 3892 [Ὅτι
2147 3832 2201 3879 οὐ
2243 3832 2319 3879 δεῖ
2345 3835 2654 3894 Χριστιανοὺς
2687 3836 2898 3895 ἔγκατα·

684 3898 978 3955 peremptus
1013 3898 1104 3952 eei«,
1134 3891 1560 3954 membratimque
1585 3893 1745 3941 eonci-
1833 3893 2020 3942 λείπειν
2061 3896 2155 3953 τὴν
2196 3896 2463 3952 ἐκκλησίαν
2505 3901 2592 3948 τοῦ
2633 3902 2769 3958 Θεοῦ,
2808 3903 2894 3950 καὶ

685 3972 785 4014 sus,
803 3963 855 4006 et.
880 3958 1000 4006 locis
1023 3957 1257 4007 omuibus
1279 3957 1676 4017 circumtractuS,
1691 3962 1744 4006 et
1831 3957 2031 4019 cin-alvan,
2076 3962 2153 4009 καὶ
2211 3960 2454 4021 ἀγγέλους
2504 3963 2765 4025 ὀνομάζειν,
2810 3968 2896 4015 καὶ

687 4026 801 4084 post
844 4021 953 4070 hoec
997 4023 1106 4084 igni
1162 4021 1491 4081 contraditus,
1545 4021 1743 4084 aliaque
1831 4021 2043 4085 συνάξεις
2105 4029 2272 4074 ποιεῖν·
2359 4027 2478 4091 ὅπερ
2554 4028 2898 4093 ἀπηγόρευται.

686 4101 873 4149 passus,
899 4102 1012 4149 quse
1036 4102 1125 4149 pro
1163 4091 1242 4135 ter
1261 4086 1460 4135 sceleris
1482 4101 1744 4148 exaggera·
1834 4089 1894 4135 ΕΤ
1910 4107 1981 4137 τις
2005 4088 2088 4137 οὖν
2120 4092 2283 4157 εὑρεθῇ
2310 4090 2463 4155 ταύτῃ
2538 4095 2561 4107 ““
2593 4094 2896 4160 κεκρυμμένῃ

687 4152 878 4200 tionem
901 4156 1119 4201 terretur
1161 4152 1315 4212 ’agua
1334 4151 1581 4214 proferre3
1606 4166 1740 4200 sanc·
1831 4152 2205 4218 εἷδωλολατρείᾳ
2228 4113 2643 4218 σχολάζων,1ἶξττω
2662 4157 2893 4220 ἀνάθεμα,

686 4217 942 4265 tissimum
964 4216 1169 4278 quidem
1186 4215 1540 4265 Proteriumin
1562 4216 1739 4265 ordine
1828 4236 1873 4266 κ.
1906 4237 1951 4266 τ.
1980 4228 2028 4266 λ.
2098 4218 2245 4269 Cone.
2293 4221 2444 4270 Laod.
2482 4222 2601 4271 Cau.
2648 4239 2803 4272 xxxV.
2823 4253 2897 4262 —-

684 4284 737 4328 et
775 4281 927 4330 choro
961 4286 1246 4330 sanctorum
1282 4285 1561 4343 martyrum
1600 4283 1740 4343 poni·
1825 4282 1974 4331 Cone.
2000 4287 2121 4332 tom.
2148 4285 2178 4332 i.
2205 4286 2296 4334 col.
2322 4288 2466 4336 1504.
2493 4286 2583 4350 1).]

686 4358 814 4402 ωυει,
838 4349 890 4393 ct
924 4346 1032 4407 ejus
1071 4346 1513 4394 intercessionibus
1548 4347 1739 4395 miseri·
1892 4356 1909 4376 ¹
1947 4347 2160 4410 [Theoti.
2181 4351 2234 4398 in
2255 4350 2357 4400 Col.
2377 4352 2524 4400 ii.18.
2542 4353 2792 4415 Op.,tom.
2814 4355 2893 4404 iii.

684 4408 887 4456 (sordem
931 4415 983 4458 et.
1037 4410 1314 4472 propitium
1374 4410 1536 4460 Deum
1593 4412 1740 4460 nobis
1828 4412 1937 4460 490.
1963 4417 2015 4460 et
2037 4413 2093 4460 in
2117 4412 2221 4463 Col.
2246 4416 2320 4464 iii.
2353 4416 2423 4467 17.
2450 4415 2570 4464 ibid.
2598 4432 2645 4479 p.
2664 4419 2800 4480 496.]

685 4472 793 4518 fieri
829 4473 1410 4536 posmiamus.'’-Epist.
1451 4475 1616 4538 Episc.
1652 4475 1739 4524 lcu-
1890 4484 1910 4506 ⁸
1947 4477 2036 4539 [Ὀ
2071 4479 2351 4538 θλιβόμενος
2387 4481 2463 4529 ἐπὶ
2502 4481 2614 4530 τοὺς
2651 4485 2892 4548 τεο-σαρά-

685 4549 821 4596 ropae
880 4536 1110 4597 (Joannis
1149 4553 1218 4585 sc.
1257 4538 1531 4598 Hemeleoe,
1587 4539 1739 4590 Theo·
1825 4559 1972 4590 κοντα
2003 4544 2315 4607 καταφεύγει,
2356 4547 2383 4594 ὁ
2414 4546 2780 4610 εὐφραινόμενος
2817 4553 2895 4599 ἐπ’
