3165 4959
834 373 838 377 ·
908 361 1272 410 Aronoemu
1316 359 1680 409 nnsrousm.
2315 346 2399 407 17

187 520 360 585 satis.
455 518 827 583 Prudenter
856 525 1071 583 autem
1095 518 1259 583 illud
1286 545 1299 582 :
1346 518 1492 581 Nec
1522 518 1698 581 enim
1730 522 2162 600 opportunum
2196 516 2403 599 magis

188 624 613 687 diversorium
656 645 931 706 usquam
978 623 1281 695 inveniet,
1322 623 1391 684 in
1439 643 1569 703 quo
1611 623 1889 685 suaviter
1920 621 2108 683 ambo
2138 621 2401 703 conqui-

188 734 431 792 escant.
523 728 716 791 Fides
748 728 920 790 enim
956 726 1114 805 haec,
1157 726 1233 808 (si
1261 746 1486 788 verum
1528 726 1692 789 serio
1721 726 2036 805 volumus)
2073 746 2219 787 vere
2264 724 2403 786 Tri-

189 830 461 893 dentina
507 837 626 908 est,
676 850 818 893 vere
866 830 1225 893 Christiana
1272 849 1396 890 non
1439 834 1551 907 est,
1586 829 1724 893 sine
1770 850 1897 912 qua
1944 829 2046 892 vel
2091 828 2265 893 edita
2303 826 2405 892 vel

187 933 455 1006 credita,
488 938 623 995 tam
658 932 771 995 diu
801 933 983 995 stetit
1012 950 1115 995 res
1146 930 1537 995 Christiana.

252 1058 430 1121 Negat
461 1058 588 1119 Rex,
611 1073 663 1122 p.
690 1058 766 1108 48.
802 1058 1090 1108 Primatum
1124 1056 1359 1121 Apostoli
1394 1057 1548 1106 Petri.
1590 1055 1746 1119 [Bell.
1775 1056 1923 1120 Apol.
1955 1070 2047 1121 pro
2080 1056 2250 1122 Resp]
2285 1071 2334 1121 p.
2359 1059 2406 1107 6.

324 1139 458 1205 [Op.,
481 1145 605 1189 tom.
629 1140 720 1189 vii.
754 1139 845 1189 col.
873 1139 984 1192 707.
1010 1138 1097 1202 D.]

277 1232 343 1294 2.
390 1230 762 1294 Secundum
804 1231 1069 1295 crimen.
1158 1232 1370 1314 Neyat
1400 1232 1540 1295 Rex
1572 1231 1754 1293 Petri
1772 1232 2117 1312 primatum
2134 1256 2156 1304 ;
2211 1250 2399 1315 quem
2543 1237 2626 1298 14

192 1335 320 1397 nisi
380 1334 705 1412 defendat,
766 1335 946 1397 Fidei
1025 1335 1395 1398 Christianae
1462 1332 1776 1414 Defensor
1847 1356 1970 1397 non
2033 1340 2146 1399 est.
2235 1335 2404 1399 Cum
2430 1344 2636 1458 glanna
2717 1409 2727 1421 ·

192 1460 451 1501 summa
479 1444 699 1501 autem
730 1437 851 1500 hoc
883 1437 1080 1521 Regis
1109 1438 1365 1521 injuria.
1456 1437 1581 1500 Ille
1627 1435 1801 1500 enim
1850 1458 1985 1500 non
2026 1444 2241 1519 negat,
2283 1438 2407 1499 nisi
2431 1409 2732 1538 priami&

193 1540 278 1603 ad
305 1539 635 1602 Hominem
656 1564 676 1600 :
723 1538 848 1601 nisi
878 1560 1073 1602 sensu
1100 1547 1311 1602 vestro
1351 1538 1663 1622 (scilicet,)
1701 1538 1811 1620 qui
1840 1559 1960 1601 nec
1992 1538 2254 1616 Christi,
2287 1559 2408 1602 nee

194 1642 394 1720 Petri,
441 1662 562 1705 nec
614 1642 883 1706 Pati-um
932 1649 1053 1705 est.
1164 1643 1400 1725 Neque
1445 1642 1524 1705 de
1576 1662 1654 1705 eo
1703 1642 1877 1705 inter
1910 1663 2030 1705 nos
2078 1642 2406 1725 quaeritur,

192 1748 303 1810 An
336 1747 480 1829 quis
512 1747 707 1810 Petro
737 1745 1053 1828 primatus
1082 1744 1295 1824 fuerit,
1330 1744 1461 1822 sed,
1496 1743 1660 1811 Quis
1689 1744 1799 1807 ille
1827 1769 1839 1807 :
1889 1751 1973 1823 et,
2007 1745 2116 1809 An
2146 1745 2405 1827 qualem

190 1849 499 1913 Pontifex
522 1848 663 1932 jam
686 1847 828 1925 sibi,
852 1849 990 1911 Vos
1013 1848 1311 1911 Pontifici
1342 1845 1702 1909 vindicatis.
1775 1847 1914 1910 Rex
1943 1869 2114 1925 vero,
2138 1848 2404 1911 Petrum

188 1973 325 2015 non
355 1959 554 2035 negat
585 1951 888 2033 primum,
923 1951 1284 2032 Principem.
1324 1972 1456 2014 non
1501 1955 1699 2031 negat
1728 1950 2166 2031 Apostolorum
2189 1977 2210 2024 ;
2272 1951 2407 2016 imo

188 2054 472 2119 asseritb.
565 2053 715 2132 Sed,
764 2054 1000 2117 virtute
1043 2053 1357 2136 primatus
1406 2053 1523 2131 sui,
1559 2058 1933 2116 terrestrem
1980 2054 2404 2118 Monarcham

190 2167 410 2242 negat,
464 2158 573 2221 cui
623 2159 732 2240 jus
790 2157 874 2220 sit
935 2179 1008 2221 ac
1065 2164 1348 2240 potestas
1397 2158 1610 2239 Reges
1666 2158 1936 2240 imperio
1993 2158 2065 2221 in
2114 2158 2406 2223 subditos

185 2261 492 2339 exuendi,
526 2259 820 2324 subditos
851 2282 888 2323 a
918 2259 1043 2323 fide
1070 2260 1142 2323 in
1174 2261 1385 2342 Reges
1419 2260 1809 2323 exsolvendi.

252 2390 325 2441 Et
363 2395 537 2439 tamen
577 2388 847 2447 Dominus,
875 2386 955 2437 Jo.
978 2387 1087 2436 xxi.
1124 2401 1227 2436 non
1260 2387 1415 2436 semel
1458 2386 1547 2436 sed
1582 2387 1738 2437 tertio
1777 2386 1930 2447 dixit,
1963 2387 2142 2437 Simon
2178 2386 2410 2450 Joannis,

317 2471 502 2534 diligis
523 2486 604 2521 me
635 2470 753 2535 plus
784 2469 881 2530 his,
920 2473 973 2519 et
1007 2467 1342 2533 respondente
1382 2467 1547 2527 Petr0,
1580 2467 1802 2519 Domine
1836 2472 1896 2519 tu
1930 2470 2028 2520 scis
2050 2470 2170 2533 quia
2190 2485 2306 2520 amo
2329 2474 2407 2520 te:

321 2553 611 2616 subjunxit,
647 2553 799 2602 Pasce
834 2566 948 2602 oves
978 2550 1350 2616 meas—[Bell.
1376 2550 1525 2614 Apol.
1549 2566 1643 2615 pro
1665 2550 1837 2616 Resp]
1862 2565 1910 2615 p.
1931 2554 1979 2601 6.
2004 2551 2150 2614 [Op.,
2172 2556 2295 2601 tom.
2319 2552 2407 2601 vii.

320 2636 417 2685 eol.
444 2635 554 2686 707.
582 2633 676 2698 D.]

279 2726 517 2808 Neque
547 2723 908 2789 Cardinalis
941 2747 1244 2808 unquam,
1279 2747 1357 2789 ex
1388 2733 1708 2809 praecepto
1725 2725 2031 2807 pascendi
2061 2724 2408 2808 primatum
2439 2734 2706 2799 [spiritua-

186 2828 379 2892 illum
406 2849 618 2905 suum,
642 2826 731 2908 (id
752 2828 874 2910 est)
900 2836 1288 2912 potestatem
1315 2828 1774 2892 exauctorandi
1800 2830 2030 2910 RegeS,
2057 2827 2404 2903 extundet3
2436 2801 2738 2914 ffgnmssffifn'

185 2938 581 3017 potestatem
632 2930 871 2994 scilicet
920 2934 1332 3013 temporalem,
1386 2933 1483 3013 (ut
1531 2938 1630 2995 est
1673 2930 1970 3013 maxime)
2021 2951 2099 2993 ex
2142 2952 2411 2994 munere
2435 2929 2663 2994 P⁰m¹i⁸›]

188 3036 532 3117 spirituali.
625 3034 876 3096 Munus
923 3035 1097 3097 enim
1144 3035 1234 3099 ibi
1291 3036 1621 3118 spirituale
1674 3035 1869 3098 Petro
1929 3023 2253 3098 creditur:
2299 3055 2411 3097 vos

189 3139 315 3221 ipsi
349 3137 585 3216 dicitis,
625 3158 775 3200 cum
804 3137 1095 3219 praestari
1124 3137 1216 3200 ibi
1247 3138 1655 3216 contenditis,
1690 3137 1861 3220 quod
1893 3160 1931 3200 a
1961 3136 2223 3201 Christo
2261 3158 2408 3220 pro-

188 3242 465 3305 missum
487 3241 686 3303 Matt.
707 3239 855 3317 xvi„
885 3240 984 3303 De
1013 3240 1287 3303 clavibus
1308 3242 1509 3323 Requi
1539 3243 1828 3304 coelorum
1849 3242 2041 3304 Petro
2066 3240 2409 3304 tradendi-9.

188 3347 400 3410 Vobis
427 3347 648 3430 igitur,
675 3347 896 3424 Pasce,
928 3352 1047 3424 est,
1096 3347 1315 3409 Claves
1353 3347 1555 3429 Requi
1587 3349 1872 3410 coelorum
1912 3348 2141 3428 accipe.
2234 3345 2410 3412 Quid

189 3459 414 3512 autem
461 3447 743 3518 coelestis
778 3448 986 3531 Regni
1034 3448 1339 3529 clavibuS,
1373 3470 1522 3512 cum
1561 3449 1773 3532 Regni
1821 3450 2063 3512 terreni
2114 3447 2408 3511 foribus?

186 3552 442 3616 Audiat
485 3551 845 3616 Cardinalis
876 3552 1305 3616 cardinalem.
1398 3553 1780 3616 Potestatem
1810 3551 2208 3634 spiritualem
2240 3550 2412 3612 dedit

184 3712 345 3762 clesia
392 3710 489 3760 Dei
545 3710 658 3767 fuit.
706 3710 860 3774 idque
900 3726 1040 3761 nnnc
1083 3712 1250 3762 denuo
1356 3712 1535 3762 Petrus
1549 3712 1911 3777 Apostolorum
1929 3711 2171 3772 Princeps
2191 3709 2305 3758 fuit.
2340 3708 2413 3758 At

185 3782 365 3827 sancta
388 3776 502 3825 hoee
523 3775 744 3838 synodus
766 3776 1001 3837 declarat,
1030 3791 1120 3840 per
1141 3792 1251 3826 con·
1351 3793 1484 3836 vero,
1505 3781 1566 3826 ut
1595 3777 1974 3826 Hierarchicam
2006 3774 2413 3823 Ecclesiasticam

185 3843 529 3892 sectationem
597 3841 745 3903 panis
794 3845 847 3889 et
892 3842 1001 3890 vini
1052 3856 1252 3891 conver·
1351 3843 1506 3905 probo
1531 3842 1596 3891 ad
1620 3841 1856 3891 ordinum
1881 3840 2294 3900 dignitatumque
2317 3837 2414 3887 dis·

184 3909 388 3957 aionem
407 3905 521 3954 fieri
538 3907 697 3955 totius
712 3905 1012 3955 substantiae
1035 3907 1253 3969 panisin
1352 3908 1560 3966 crimen,
1604 3907 1695 3967 (sic
1734 3906 1873 3954 enim
1909 3902 2132 3965 intelligi
2171 3903 2304 3967 volo)
2342 3904 2415 3952 sic

184 3971 535 4021 substantiam
570 3970 793 4033 eorporis
829 3968 1018 4018 Christi
1046 3970 1253 4020 Domini
1356 3985 1557 4035 prorsus
1602 3984 1822 4033 pernego
1856 3972 2143 4018 terrestrem
2187 3983 2294 4017 esse
2328 3969 2416 4017 ali-

184 4036 370 4094 nostri,
416 4039 471 4084 et
506 4034 667 4083 totius
707 4034 1011 4083 substantive
1047 4036 1156 4085 vini
1200 4037 1256 4085 in
1354 4051 1505 4099 quem
1536 4091 1537 4094 Ἴ
1566 4035 1808 4084 Ecclesiae
1869 4033 2216 4092 Monarcham,
2271 4034 2416 4095 cujus

183 4101 533 4149 substantiam
567 4099 831 4162 sanguinis
864 4098 985 4161 ejus,
1011 4115 1123 4162 quse
1146 4115 1256 4150 con·
1354 4102 1508 4150 verba
1530 4115 1622 4163 pro
1646 4098 1846 4160 legibus
1860 4112 1965 4147 esse
1982 4098 2213 4154 debeant,
2229 4099 2416 4159 quique

185 4165 356 4214 versio
372 4164 734 4213 convenienter
756 4167 809 4212 et
821 4165 1023 4227 proprie
1047 4170 1259 4214 asancta
1358 4165 1729 4214 infallibilitate
1787 4163 1998 4225 spiritus
2047 4175 2308 4221 nunquam
2360 4161 2417 4210 in

187 4229 461 4279 catholica
504 4227 729 4278 Ecclesia
765 4227 1258 4279 Trausubstantiatio
1356 4231 1462 4279 suis
1483 4229 1753 4279 sententiis
1788 4241 1951 4276 errare
1981 4227 2153 4289 possit.
2223 4224 2272 4273 N
2279 4240 2335 4273 ec
2372 4226 2418 4274 si

184 4298 267 4344 est
288 4292 969 4357 appellata.”—-Conc.'1'rid.
994 4293 1120 4345 Sess.
1146 4295 1255 4343 xiii.
1356 4308 1514 4356 regna
1555 4292 1817 4343 terrestria
1856 4306 1887 4340 a
1920 4289 2212 4339 Monarchis
2246 4294 2419 4339 terres·

187 4358 338 4409 Dect.
381 4358 446 4408 de
492 4357 794 4418 Eucharist,
839 4373 945 4422 cap.
969 4358 1257 4409 iv.-Conc.
1355 4360 1521 4409 tribus
1578 4360 1688 4420 regi
1740 4357 1941 4416 debent,
1985 4355 2101 4404 ideo
2142 4354 2419 4405 Ecclesiam

186 4430 317 4474 tom.
337 4423 448 4472 xiv'.
472 4423 568 4472 eol.
588 4424 700 4472 806.
725 4422 782 4473 Β.
809 4421 884 4484 0.]
1356 4424 1588 4486 sequitur
1607 4438 1639 4473 a
1671 4421 1897 4471 terrestri
1925 4434 2121 4483 quoque
2145 4420 2421 4471 Monarcha

252 4487 280 4524 Β
316 4491 381 4553 [“
396 4488 495 4547 Sit,
526 4503 617 4551 per
637 4503 721 4537 me
754 4488 891 4546 licet,
925 4487 1122 4550 primus
1144 4487 1260 4551 Epi·
1358 4489 1539 4538 debere
1576 4485 1949 4550 gubernari.''—-
1961 4486 2106 4534 Praes.
2133 4484 2421 4549 Admonit.]

185 4568 373 4618 scopus
430 4554 568 4602 inter
602 4566 781 4603 omnes
813 4551 1118 4615 Episcopos;
1171 4553 1259 4602 sed
1357 4568 1406 4617 p.
1433 4556 1510 4604 50.
1540 4554 1650 4616 [pp.
1675 4554 1850 4603 63.64.
1885 4550 2024 4600 Edit.
2051 4551 2225 4615 1610.]

187 4635 249 4669 eo
288 4633 443 4668 sensu
477 4617 845 4681 Episcopornm
882 4616 1126 4680 Princeps
1159 4632 1260 4681 quo

281 4712 773 4749 Annum-anst».
1130 4733 1149 4740 ‚-
1867 4715 1903 4759 C
