3165 4959
881 1150 1048 1220 AD
1146 1148 1924 1221 LECTOREM.

309 1622 630 1685 IMITA'DOR
689 1621 1053 1705 scriptionis
1106 1627 1173 1686 et
1212 1623 1483 1687 Consilii
1546 1623 1753 1708 Regii,
1802 1644 1936 1688 non
1989 1623 2247 1708 quidem
2299 1625 2368 1687 in
2415 1625 2514 1704 iis,

312 1745 456 1807 quae
487 1724 754 1787 maximi
783 1725 1098 1788 momenti
1134 1733 1287 1788 sunt
1322 1725 1519 1808 (quod
1547 1727 1801 1809 vellem)
1837 1725 1950 1790 sed
1977 1726 2266 1791 imitator
2293 1733 2515 1792 tamen

308 1826 689 1891 Cardinalis.
780 1828 889 1891 Ne
934 1848 1069 1890 non
1113 1829 1359 1912 Regem
1406 1837 1712 1912 sequatur
1750 1829 1951 1913 aequis
1994 1830 2326 1913 passibus;
2372 1839 2516 1915 post

307 1930 681 2012 Apologiam
707 1950 885 1993 suam
915 1952 953 1993 a
973 1931 1377 1993 Serenissinw
1397 1931 1566 2014 Reye
1596 1932 1882 2015 agnitam
1906 1938 1972 1995 et
2004 1930 2331 1996 defensam
2362 1954 2513 1998 con-

305 2041 410 2096 tra
447 2033 754 2097 Tortum:
802 2032 1001 2097 habes
1041 2035 1179 2117 jam
1230 2035 1511 2118 (Lector)
1562 2056 1601 2097 a
1632 2034 1973 2098 cardinale
2014 2056 2220 2118 nuper
2264 2036 2517 2120 opposi—

305 2144 443 2199 tam
483 2137 664 2200 'Porti
708 2137 903 2221 hujus
960 2138 1093 2220 (qui
1138 2158 1316 2202 nunc
1366 2138 1502 2222 ipse
1544 2138 1903 2202 cardinalis
1955 2139 2075 2221 est)
2122 2141 2512 2222 Apologiam.

306 2239 434 2303 Illa
462 2246 681 2303 autem
712 2240 883 2323 quod
926 2240 1237 2323 inscripta
1276 2241 1722 2305 Sacratissimo
1758 2242 2011 2320 Coesari,
2056 2242 2517 2306 Potentissimis

304 2342 598 2424 Refibus,
636 2343 1201 2407 Excellentissimis
1235 2344 1682 2425 Principibus;
1728 2344 1927 2409 habes
1971 2351 2037 2408 et
2087 2344 2280 2428 hujus
2324 2344 2513 2421 hanc,

306 2444 605 2508 similiter
661 2444 1056 2528 inscriptam.
1171 2445 1397 2509 Defuit
1457 2452 1737 2525 tantum,
1798 2453 1874 2511 ut
1933 2445 2225 2530 exemplo
2286 2445 2510 2530 RegiO,

304 2548 589 2626 Fratres,
642 2548 1160 2631 Con-sanguineos,
1214 2549 1451 2632 Affines
1499 2549 1571 2612 in
1623 2549 1833 2633 operis
1880 2549 2293 2633 inscriptione
2340 2570 2513 2612 com-

304 2651 592 2733 pellaret.
688 2650 834 2729 Sed,
877 2672 1087 2733 neque
1116 2671 1357 2714 nomen
1394 2673 1582 2714 suum
1625 2652 1822 2735 priori
1856 2652 2286 2736 Responsioni
2317 2673 2514 2735 appo-

306 2754 457 2831 suit,
518 2754 643 2816 nisi
697 2752 1002 2818 Editione
1058 2753 1324 2818 tandem
1384 2755 1604 2832 altera,
1664 2762 2003 2836 postquam
2056 2756 2193 2816 Rex
2251 2755 2515 2817 Nomen

308 2877 498 2918 suum
549 2854 872 2939 professus
920 2856 1149 2928 fuerat.
1267 2859 1413 2921 Nec
1465 2877 1724 2920 causam
1784 2855 1973 2918 aliam
2026 2855 2329 2939 dignatur
2386 2877 2517 2938 prae

307 2979 375 3020 se
443 2958 630 3037 ferre,
704 2958 829 3021 nisi
899 2958 979 3022 ab
1039 2958 1328 3042 exemplo
1390 2960 1615 3043 Regio,
1677 2979 1811 3036 cur,
1874 2978 2020 3020 cum
2088 2958 2511 3041 posteriorem

310 3060 818 3144 Responsionem
850 3060 1053 3139 daret,
1082 3069 1149 3125 et
1192 3062 1467 3145 priorem
1512 3083 1647 3124 una
1682 3060 1900 3125 recudi
1942 3061 2233 3124 voluerit.
2323 3062 2510 3141 Tum,

312 3163 458 3245 quia
493 3164 749 3245 Reyiam
796 3165 1202 3246 Majestatem
1231 3165 1465 3244 decuit,
1511 3169 1853 3248 postquam
1894 3163 1977 3226 ad
2006 3163 2259 3247 objecta
2288 3171 2515 3228 contra

312 3267 684 3349 Apoloyiam
741 3289 938 3346 suam,
1006 3270 1173 3351 (quae
1219 3268 1424 3332 voluit
1472 3276 1539 3332 et
1589 3268 1796 3331 visum
1855 3269 2014 3350 erat)
2077 3267 2512 3350 responderat,

309 3378 541 3433 caetera
566 3370 907 3453 Theologis
935 3371 1377 3455 prosequenda
1404 3371 1763 3454 relinquere
1784 3396 1803 3448 ς
1851 3368 1998 3432 11100
2027 3376 2092 3433 et
2122 3371 2258 3453 ipse
2287 3369 2512 3448 multa,

311 3485 449 3555 quae
478 3479 705 3536 contra
733 3473 998 3537 'Portum
1050 3495 1238 3537 suum
1276 3495 1314 3537 a
1357 3472 1597 3537 nostris
1641 3471 1844 3556 excipi
1873 3480 2276 3554 cognoverat,
2307 3472 2516 3536 'Pheo-

310 3573 469 3657 logis
488 3575 620 3638 suis
639 3575 998 3658 relinquere
1016 3576 1239 3654 voluit,
1265 3577 1588 3655 Gretser0,
1611 3576 1873 3659 Capello
1882 3586 1926 3654 ⁸,
1942 3575 2240 3657 Coquaeo.
2273 3575 2512 3652 Etiam,

310 3697 456 3740 cum
485 3678 702 3760 plures
733 3686 958 3742 contra
988 3678 1258 3742 'Portum
1301 3700 1489 3742 suum
1535 3678 1859 3762 scripsisse
1889 3676 2332 3753 intellexerat3
2382 3698 2514 3738 non

312 3779 654 3862 respondet
698 3781 833 3863 ipse
872 3781 999 3845 nisi
1048 3781 1166 3852 soli
1200 3782 1361 3864 Reyi
1386 3810 1404 3843 :
1469 3781 1576 3845 Sic
1624 3781 1799 3845 enim
1828 3780 2058 3860 Reyem
2087 3778 2352 3857 viderat,
2383 3800 2517 3842 non

310 3881 432 3944 nisi
464 3882 583 3946 soli
613 3882 756 3946 sibi.

394 3986 495 4049 Ac
523 3986 769 4049 imitari
799 3986 1061 4070 quidem
1090 4008 1225 4052 non
1254 3989 1498 4071 placet;
1552 3987 1906 4069 (Quorsum
1936 3986 2132 4064 enim,
2163 3986 2515 4049 vanitatem

309 4094 443 4150 tam
482 4109 846 4170 perversam
872 4089 923 4171 P)
1024 4089 1104 4153 Id
1137 4111 1343 4153 unum
1391 4089 1582 4154 modo
1619 4088 1848 4173 placet,
1880 4094 2304 4165 transumere,
2342 4088 2513 4169 quod

312 4188 543 4254 alicubi
572 4190 788 4271 habet,
822 4191 902 4255 de
933 4191 1357 4256 Praefationeb
1403 4193 1604 4276 ipsius
1651 4193 1722 4255 in
1752 4198 2039 4256 nostram
2066 4216 2079 4253 ε
2127 4191 2265 4268 ubi,
2298 4190 2514 4254 locum

374 4348 395 4370 ⁸
428 4341 583 4405 [Vide
610 4341 701 4392 lib.
721 4344 805 4392 cui
828 4344 909 4392 tit.
947 4345 965 4370 ‘
977 4342 1033 4392 1³⁸.
1059 4343 1128 4392 M.
1154 4344 1369 4393 Antonii
1458 4343 1719 4394 Bononiae.
1746 4343 1924 4406 16103]

314 4403 505 4468 Capelli
543 4406 870 4457 franciscani
895 4407 1257 4458 conventualis
1288 4409 1370 4458 ad·
1522 4407 1544 4439 ¹³
1580 4408 1750 4474 [Beli]
1798 4409 1993 4458 Praefat.
2038 4411 2095 4459 in
2140 4407 2322 4473 Gymn.
2369 4408 2512 4459 Rom.

308 4485 476 4546 renus
517 4477 827 4549 praetensum
878 4472 1162 4549 Primatum
1207 4472 1370 4522 Eccle-
1460 4473 1602 4525 15⁷6.
1627 4474 1753 4540 [(pp.
1778 4476 1822 4525 3.
1845 4476 1912 4538 4.)
1937 4473 2001 4524 ad
2025 4474 2139 4526 init.
2177 4476 2287 4539 Op.,
2310 4476 2433 4524 tom.
2458 4472 2514 4536 i.]

308 4540 565 4585 truncum
610 4536 765 4600 Regis
810 4537 1019 4599 Anghoe
1071 4537 1238 4597 Liber,
1283 4537 1370 4586 &c.
