3165 4959
535 3815 579 3877 9

741 332 825 393 10
1366 346 1452 392 An
1496 345 1879 394 cmnums
1922 345 2321 394 smmum

720 501 950 583 facitis
1000 501 1334 564 adorantes
1382 503 1673 566 Hostiam
1733 503 2057 585 (incertum
2107 502 2213 585 an)
2265 502 2895 565 transubstantiatam
2914 505 2949 565 ἕ

739 612 806 668 et
836 605 911 682 si,
937 626 1021 667 an
1050 604 1697 669 transubstantiatam
1729 606 2048 684 incertum,
2073 607 2377 668 incertam
2401 626 2487 668 an
2510 604 2945 670 adorandam:

737 708 839 770 vel
866 713 1102 770 certum
1129 708 1343 791 potius
1372 707 1586 791 plane,
1620 707 1792 791 quod
1819 729 1954 772 non
1995 707 2337 772 adoranda.
2427 708 2620 771 Nova
2653 728 2806 791 ergo
2835 708 2948 772 hic

738 810 1079 874 haesitatio.

825 915 935 976 An
963 932 1134 991 vero,
1170 912 1503 976 Sacerdoti
1532 913 1591 976 si
1620 913 1795 991 satis,
1827 921 1904 977 ut
1934 914 2152 977 credat
2191 914 2262 975 in
2281 931 2526 994 genere,
2558 911 2840 975 etiamne
2878 919 2948 976 et

737 1017 974 1100 populo
1003 1016 1176 1094 satis,
1206 1024 1283 1080 ιιι
1314 1017 1532 1080 adoret
1560 1019 1630 1081 in
1651 1019 1923 1100 ymera?
1973 1016 2653 1080 Transubstantiationi
2682 1015 2947 1098 quidem

738 1121 1027 1186 adoratio
1074 1127 1252 1184 actus
1294 1129 1837 1187 commensuratus.
1933 1122 2681 1185 Transubstantiationem
2719 1122 2950 1184 Sacer-

738 1225 852 1289 dos
898 1246 1033 1290 non
1080 1224 1304 1305 credit,
1344 1225 1471 1289 nisi
1517 1228 1587 1289 in
1623 1247 1868 1309 ymera,
1908 1226 1979 1289 in
2023 1225 2355 1289 individuo
2400 1245 2536 1288 non
2585 1224 2830 1298 credit‚·
2877 1227 2949 1288 in

735 1329 1056 1392 individuo
1084 1336 1306 1393 tamen
1337 1329 1562 1408 elevat,
1587 1336 1656 1394 et
1678 1330 1868 1415 jubet
1896 1329 2184 1394 adorare.
2276 1327 2453 1396 Quid
2483 1328 2757 1410 populus
2774 1329 2804 1391 Ῥ
2851 1329 2946 1392 Ει

734 1432 846 1497 ille
881 1433 1096 1512 etiam,
1137 1433 1267 1497 nisi
1304 1434 1373 1497 in
1409 1455 1636 1516 ‚qenere
1669 1456 1802 1498 non
1844 1433 2097 1498 credit?
2149 1434 2295 1515 (nec
2339 1431 2515 1496 enim
2556 1452 2833 1514 aequum,
2865 1439 2946 1495 ιιι

735 1538 972 1619 majore
1000 1536 1128 1600 fide
1158 1538 1261 1616 sit,
1295 1560 1488 1621 quam
1533 1537 1887 1620 Sacerdos.)
1982 1536 2204 1602 Credit
2244 1556 2398 1619 ergo
2428 1536 2496 1597 in
2528 1554 2774 1616 genere,
2805 1556 2945 1599 non

736 1640 1089 1720 individuo,
1128 1642 1354 1705 adorat
1381 1642 1453 1704 in
1480 1642 1823 1721 individuo,
1853 1662 1988 1706 non
2019 1661 2263 1724 gernere.
2353 1639 2540 1717 Tum,
2576 1638 2946 1702 Sacerdotis

737 1749 915 1806 actus
941 1745 1233 1822 incertus,
1259 1745 1867 1825 (transubstantiatio
1892 1743 2153 1825 scilicet)
2180 1741 2402 1826 populi
2424 1747 2649 1819 certus,
2679 1742 2946 1825 (nempe

738 1846 1074 1931 adoratio,)
1114 1847 1345 1930 Populi
1375 1854 1592 1912 autem
1624 1855 1849 1926 certus,
1878 1868 1958 1911 ex
1988 1845 2350 1910 Sacerdotis
2380 1845 2635 1909 incerto·

823 1949 971 2012 Non
1001 1956 1241 2013 tenetur
1280 1952 1418 2033 quis
1452 1950 1567 2032 (ait
1600 1950 1979 2032 Garnettus)
2023 1956 2095 2012 at
2124 1954 2348 2012 temere
2389 1947 2624 2025 credat,
2648 1947 2945 2009 Hostiam

736 2054 898 2115 hanc
926 2055 1093 2117 certo
1135 2055 1801 2118 Transubstantiatam.
1880 2051 2056 2120 Quid
2087 2052 2286 2135 ergo?
2361 2052 2471 2113 An
2502 2056 2744 2113 tenetur
2778 2051 2942 2131 quis,

734 2164 806 2221 ut
834 2164 1060 2220 temere
1089 2158 1325 2236 adoret,
1357 2158 1537 2240 quasi
1565 2163 1733 2221 certo
1764 2156 2407 2231 transubstantiatam,
2433 2151 2514 2215 de
2545 2174 2671 2236 qua
2696 2159 2944 2229 tamen,

734 2283 818 2325 an
849 2269 1025 2326 certo
1051 2261 1657 2340 transubstantiata,
1679 2260 1966 2331 incertus
1992 2279 2127 2322 non
2154 2256 2290 2341 ipse
2320 2255 2533 2334 modo,
2568 2255 2682 2319 sed
2717 2256 2943 2318 Sacer-

736 2364 893 2428 dos?
956 2364 1089 2431 Qui
1133 2366 1375 2445 sufflet
1419 2366 1618 2427 locum
1657 2359 1938 2440 Idiotae¹=‚
1984 2382 2069 2423 an
2113 2366 2182 2424 et
2227 2359 2336 2422 ille
2379 2357 2596 2436 etiam,
2643 2378 2794 2436 non,
2837 2357 2946 2421 vel

732 2468 921 2547 hanc,
945 2468 1048 2533 vel
1070 2474 1303 2532 certam
1331 2468 1542 2547 aliam,
1568 2489 1610 2531 a
1638 2473 1805 2531 certo
1840 2463 2183 2530 Sacerdote
2213 2468 2670 2541 consecratam,
2708 2483 2938 2526 verum

738 2573 1020 2656 aliquam
1059 2575 1126 2635 in
1161 2593 1405 2655 gernere,
1438 2593 1550 2635 seu
1578 2570 1916 2652 indefinite,
1949 2568 2214 2634 adorare
2254 2573 2552 2645 tenetur3
2599 2566 2711 2630 sed
2741 2589 2942 2650 quam

743 2677 809 2759 (a
840 2697 977 2759 quo,
1011 2677 1275 2759 quarab,
1303 2676 1410 2740 ubi
1439 2673 2042 2753 transubstantiata)
2077 2671 2267 2754 plane
2294 2669 2591 2734 nesciat?

824 2779 1016 2844 Nihil
1059 2780 1315 2843 horum.
1412 2779 1660 2840 Certum
1700 2777 1874 2840 enim
1919 2782 2036 2853 est,
2078 2780 2313 2838 certam
2361 2773 2666 2837 Hostiam
2713 2771 2944 2837 adorat

734 2884 1027 2966 populus,
1057 2904 1194 2947 non
1236 2903 1498 2964 vayam;
1543 2902 1667 2945 nec
1705 2881 1774 2943 in
1804 2899 2030 2961 genere
2070 2879 2363 2941 Latriam
2405 2877 2684 2953 exhibet,
2717 2876 2832 2940 sed
2868 2878 2942 2940 in

734 2987 1097 3058 individuo;
1141 2985 1473 3049 individuo
1509 2992 1729 3049 autem
1769 2984 2198 3060 determinato,
2234 3002 2372 3045 non
2413 3002 2591 3063 vago,
2685 2980 2940 3044 Hostiae

733 3088 904 3167 huic,
935 3089 1062 3166 hic,
1097 3089 1256 3172 jam,
1289 3089 1632 3152 adhibetur
1658 3089 1910 3151 Latria.
1997 3087 2227 3150 Latria
2261 3093 2476 3149 autem
2505 3084 2665 3165 fidei
2687 3091 2941 3165 protes-

738 3193 897 3254 tatio
954 3191 1228 3274 (quoties
1275 3192 1397 3255 hoc
1446 3191 1725 3255 Thomas
1769 3189 2050 3254 inculcat
2067 3187 2144 3271 ⁸?1)
2181 3187 2361 3269 fidei,
2410 3186 2621 3271 (puto)
2673 3208 2811 3251 non
2856 3186 2939 3252 de

735 3295 879 3372 alia,
912 3315 1107 3378 quam
1154 3294 1259 3358 cui
1302 3295 1595 3358 Latriam
1644 3294 1869 3359 defert.
1958 3293 2146 3355 Fides
2173 3313 2324 3356 vero
2367 3291 2476 3355 hic
2521 3291 2701 3354 nulla
2741 3312 2938 3375 quam

732 3404 1160 3481 protestetur:
1228 3399 1409 3462 nulla
1454 3398 1715 3483 quidem
1775 3399 1854 3461 de
1906 3398 2136 3460 Hostia
2193 3394 2336 3473 hac,
2397 3395 2503 3458 cui
2557 3394 2683 3472 hic,
2734 3415 2934 3473 nunc,

732 3502 1025 3565 Latriam
1063 3501 1343 3567 exhibet.
1432 3503 1672 3587 Aliqua
1700 3501 1867 3566 forte
1911 3501 1991 3563 de
2021 3500 2178 3564 Idea
2214 3498 2452 3580 (nescio
2493 3518 2621 3581 qua
2647 3498 2751 3561 vel
2788 3498 2930 3581 ubi)

730 3607 800 3668 in
821 3626 1066 3688 genere,
1099 3605 1179 3669 de
1218 3605 1341 3669 hac
1370 3626 1564 3688 quam
1601 3604 1846 3681 adorat,
1877 3602 2069 3686 plane
2113 3601 2311 3664 nulla.
2399 3600 2643 3664 Annon
2679 3600 2805 3664 hoc
2836 3607 2937 3664 est

732 3711 801 3772 in
828 3714 978 3773 aera
1000 3710 1268 3772 adorare
1283 3710 1317 3773 ,2
1366 3708 1611 3773 Annon
1641 3708 1943 3770 incertam
1963 3707 2066 3769 bic
2085 3725 2291 3769 vocem
2322 3704 2470 3767 tuba.
2498 3705 2702 3768 datm?
2739 3705 2839 3787 (ut
2866 3705 2938 3768 in

736 3813 931 3877 simili
987 3835 1056 3877 re
1115 3811 1465 3897 Apostolus
1480 3811 1535 3893 ?)
1605 3810 1854 3878 Quodsi
1909 3810 2203 3873 Hostiam
2265 3808 2574 3872 Sacerdos
2631 3809 2938 3872 incertam

733 3916 956 3993 elevet,
988 3915 1128 3999 quis
1147 3916 1410 3997 parabit
1436 3936 1503 3979 se
1533 3915 1623 3978 ad
1661 3915 2088 3978 adorationem
2109 3914 2143 3976 ?
2187 3933 2280 3992 ac,
2311 3913 2439 3977 nisi
2469 3919 2703 3976 certam
2733 3921 2799 3978 et
2831 3913 2937 3976 de-

717 4017 1011 4099 finitam;
1059 4018 1354 4100 quomodo
1382 4018 1615 4081 scietur
1644 4016 1797 4099 quid
1823 4016 2128 4078 adoratur
2149 4015 2183 4079 ἓ

816 4119 926 4183 Ne
953 4139 1115 4202 opus
1138 4118 1399 4202 quidem
1429 4125 1530 4182 est
1568 4118 1790 4201 (dices)
1826 4125 1901 4182 ut
1929 4119 2185 4181 sciatur.
2276 4118 2341 4182 A
2369 4124 2687 4182 neutrone
2705 4118 2737 4180 ⁴?
2778 4139 2934 4197 non,

726 4227 804 4285 ut
839 4221 999 4284 sciat
1039 4221 1350 4285 Sacerdos
1396 4242 1478 4284 an
1524 4220 2117 4285 transubstantiet?
2171 4240 2306 4283 non
2348 4225 2426 4283 ut
2465 4219 2625 4283 sciat
2655 4219 2937 4300 Populus

791 4353 815 4385 ¹¹
931 4355 1041 4405 Cor.
1067 4357 1169 4405 xiv.
1196 4355 1299 4421 16.]
1871 4359 1904 4385 ‘⁴
1923 4355 2122 4418 Religio
2170 4356 2407 4406 consistit
2447 4356 2507 4405 in
2550 4354 2768 4419 quadam
2812 4354 2936 4405 fidei

797 4417 811 4449 ¹
872 4420 922 4468 S.
947 4420 1124 4470 Thom.
1156 4421 1346 4483 Aquin.
1388 4418 1601 4472 Summa
1635 4421 1790 4471 'Pheo-
1869 4420 2450 4484 protestatione.”-Sec.
2469 4420 2714 4471 Secundae
2740 4419 2935 4477 Quaest.

726 4484 827 4547 log.
863 4484 1019 4535 Prim.
1063 4485 1322 4535 Secundae.
1359 4485 1546 4542 Quaest.
1593 4502 1633 4537 c.
1675 4488 1786 4536 Art-
1870 4502 1911 4536 c.
1936 4489 2052 4535 Art.
2073 4485 2107 4536 i.
2132 4484 2327 4547 Conc.§
2354 4491 2367 4514 ¹
2383 4485 2468 4535 Ad
2488 4483 2771 4549 primuml]

726 4549 793 4599 iv.
840 4548 1008 4599 Concl.
1058 4551 1082 4609 ς
1129 4549 1267 4600 ‘Ad
1304 4551 1560 4614 primum!
1591 4580 1657 4590 —
1689 4551 1785 4608 Em
1933 4559 1967 4582 ¹¹·
2004 4550 2059 4615 [1
2088 4548 2199 4601 Oor.
2223 4551 2327 4602 xiv.
2353 4552 2426 4615 8.]
