3165 4959
711 341 835 403 198
1332 354 1417 400 AD
1462 351 1845 400 emimus
1888 350 2288 398 BELLARMINI

708 531 846 574 cum
868 509 1222 573 stam-isco.
1313 511 1405 572 At
1445 529 1579 572 non
1608 507 1834 588 effecit.
1931 506 2128 584 Nam,
2159 526 2294 568 non
2324 505 2624 569 obstante
2652 507 2926 570 sessione

709 614 823 675 illa
854 613 973 677 XI.
1024 611 1262 694 Synodi
1301 612 1753 674 Lateranensis
1771 620 1820 689 ¹¹,
1856 609 2137 673 necdum
2176 608 2425 672 evoluta
2456 618 2555 672 est
2573 635 2592 686 3
2638 609 2922 673 necdum

708 717 1021 780 sublatam
1062 717 1478 778 Sacramento
1517 722 1735 776 tecum
1777 711 2124 776 contendet
2165 711 2475 775 Sorbona.
2567 712 2923 795 Interposi-

712 827 849 882 tam
880 817 1054 882 enim
1082 839 1221 881 esse
1245 817 1766 900 Appellationem
1796 814 2164 879 Academiae
2193 812 2568 876 parisiensis
2587 827 2632 893 ⁰,
2665 816 2734 877 in
2763 817 2924 878 Con-

706 922 1073 1003 yreyatione
1125 920 1417 983 Generali
1462 920 1635 1000 apud
1672 920 1740 982 S.
1776 918 2196 994 Bernardum,
2245 936 2407 978 anno
2455 917 2643 981 1517.
2688 919 2928 981 Martii

714 1028 833 1089 27:
881 1025 971 1087 Et
1004 1023 1087 1086 ad
1115 1022 1478 1106 proximum
1511 1022 1831 1086 Generale
1862 1020 2228 1085 Concilium
2257 1028 2709 1102 provocatum:
2755 1030 2924 1100 tum,

715 1125 885 1209 quod
914 1125 1319 1187 Franci-mum
1342 1124 1571 1205 Reyem
1593 1124 1721 1187 Leo
1747 1122 2068 1204 Pontifex,
2099 1124 2169 1184 in
2198 1121 2396 1184 medio
2432 1120 2586 1205 [leg.
2611 1124 2917 1207 maximo]

715 1251 1029 1293 armorum
1066 1231 1350 1310 strepitu,
1384 1250 1742 1292 consensum
1786 1229 1844 1290 ei
1889 1228 1983 1290 rei
2025 1247 2203 1289 suum
2219 1226 2501 1307 praebere
2547 1233 2835 1309 coeyerat
2855 1241 2883 1278 Ρ
2906 1255 2925 1290 .-

718 1343 862 1399 tum
899 1334 1071 1418 quod
1111 1334 1502 1398 Parisienses
1537 1336 1837 1416 (quorum
1876 1332 2157 1394 maxime
2200 1331 2534 1413 intererat)
2569 1352 2690 1394 nec
2718 1333 2930 1395 vocati

720 1447 894 1517 sunt,
925 1460 1045 1503 nec
1091 1439 1336 1501 auditi:
1383 1445 1526 1500 tum
1572 1436 1868 1520 denique,
1905 1434 2075 1518 quod
2121 1434 2466 1498 Basiliensi
2514 1435 2711 1518 (quod
2754 1435 2929 1518 apud

718 1565 828 1607 eos
877 1545 1179 1606 Generale
1221 1543 1356 1623 θεὴ)
1410 1563 1525 1625 per
1569 1543 2074 1605 Lateranensem
2126 1538 2303 1601 illam
2361 1560 2497 1603 non
2542 1539 2928 1622 derogetur;

717 1668 911 1730 quam
945 1668 1064 1710 nec
1096 1646 1453 1710 Cardinalis
1489 1645 1628 1728 ipse
1673 1644 1868 1708 habet
1910 1665 2024 1725 pro
2066 1643 2443 1705 Gener-aliq.-
2491 1643 2603 1706 sed
2644 1644 2930 1726 appella-

717 1751 961 1813 tionem
992 1749 1178 1826 hanc,
1212 1750 1360 1830 quia
1392 1769 1594 1811 cauece
1623 1768 1749 1810 suoe
1771 1767 2005 1829 parum
2019 1744 2305 1827 favebat,
2343 1747 2706 1808 Cardinalis
2719 1746 2931 1827 focile

705 1853 1028 1932 praetcriri
1057 1872 1289 1931 passus
1319 1857 1427 1913 est.
1522 1850 1865 1916 Quomodo
1894 1871 2120 1931 passv-s·
2151 1849 2345 1912 etiam
2365 1850 2687 1930 proeteriri
2720 1850 2930 1913 minas

719 1955 798 2016 de
831 1955 1214 2016 Patriarclza
1246 1953 1367 2016 sibi
1396 1973 1512 2036 per
1544 1953 1786 2017 Gallias
1817 1952 2344 2017 constituendor:
2391 1953 2478 2015 Et
2510 1953 2589 2015 de
2621 1953 2818 2034 Papoe
2847 1954 2928 2016 ab

716 2059 1007 2120 Ecclesia
1048 2056 1536 2137 auser-ibilitate·
1554 2083 1575 2129 ;
1625 2057 1903 2120 Aculeos
1934 2058 2109 2120 enim
2147 2055 2473 2120 habebant
2502 2057 2661 2136 haec,
2680 2078 2923 2140 punge-

720 2163 867 2224 bant
898 2160 1108 2224 credo,

481 1441 608 1504 149

786 2296 1027 2349 Admiror
1060 2297 1195 2344 intra
1227 2294 1451 2357 spatium
1486 2294 1879 2359 quingentorum
1912 2309 2157 2345 annorum
2193 2298 2299 2344 tam
2322 2309 2507 2358 paucos
2528 2292 2880 2344 inobedientes
2899 2308 2932 2343 a

850 2377 986 2438 Rege
1010 2377 1266 2427 numerari
1299 2376 1547 2438 potuisse:
1584 2391 1701 2425 cum
1735 2380 1931 2426 constet
1963 2392 1995 2426 a
2022 2376 2245 2438 Regibus
2268 2377 2474 2439 Anglioe
2496 2390 2587 2439 per
2607 2375 2702 2424 hoc
2725 2379 2930 2438 tempus

848 2458 1094 2523 plurimos
1128 2495 1140 2507 .
1176 2494 1189 2508 .
1225 2493 1238 2508 .
1276 2457 1549 2521 Episcopos
1577 2461 1631 2508 et
1655 2457 2073 2522 Archiepiscopos
2094 2458 2159 2508 ob
2182 2473 2292 2508 cam
2315 2472 2516 2508 causam
2538 2463 2763 2517 vexatos,
2786 2455 2924 2521 quod

847 2541 1061 2591 mallent
1098 2540 1335 2591 Pontifici
1374 2541 1543 2604 potius
1580 2539 1803 2601 obedire,
1839 2555 1991 2603 quam
2030 2540 2402 2603 Regi.—[Bell.
2436 2540 2585 2604 ApoL
2620 2554 2712 2604 pro
2748 2539 2926 2604 Resp]

850 2638 898 2687 p.
923 2627 999 2673 69.
1029 2622 1170 2687 [Op.,
1194 2627 1317 2671 tom.
1340 2622 1429 2671 vii.
1452 2622 1543 2671 col.
1565 2622 1675 2674 743.
1702 2621 1756 2670 C.
1775 2621 1865 2686 D.]

809 2725 894 2788 In
923 2746 998 2787 eo
1021 2731 1238 2788 autem
1266 2722 1704 2786 hallucinatur
1734 2722 2007 2805 egregie,
2036 2722 2208 2806 quod
2223 2723 2669 2804 Exemplorum
2690 2723 2929 2807 inopia,

394 2816 683 2941 {giisffiffi'
720 2849 856 2892 non
886 2829 1107 2909 plures
1132 2827 1229 2890 ibi
1260 2828 1400 2889 Rex
1430 2826 1741 2902 attulerit,
1783 2826 1893 2908 qui
1916 2826 2107 2907 Papae
2136 2825 2513 2889 restiterint.
2608 2827 2781 2889 Satis
2809 2827 2934 2889 hoc

396 2945 490 2991 bus
506 2944 697 2993 restite-
720 2930 984 2993 testium
1029 2929 1277 3013 putavit
1325 2950 1485 3007 esse,
1520 2929 1574 2991 si
1617 2929 1939 2991 duodecim
1980 2928 2243 2991 citaret:
2293 2929 2365 2991 ni
2394 2937 2708 3013 putasset,
2740 2930 2933 2994 facile

423 2750 610 2800 Multos

396 3009 649 3121 ssff’lffi‘f‘
719 3031 815 3095 illi
859 3033 1261 3095 accumulare
1307 3031 1542 3114 plures»,
1574 3031 1677 3094 vel
1706 3032 2032 3095 duodecies
2062 3033 2427 3095 duodecim:
2474 3032 2785 3111 factm-ue,
2818 3033 2933 3097 ubi

397 3136 585 3199 larun]
721 3136 788 3198 id
817 3136 987 3200 volet
1021 3135 1413 3199 Cardinalis:
1463 3135 1702 3218 quique
1733 3136 2079 3217 Episcopo-9
2109 3137 2246 3220 ejus
2263 3137 2575 3217 plurimos
2604 3138 2936 3219 aReyibus

788 3275 810 3298 ¹¹
846 3266 1000 3331 [Vide
1024 3266 1225 3317 Bullam
1251 3267 1433 3317 Leonis
1454 3267 1517 3317 X.
1540 3268 1615 3317 De
1639 3269 1780 3318 abro-
1868 3271 2034 3330 nitate,
2058 3275 2110 3320 et
2141 3271 2260 3320 aliis
2294 3285 2508 3333 quorum
2541 3272 2806 3332 intererat,
2829 3285 2935 3320 uon

722 3333 890 3395 ganda
934 3332 1251 3394 Pragmatica
1295 3332 1580 3391 Sanctione,
1628 3333 1778 3383 Cone.

726 3397 835 3446 Lat.
854 3413 899 3448 v.
925 3397 1051 3446 Sese.
1076 3398 1203 3445 xi.—-
1216 3398 1363 3447 Cone.
1390 3403 1511 3447 tom.
1533 3399 1641 3449 xiv.
1666 3399 1780 3449 coll.

728 3466 838 3513 309.
859 3462 1101 3512 D.—-310.
1128 3462 1321 3527 A-E,]

791 3537 814 3561 ⁰
854 3526 1079 3590 [Appell.
1118 3528 1320 3592 inclytae
1364 3526 1513 3577 Univ.
1558 3526 1715 3577 Paris,
1753 3543 1785 3578 a

728 3592 881 3641 Leon.
900 3592 981 3651 X„
1005 3592 1138 3657 apud
1165 3591 1407 3657 Bochell.]
1429 3593 1627 3642 Decret.
1649 3593 1781 3643 Eccl.

729 3658 906 3707 Gallie.
948 3657 1057 3722 [lib.
1080 3658 1188 3705 viii.
1230 3660 1311 3707 tit.
1337 3673 1455 3707 xxv.
1498 3673 1605 3721 cap.
1632 3658 1699 3723 8.]
1737 3674 1783 3721 p.

732 3726 875 3773 1249.
899 3723 971 3788 [et
993 3722 1110 3771 vide
1136 3729 1147 3749 ‘
1169 3723 1349 3772 Preces
1382 3723 1552 3772 verbal
1591 3723 1680 3773 des
1717 3739 1787 3773 re·

729 3788 1304 3838 monstmnoee·—1bid.
1346 3789 1425 3837 tit.
1459 3788 1561 3837 xvi.
1607 3803 1712 3852 cap.
1741 3791 1785 3839 6.

730 3868 813 3917 pp.
840 3852 1201 3916 1215—1220.]

794 3926 816 3957 Ρ
852 3918 918 3980 [“
934 3918 1183 3966 Dominus
1220 3917 1321 3966 Leo
1367 3916 1503 3980 Papa
1539 3917 1788 3966 serenissi-

728 3997 870 4031 mum
896 3982 1183 4045 Principem
1207 3988 1434 4031 nostrum
1460 3981 1785 4031 Franciscum

730 4084 742 4096 .
768 4084 780 4095 .
806 4085 817 4096 .
856 4048 910 4095 in
967 4048 1192 4095 maximo
1246 4048 1461 4110 strepitu
1510 4061 1783 4107 armorum,

729 4125 1024 4161 consensum
1048 4112 1273 4175 praebere
1296 4112 1610 4174 quorundam
1635 4126 1780 4160 suasu

728 4179 907 4238 coegit.
977 4176 1043 4224 Et
1072 4190 1136 4225 ne
1162 4177 1510 4239 promissionis
1543 4177 1784 4226 infractor

732 4242 866 4290 idem
891 4241 1129 4304 Princeps
1153 4241 1365 4290 illustris
1387 4242 1656 4300 videretur,
1672 4241 1783 4303 jam

730 4307 856 4354 dicti
881 4305 1077 4354 domini
1114 4305 1264 4368 Papae
1288 4308 1500 4355 monitis
1533 4307 1785 4370 obtempe-

729 4386 860 4428 rans,
906 4371 1015 4418 haec
1059 4386 1171 4432 quae
1208 4370 1344 4419 dicta
1388 4376 1507 4421 sunt
1545 4371 1610 4420 de
1655 4387 1784 4421 novo

729 4441 920 4483 statuta
970 4440 1101 4496 (quae
1158 4435 1469 4485 concordata
1524 4438 1785 4501 vocantur)

731 4500 928 4545 ruinam
950 4498 1188 4547 Ecclesiae
1222 4501 1475 4561 totiusque
1500 4503 1643 4562 regni
1669 4501 1788 4551 inde

730 4561 1101 4619 imminentem,
1127 4564 1287 4621 nobie,
1312 4563 1545 4626 dictaque
1587 4565 1789 4615 Univer-

1868 3336 2076 3394 voeatis,
2115 3351 2207 3385 nec
2248 3335 2454 3397 auditis,
2483 3335 2790 3398 publicanda
2827 3351 2937 3385 esse

1870 3400 2141 3463 imperavit
2165 3436 2177 3449 .
2204 3436 2214 3447 .
2243 3436 2256 3450 .
2279 3436 2292 3449 .
2330 3400 2411 3449 Ex
2431 3401 2614 3463 quibus
2635 3415 2727 3449 nos
2751 3399 2937 3450 Recwr

1869 3470 1922 3513 et
1963 3464 2276 3514 Universitas
2312 3471 2560 3528 gramme,
2594 3466 2839 3528 laesosque
2882 3471 2936 3515 et

1871 3534 2627 3657 ῗοῖἑῖωηῗέῗωκὲἳὲἓῗῗᾱᾱ
2654 3529 2938 3644 ὰῖἳῖἰὲξ.

1872 3659 2005 3708 sulto
2035 3659 2161 3721 jam,
2201 3658 2427 3722 dictique
2471 3660 2598 3707 sacri
2638 3659 2937 3709 Basiliensis

1875 3723 2106 3784 Concilii,
2122 3728 2174 3772 et
2189 3724 2236 3772 ci
2249 3724 2578 3783 adhaerentes,
2598 3724 2936 3786 Pragmaticae

1874 3788 2162 3838 Sanctionis
2177 3791 2481 3838 statutorum
2502 3789 2830 3851 abrogatione
2847 3824 2860 3837 .
2881 3826 2894 3838 .
2918 3826 2933 3840 .

1873 3852 1938 3902 ad
1982 3854 2209 3902 futurum
2257 3853 2543 3902 Concilium
2581 3888 2592 3900 .
2615 3890 2627 3902 .
2652 3889 2665 3902 .
2737 3868 2936 3904 rovoca-

1875 3933 1989 3966 mus
2033 3923 2086 3966 et
2139 3918 2497 3982 appellamus?
2517 3917 2681 3967 —lbi
2720 3916 2755 3982 .]
2801 3917 2934 3983 p[p.]

1876 3985 2019 4031 1252.
2043 3981 2119 4046 [ο.
2148 3983 2212 4031 D.
2237 3985 2378 4033 1253.
2407 3980 2491 4095 Af

1935 4055 1957 4086 ⁴³
1994 4047 2156 4110 [Conf.
2180 4053 2350 4097 autem
2376 4047 2462 4096 Bel
2488 4083 2500 4095 .
2524 4046 2586 4096 de
2609 4046 2758 4097 Cone.
2782 4046 2874 4096 lib.
2899 4047 2934 4096 i.

1871 4126 1976 4174 cap.
2002 4115 2046 4160 6.
2084 4111 2195 4175 Op..
2232 4117 2352 4161 tom.
2377 4113 2430 4160 ii.
2467 4126 2514 4174 p.
2541 4113 2653 4160 244.
2676 4110 2763 4225 Α.Ι

1935 4184 1954 4209 ²
1989 4176 2150 4241 [Cous.
2169 4176 2577 4240 Spondan.Cont.
2593 4179 2730 4226 Ann.
2882 4191 2932 4225 n.

1868 4240 1933 4290 ad
1970 4256 2085 4290 ann.
2120 4245 2261 4292 1592.
2304 4241 2459 4290 Num.
2484 4242 2555 4290 xi.
2600 4246 2722 4290 tom.
2746 4241 2803 4290 ii.
2839 4241 2933 4291 col.

1872 4307 1982 4358 877.

1937 4381 1954 4402 ·
1985 4307 2140 4436 Evide
2159 4371 2414 4421 Libellum
2436 4371 2468 4420 J
2473 4386 2584 4422 oan.
2604 4370 2814 4420 Gerson.
2830 4370 2933 4420 ‘De

1876 4437 2257 4487 Auferibilitate
2303 4437 2453 4500 Pupae
2498 4438 2561 4487 ab
2607 4436 2935 4487 Ecclesia&-

1876 4504 1987 4566 0p.,
2023 4506 2144 4552 tom.
2168 4502 2202 4552 i.
2237 4503 2330 4552 col.
2356 4500 2488 4565 154.]
