3165 4959
982 342 1346 392 stomoma
1391 344 1755 394 nassonslo.
2353 339 2381 397 l
2399 339 2474 397 15

334 497 476 548 Nero
497 536 510 547 .
538 537 548 547 .
575 536 586 548 .
617 537 629 558 ,
664 515 779 548 cum
815 503 986 558 cantu,
1020 504 1074 548 et
1107 499 1304 550 cithara
1338 515 1453 550 cum
1490 503 1848 566 Antagonistis
1889 505 1945 553 in
1979 504 2179 554 theatro
2221 504 2474 556 decertare

392 581 560 641 vellet,
598 597 699 631 non
735 583 971 645 quaesivit
1008 581 1183 643 Reges,
1224 581 1312 632 sed
1346 582 1578 632 homines
1617 585 1953 648 peritissimos
1989 587 2195 635 musica:
2212 585 2468 651 ¹¹.—[Bell.

392 663 543 726 Apol.
570 678 663 727 pro
688 663 858 727 neap]
880 678 928 726 p.
946 665 1023 713 31.
1048 663 1182 727 [Op.,
1205 667 1326 712 tom.
1342 665 1429 713 vii.
1453 665 1544 713 col.
1565 666 1677 717 722.
1704 665 1791 730 A.]

347 778 525 840 Nam
577 779 862 842 Neronis
914 784 1105 861 turpe
1163 777 1427 857 factum,
1480 801 1605 844 nec
1662 781 1790 843 nisi
1843 783 2107 844 Nerone
2155 781 2464 865 dignum;
2494 792 2567 858 [et
2578 792 2798 846 Neronis

257 902 455 964 quem
486 881 557 944 in
596 903 806 960 scena,
844 903 993 946 cum
1035 882 1331 947 Auloedis
1384 905 1532 947 cum
1575 885 1966 949 Citharoedis
2013 885 2106 948 ita
2152 887 2466 969 composi·
2491 858 2763 989 32:553&

253 993 424 1061 tum,
458 984 601 1067 quis
631 1006 824 1048 sanus
854 987 1218 1049 memoret?
1266 986 1409 1049 Nec
1438 994 1660 1051 tamen
1677 988 1997 1052 Auloedus
2023 989 2256 1070 (credo)
2291 990 2464 1072 quis-

252 1085 433 1168 piam
461 1087 589 1167 (cui
631 1087 977 1171 respondet
1019 1088 1125 1151 hic
1156 1088 1538 1171 Cardinalis)
1565 1111 1792 1172 parem
1824 1113 1892 1154 se
1923 1091 2104 1169 dixit,
2137 1092 2466 1175 scripsitve

254 1190 360 1251 vel
391 1191 662 1255 Neroni.
752 1192 1098 1255 Demittere
1127 1212 1194 1255 se
1222 1199 1497 1274 possunt
1530 1194 1775 1276 Reges:
1825 1195 2202 1257 committere
2237 1216 2304 1258 se
2334 1217 2466 1260 non

255 1290 501 1354 debent
529 1292 812 1371 Auloedi,
844 1294 944 1357 vel
976 1293 1370 1358 CardinaleS.
1462 1295 1628 1378 Regi
1675 1295 2027 1378 gloriosum
2074 1297 2256 1375 illud,
2301 1320 2466 1361 non-

253 1415 626 1477 nunquam:
692 1404 880 1479 turpe
930 1396 1053 1459 hoc
1105 1418 1438 1481 nunquam
1468 1418 1641 1475 non,
1691 1397 1824 1461 sive
1872 1398 2150 1461 Auloedo
2196 1398 2283 1476 id,
2334 1400 2464 1463 sive

255 1497 610 1561 Cardinali.

324 1647 400 1697 De
436 1651 811 1713 comparatione
854 1650 1008 1713 Regis
1051 1654 1105 1700 et
1144 1650 1429 1701 cardimus
1471 1637 1721 1702 adata-m
1759 1651 2032 1715 judicium,
2078 1657 2132 1702 et.
2171 1655 2466 1704 tammonis

388 1729 596 1781 Patr-um
619 1737 860 1792 veterum,
879 1734 967 1796 qui
989 1734 1169 1798 primis
1192 1734 1487 1797 quingentis
1508 1734 1659 1783 annis
1680 1732 2189 1798 floruerunt—[Bell.
2206 1734 2354 1798 Apol.
2372 1750 2464 1799 pro

392 1811 564 1877 Resp]
587 1816 730 1878 p.31.
756 1813 895 1878 [Op.,
916 1819 1039 1864 tom.
1056 1815 1143 1864 vii.
1168 1816 1259 1864 col.
1281 1815 1308 1867 7
1314 1817 1390 1863 22.
1414 1814 1510 1878 B..]

362 1929 631 1992 Nescius
689 1951 838 1994 vero
903 1931 1150 2013 (lector)
1219 1930 1329 1994 hic
1400 1930 1481 1994 ad
1542 1930 1700 2013 quid
1759 1929 2173 2013 obstupescas
2232 1931 2460 2014 magis,
2489 1941 2743 2021 [patrum.

225 2033 613 2116 frontemne,
666 2055 750 2095 an
800 2033 1113 2096 cerebrum
1154 2033 1565 2098 Cardinalis?
1619 2035 1933 2113 Frontem,
1983 2035 2093 2117 qui
2138 2055 2459 2116 compara·
2487 2012 2780 2134 ᾗῗὲζξῐζωδ

247 2134 478 2196 tionem
507 2134 809 2212 instituit,
840 2143 977 2198 tam
1010 2136 1330 2219 perfricte‚
1365 2136 1638 2200 Parochi
1669 2157 1817 2200 cum
1843 2137 2056 2220 Rege:
2112 2137 2458 2216 Cerebrum,
2486 2137 2744 2251 resdffimss

248 2236 363 2318 qui
393 2238 553 2319 ejus,
585 2239 654 2299 in
686 2240 918 2319 primis
962 2240 1312 2321 quingentis
1341 2241 1543 2317 anni-3,
1575 2245 1762 2302 testes
1793 2247 2056 2322 quaerat,
2090 2247 2155 2302 et
2184 2241 2456 2322 judices.
2484 2216 2546 2250 ω
2651 2200 2688 2265 .]

248 2339 457 2402 Estne
488 2340 825 2423 quisquam
872 2342 1066 2420 enim,
1110 2341 1221 2425 qui
1268 2341 1428 2404 adeo
1476 2341 1766 2424 desipere
1811 2349 1997 2425 putet
2028 2343 2455 2422 Cardinalem,

244 2449 326 2506 ut
357 2444 460 2507 vel
490 2444 707 2507 idiotis
750 2444 881 2508 suis
925 2444 1306 2528 persuadere
1345 2443 1561 2529 possit,
1595 2446 1767 2508 intra
1805 2446 2050 2527 primos
2097 2447 2458 2528 quinyentos
2590 2452 2678 2517 89

244 2567 465 2624 annos,
493 2547 860 2610 Cardinales
890 2548 1054 2612 ullos
1086 2548 1426 2626 exstitisse,
1460 2547 1568 2631 qui
1600 2570 1748 2611 cum
1774 2548 2061 2631 Regibus
2092 2549 2456 2612 conferren-

242 2650 406 2712 tur?
498 2651 600 2713 De
645 2650 875 2734 quibus
926 2651 1036 2714 ille
1080 2652 1216 2734 ipse
1266 2652 1492 2733 (altera
1538 2650 1761 2714 statim
1805 2651 2089 2733 paginai)
2141 2673 2274 2714 non
2321 2659 2458 2714 tam

241 2760 525 2817 recentes
554 2754 732 2834 dicit,
765 2755 944 2839 quin,
977 2756 1127 2818 anni
1154 2757 1376 2818 saltem
1406 2755 1746 2836 quinyenti,
1779 2754 1856 2815 ab
1887 2775 1976 2831 eo,
2011 2774 2127 2834 quo
2142 2755 2286 2834 jam
2315 2761 2460 2816 sunt

239 2862 441 2935 statu,
467 2864 878 2921 numerentur.
928 2859 1053 2921 Per
1082 2880 1283 2922 annos
1314 2878 1467 2940 ergo
1497 2857 1642 2939 plus
1672 2855 1868 2931 mille,
1892 2856 2073 2919 nulla
2101 2856 2460 2918 Cardinalis

243 2982 391 3023 cum
414 2961 579 3042 Reqe
608 2963 1010 3043 compar-atie.
1064 2961 1366 3026 Necdum
1395 2960 1568 3024 enim
1594 2958 1956 3024 Cardinalis
1987 2960 2158 3023 ullus
2188 2959 2454 3039 exstitit,

245 3065 365 3148 qui
397 3086 544 3128 cum
580 3067 755 3150 Rege
785 3065 1081 3149 componi
1112 3066 1209 3129 vel
1240 3066 1457 3143 ferret,
1488 3064 1590 3127 vel
1620 3063 1914 3127 ferretur.

315 3218 485 3281 Igitur
518 3217 808 3269 Cardinales
845 3219 978 3268 nihil
1016 3222 1137 3268 sunt
1171 3217 1328 3279 aliud,
1368 3219 1472 3268 nisi
1511 3218 1766 3283 Episcopi,
1807 3217 2108 3281 Presbyteri,
2141 3221 2194 3267 et
2226 3217 2455 3277 Diaconi,

383 3299 649 3360 Elector-es,
675 3300 980 3362 Consilia-ii,
1013 3304 1067 3351 et
1101 3301 1413 3365 coadjutores
1436 3300 1636 3350 Summi
1671 3299 2167 3364 Pontificis—[Bell.
2193 3300 2341 3364 Apol.
2364 3315 2456 3364 pro

383 3379 553 3445 Hesp]
576 3396 624 3445 p.
641 3384 718 3431 31.
742 3382 874 3446 [Op.,
897 3383 1120 3432 tom.vii.
1146 3382 1237 3431 col.
1255 3381 1368 3433 722.
1389 3381 1469 3446 R]

335 3496 568 3578 Operae
612 3496 886 3578 pretium
935 3504 1034 3560 est
1081 3505 1300 3560 autem
1329 3496 1563 3575 videre,
1595 3497 1823 3579 prim0,
1857 3518 2049 3578 quam
2094 3496 2219 3559 hoc
2260 3495 2453 3559 faciat
2479 3501 2657 3577 [Qrigp
2672 3501 2785 3550 Car-

238 3600 583 3664 eoncinne.
645 3601 1014 3664 Cardinales
1053 3602 1189 3684 (ait)
1221 3608 1370 3665 sunt
1398 3602 1721 3681 Episcopi,
1756 3599 2139 3679 Presbyteri,
2160 3599 2451 3675 Diaconi,
2478 3566 2764 3627 umanum]

237 3707 353 3786 qui
394 3706 716 3768 Elec-tores
757 3713 920 3784 sunt,
964 3706 1342 3784 Conciliarii,
1389 3711 1450 3767 et
1501 3704 1907 3783 Coadjutores
1945 3701 2185 3762 Summi
2230 3701 2451 3763 Ponti-

223 3808 402 3888 fici-3.
493 3810 602 3872 Ita
646 3810 965 3893 proponit.
1057 3810 1213 3873 Post
1242 3831 1411 3887 vero,
1460 3808 1540 3871 de
1584 3805 1999 3882 Elector-ibus,
2039 3804 2452 3883 Consiliariis,

246 3912 733 3993 Coadjutmibus
763 3911 1093 3994 Pmfficis
1122 3912 1389 3976 verbum
1433 3933 1568 3974 non
1613 3908 1792 3973 addit
1814 3934 1834 3985 3
1890 3909 2040 3991 (quo
2070 3908 2204 3970 solo
2232 3913 2451 3971 tamen

238 4015 544 4079 hodierni
575 4015 949 4079 Cardinales
980 4024 1133 4079 sunt
1152 4017 1196 4099 3)
1246 4014 1653 4098 persequitur
1682 4010 1895 4088 mod0,
1928 4016 2120 4093 atque
2149 4010 2351 4073 haeret
2381 4011 2451 4072 in

244 4119 600 4200 Episcopi-3,
650 4121 1066 4201 Presbyteris,
1101 4119 1421 4183 Diacom‘s.
1515 4118 1810 4184 Quorum
1856 4114 1999 4198 quis
2050 4113 2259 4177 nescit
2309 4135 2453 4196 my-

238 4222 455 4286 riadas
506 4245 662 4303 esse,
711 4246 873 4307 quos
926 4224 1306 4302 Cardinalis,
1355 4229 1671 4305 tanquam
1722 4218 1893 4281 infra
1944 4238 2010 4280 se
2061 4216 2322 4299 positOS,
2373 4238 2448 4280 ex

239 4327 502 4391 sublimi
535 4328 858 4412 despicit?
950 4330 1077 4405 Ita,
1111 4328 1190 4392 de
1230 4348 1362 4391 uno
1405 4326 1680 4388 instituit
1706 4346 1722 4381 .·
1771 4327 2055 4385 currente
2081 4328 2244 4398 rota,
2276 4322 2405 4383 exit
2425 4319 2450 4357 ¹¹

305 4506 328 4537 ¹·
357 4506 542 4637 [[Τηοίι.
574 4509 704 4556 Ann.
731 4509 832 4556 xvi.
858 4507 926 4571 4.]
1179 4573 1189 4585 ·
1398 4505 1531 4601 [Op.,
1554 4503 1778 4581 tomvii.
1803 4503 1894 4552 col.
1915 4503 2024 4578 724.
2052 4501 2107 4551 B.
2161 4568 2171 4579 ⁶
2264 4569 2273 4579 ι

304 4572 315 4601 ¹
384 4572 506 4622 Bell.
532 4573 677 4637 Apol.
696 4588 789 4637 pro
806 4572 952 4636 Resp.
969 4572 1040 4636 p.]
1055 4575 1130 4624 36.
1155 4572 1245 4621 lin.
1264 4573 1305 4620 1.
1519 4568 1674 4633 [v1de
1698 4568 1819 4618 Hor.
1847 4568 2004 4631 Epist.
2028 4567 2091 4619 ad
2159 4583 2216 4616 is.
2241 4568 2328 4617 lm.
2354 4567 2454 4629 22]

1827 4655 1934 4714 12
