3165 4959
926 339 1293 387 stomoma
1337 340 1702 390 nnsronsm.
2287 326 2421 387 449

298 490 609 555 Putidum
652 493 828 556 enim
857 492 1019 558 illud
1058 493 1137 557 de
1167 494 1499 557 Pur-itania
1527 493 1908 572 convicium,
1941 450 2054 576 qui
2079 514 2198 557 nec
2228 493 2418 556 multi
2445 510 2633 575 [Multa

206 601 385 672 sunt,
417 602 484 658 et
523 594 603 658 de
642 595 754 674 eis,
785 596 897 678 qui
941 595 1021 659 ad
1061 595 1470 661 sobrietatem
1513 596 1622 660 hic
1664 597 1837 660 inter
1877 618 1996 659 nos
2041 596 2315 680 sapiunt,
2348 596 2418 658 in

203 697 482 760 eandem
514 698 869 781 Religionis
900 698 1399 777 confessionem,
1429 699 1654 763 eadem
1676 698 1923 783 Capita,
1948 699 2123 763 dieto
2153 699 2416 782 scripto-

2442 576 2574 638 apud
2601 577 2693 626 Ro-

2445 654 2710 690 manenses

2529 709 2657 770 325

204 821 335 883 que
378 821 603 865 omnes
651 801 1090 866 consentiunt.
1132 838 1136 845 ·
1178 803 1355 867 Nam
1398 802 1479 865 de
1523 803 1833 865 anomalis
1873 802 2048 865 inter
2075 823 2202 880 eos,
2233 801 2419 887 (sunt
2443 788 2692 855 dimam]

203 903 385 966 enim
415 912 482 967 et
511 905 814 989 anomali)
840 927 976 969 non
1005 913 1103 969 est
1133 905 1385 969 animus
1416 906 1749 969 affirmare.
1824 906 1914 968 Et
1941 906 2284 986 ‘equivocus
2310 905 2420 968 hic

205 1006 594 1085 cardinalia,
616 1008 747 1091 qui,
772 1008 972 1091 siquis
1002 1009 1487 1071 caeremoniolam
1515 1029 1650 1070 non
1678 1008 1925 1091 probet,
1953 1006 2007 1070 si
2037 1006 2320 1072 abundet
2349 1008 2419 1070 in

204 1128 402 1172 sensu
441 1108 606 1187 suo‚⁰
651 1109 795 1195 (ubi
824 1111 1004 1179 nefas
1050 1111 1305 1174 nullum
1348 1109 1728 1194 abundare,)
1772 1110 1992 1173 statim
2036 1111 2421 1193 Religionem

205 1214 405 1276 aliam
434 1213 759 1278 clamitat:
804 1215 1004 1298 quasi,
1025 1214 1224 1298 siquis
1246 1215 1358 1296 qui
1380 1215 1752 1278 indirectam
1781 1235 1928 1278 cum
1956 1215 2070 1277 illo
2092 1215 2423 1295 Pontifici-s

197 1323 574 1398 potestatem
592 1332 643 1392 1³5
691 1319 877 1403 quive
913 1320 1255 1382 Concilium
1297 1338 1489 1399 supra
1534 1318 1781 1399 Papam
1794 1328 1821 1368 ¹1
1850 1325 2128 1396 tueatur,
2161 1319 2422 1380 alterius

202 1422 532 1502 reliyionis
573 1421 784 1501 faeiat,
832 1422 913 1486 ab
956 1423 1056 1501 iis,
1101 1422 1214 1506 qui
1255 1423 1507 1504 Papam
1547 1442 1744 1503 supra
1779 1422 2120 1485 Concilium
2136 1431 2178 1499 ¹,
2211 1421 2291 1484 ab
2320 1421 2418 1498 iis,

205 1523 323 1606 qui
346 1524 650 1587 directum
680 1525 1017 1588 dominium
1047 1524 1292 1602 habere,
1319 1545 1467 1588 cum
1498 1524 1782 1587 Baronio
1799 1533 1840 1602 ⁸,
1874 1523 2069 1587 Bosio
2087 1518 2124 1602 ξ
2158 1524 2379 1587 Marta
2392 1531 2421 1559 ¹¹

203 1625 533 1690 mordicus
577 1634 868 1691 tuentur.
958 1626 1168 1690 Valde
1219 1632 1437 1690 autem
1485 1625 1610 1689 sibi
1655 1625 1865 1709 plaeet
1914 1625 1985 1688 in
2036 1625 2424 1688 calvinianis

201 1728 432 1806 misti-9,
465 1735 532 1792 et
553 1730 906 1794 Pur-itania.
972 1730 1080 1793 Ne
1107 1737 1328 1794 tamen
1358 1729 1698 1793 insolescat
1725 1728 1836 1793 hie
1864 1728 2093 1792 nimis:
2140 1735 2207 1792 et
2236 1727 2424 1791 nobis

202 1831 475 1915 perinde
518 1833 743 1896 facetis
786 1854 922 1898 esse
966 1833 1211 1912 liceret,
1243 1833 1299 1896 si
1331 1833 1561 1897 liberet
1599 1832 1810 1896 dicere
1839 1831 2141 1913 Papistoe
2182 1831 2420 1915 pleros-

203 1955 336 2020 que
393 1936 629 2014 mistos,
689 1938 960 2000 exclusis
1016 1937 1305 2001 Jemitis.
1401 1938 1547 2002 Neo
1620 1936 1796 2000 enim
1866 1936 2038 1999 inter
2097 1936 2420 2016 Papi-stas,

203 2057 433 2101 omnes
450 2038 751 2101 Pur-itani
782 2046 955 2118 sunt,
987 2039 1208 2123 quales
1237 2040 1496 2104 Jemitoe
1515 2068 1535 2103 :
1604 2041 1775 2103 Sunt
1803 2045 1870 2102 et
1901 2038 2179 2119 Papistae
2207 2039 2379 2101 misti
2400 2066 2420 2100 .-

204 2162 331 2204 nee
374 2140 551 2204 aliud
593 2142 701 2206 hic
733 2142 1080 2206 Puritanos
1118 2134 1273 2222 esse,
1305 2165 1499 2227 quam
1543 2142 1638 2206 ibi
1668 2142 1948 2205 Jemitas
1967 2169 1987 2204 .-
2038 2141 2146 2224 qui
2191 2148 2257 2204 et
2300 2141 2422 2225 ipsi

200 2227 391 2307 'valde
418 2243 676 2322 vellent,
708 2245 895 2308 aliter
934 2254 1126 2329 atque
1171 2248 1310 2330 jam
1352 2245 1622 2328 regitur,
1668 2244 1807 2327 regi
1851 2265 1990 2308 rem
2030 2245 2414 2323 Romanam,

204 2354 402 2430 atque
433 2347 887 2413 administrari.
935 2349 1197 2431 Integre
1222 2369 1373 2413 vero
1401 2349 1657 2431 integra
1684 2355 1781 2411 est
1812 2346 2153 2411 Britannia
2180 2355 2419 2423 nostra,

204 2449 451 2534 absque
491 2450 750 2514 zizaniis
795 2451 1024 2515 vestris
1063 2451 1248 2538 soret.
1347 2451 1476 2515 Sed
1513 2470 1725 2534 neque
1771 2448 1977 2536 (quod
2022 2448 2215 2513 modo
2259 2448 2423 2533 dixi)

203 2554 491 2617 multum
523 2554 772 2619 aberret
802 2556 965 2639 quis,
989 2555 1279 2638 (quando
1308 2575 1384 2618 ea
1410 2575 1563 2617 voce
1594 2552 1895 2617 delectari
1922 2552 2178 2616 videtur
2200 2552 2424 2616 Cardi-

203 2653 408 2739 nalis)
437 2656 492 2719 si
534 2664 601 2719 et
644 2658 949 2739 Papistas
991 2659 1208 2721 mistos
1245 2658 1316 2720 in
1345 2656 1525 2721 vobis
1570 2655 1760 2719 dieat.
1853 2655 2013 2718 Fere
2043 2648 2216 2717 enim
2250 2655 2423 2718 Galli

203 2779 470 2834 omnes3
517 2758 702 2837 addc,
733 2768 798 2823 et
828 2760 1101 2837 Veneti;
1148 2760 1345 2824 etiam
1383 2767 1451 2824 et
1481 2759 1554 2822 in
1582 2757 1795 2822 media
1823 2758 1989 2821 forte
2021 2758 2231 2820 Roma
2258 2779 2424 2820 non-

204 2862 377 2924 nulli
419 2863 592 2924 misti
632 2863 827 2927 modo
857 2864 1140 2945 Papistoe
1182 2872 1354 2942 sunt,
1391 2864 1548 2926 meri
1592 2883 1727 2926 non
1767 2869 1956 2926 sunt:
2004 2868 2070 2925 et
2115 2862 2422 2926 Catholici

204 2971 393 3027 extra
450 2965 716 3027 Romam
772 2966 985 3045 multi,
1050 2966 1161 3050 qui
1217 2988 1353 3030 non
1403 2967 1695 3029 Romani.
1785 2964 2196 3029 Pontificiam
2245 2964 2420 3027 enim

205 3067 659 3131 auctoritatem
707 3068 948 3132 suffusa
989 3067 1227 3150 frigida
1262 3069 1436 3131 Galli
1454 3078 1478 3107 '
1521 3070 1662 3153 jam
1716 3067 1850 3146 diu,
1896 3067 2134 3131 Veneti
2168 3078 2421 3150 nuperw

205 3170 480 3233 mirifice
528 3170 874 3248 diluerunt,
922 3177 997 3234 ut
1043 3171 1228 3234 tenui
1273 3170 1366 3234 ibi
1416 3172 1526 3234 filo
1571 3171 1848 3255 pendeat
1901 3178 2182 3255 potestas
2230 3173 2421 3256 Papae

203 3272 433 3358 (quem
481 3273 681 3355 Caput
726 3272 887 3355 fidei
933 3273 1137 3337 eredit
1184 3280 1250 3337 et
1295 3275 1642 3338 confitetur
1688 3274 2129 3358 Cardinalis1.)
2229 3277 2420 3340 Certe

205 3375 574 3440 cardinalis
607 3377 985 3442 Avunculus
1000 3387 1029 3427 ἵ
1056 3379 1281 3441 mistus
1321 3385 1580 3442 tantum
1622 3378 1892 3460 Papista
1929 3377 2165 3442 dicitur
2207 3379 2420 3455 fuisse,

273 3579 298 3603 ⁰
332 3570 499 3700 [Rom.
523 3570 623 3619 xiv.
649 3573 694 3621 5.
719 3569 901 3636 Vulg.]
1423 3581 1444 3603 '
1479 3571 1637 3637 [Vide
1676 3571 1868 3620 Thuan.
1917 3570 2055 3620 Hist.
2101 3570 2191 3620 lib.
2235 3572 2420 3620 xxviii.

273 3644 298 3674 Ρ
357 3635 483 3683 Bell.
506 3634 569 3712 de
587 3634 731 3685 Rom.
748 3635 894 3686 Pont.
918 3636 1008 3686 lib.
1026 3652 1071 3687 v.
1096 3651 1203 3702 cap.
1222 3639 1269 3687 6.
1358 3651 1465 3713 epp.
1492 3640 1569 3713 18.
1610 3635 1674 3685 ad
1697 3650 1777 3684 an.
1805 3637 1944 3685 1561.
1978 3640 2101 3684 tom.
2127 3637 2181 3684 ii.
2219 3650 2271 3699 p.
2297 3638 2420 3687 129.

208 3700 491 3829 ⁰¹l’ffiff.
513 3700 973 3826 ’.Σέὶὲξοῖᾒῖ
1007 3766 1096 3829 ..11
1141 3765 1272 3817 hane
1358 3701 1604 3879 ἓξὲξ·
1621 3714 1746 3826 ..iffi
1774 3699 1915 3813 &03²2
1947 3702 2196 3813 ⁸502&ss
2225 3706 2421 3815 ffielz

208 3833 517 3879 sententiam
562 3833 782 3889 tuentur,
842 3831 977 3893 apud
1036 3830 1163 3881 Bell.
1210 3832 1272 3882 de
1386 3831 1402 3850 ’
1459 3830 1491 3879 l.
1518 3829 1647 3879 Gall.
1678 3829 1764 3879 lib.
1790 3844 1836 3876 V.
1872 3829 1952 3877 tit.
1970 3844 2020 3877 v,
2042 3843 2147 3891 cap.
2174 3832 2220 3878 6.
2243 3844 2290 3892 p.
2310 3829 2421 3880 729.

210 3894 362 3944 Cone.
410 3893 499 3943 lib.
523 3893 580 3943 ii.
633 3908 742 3957 eap.
778 3896 854 3945 14.
913 3895 1024 3959 Op„
1072 3902 1193 3945 tom.
1216 3912 1273 3947 n
1360 3900 1414 3945 et
1456 3909 1563 3959 cap.
1605 3897 1650 3944 8.
1695 3909 1744 3957 p.
1786 3894 1910 3952 734;
1958 3896 2011 3941 et
2049 3892 2420 3943 Remonstrant.

209 3973 260 4022 p.
286 3957 420 4034 265.]
1361 3959 1576 4010 Hibern.
1622 3964 1797 4008 eontra
1830 3957 2212 4017 Louvanienm,
2247 3972 2352 4021 par.
2390 3959 2421 4008 i.

277 4032 297 4057 ¹
329 4023 489 4087 [Vide
525 4022 650 4072 Bell.
679 4022 742 4072 de
767 4023 916 4074 Cone.
955 4024 1044 4073 lib.
1070 4025 1123 4074 ii.
1162 4040 1270 4089 cap.
1360 4040 1467 4087 cap.
1493 4026 1559 4073 vi.
1598 4029 1651 4085 §§
1681 4026 1726 4074 5.
1750 4022 1822 4086 6.]

215 4087 494 4139 17.—1bid.
520 4102 602 4150 pp.
629 4090 742 4146 266,
767 4088 899 4152 267]
1426 4096 1459 4119 '
1506 4089 1639 4138 Vide
1660 4103 1824 4152 supra,
1859 4103 1907 4151 p.
1933 4088 2011 4136 34.
2040 4091 2143 4135 not.
2167 4086 2226 4150 '¹.]

275 4161 295 4184 ⁸
404 4152 485 4201 ide
507 4167 672 4216 supra,
705 4167 754 4215 p.
775 4155 850 4202 18.
875 4157 980 4203 not.
999 4154 1064 4217 22]
1427 4161 1450 4184 ¹
1516 4153 1650 4204 Vide
1674 4153 1799 4203 Bell.
1824 4153 1886 4201 de
1912 4152 2051 4201 Rom.
2080 4153 2224 4200 Pont.
2250 4151 2338 4201 lib.
2365 4152 2420 4200 ii.

276 4219 295 4248 ²
351 4215 485 4265 Vide
508 4216 596 4265 lib.
615 4218 697 4266 cui
716 4218 796 4267 tit.
822 4217 927 4267 ‘De
950 4218 1132 4268 Ruinis
1150 4218 1276 4268 Gen·
1362 4233 1470 4282 cap.
1495 4221 1571 4268 31.
1600 4221 1640 4279 5.
1677 4218 1773 4267 ‘Et
1810 4218 2046 4279 quidem.'
2095 4218 2209 4279 Op„
2240 4221 2362 4264 tom.
2389 4217 2421 4264 i.

208 4282 345 4332 tium
386 4285 440 4331 et
474 4280 763 4343 Regnorum
808 4282 1044 4332 adversus
1085 4283 1277 4346 Impios
1362 4298 1411 4346 p.
1451 4287 1559 4333 183.
1589 4284 1649 4331 Α.
1676 4300 1689 4341 ;
1739 4287 1792 4331 et
1832 4282 1977 4343 Resp.
2026 4281 2186 4341 Torti,
2231 4295 2314 4343 pp.
2344 4284 2420 4330 55.

210 4345 469 4405 Politieos,
513 4345 636 4395 libri
673 4347 782 4396 viii.
823 4348 1045 4397 Auctore
1083 4349 1277 4399 'Phoma
1365 4352 1474 4397 109.
1499 4348 1636 4397 Edit.
1658 4346 1821 4405 Pelii..
1842 4353 1896 4395 et
1915 4346 2041 4396 Bell.
2068 4345 2177 4410 Op„
2196 4350 2318 4396 tom.
2335 4347 2423 4396 vii.

210 4411 367 4463 Bosio
398 4410 683 4472 Bag-ubine.
720 4410 911 4472 Romae,
937 4411 1108 4476 1596]
1362 4413 1477 4462 coll.
1501 4415 1612 4462 663.
1634 4411 1687 4461 C.
1714 4414 1825 4461 689.
1850 4409 1933 4474 D.]

277 4485 302 4507 ⁸·
336 4474 540 4540 [Marta.
571 4476 787 4526 Tractat.
812 4476 875 4526 de
895 4476 930 4526 J
934 4477 1086 4529 urisd.
1111 4492 1215 4542 par.
1239 4479 1273 4528 i.
1427 4485 1448 4515 ¹
1484 4477 1775 4543 [Marcellus
1798 4475 1896 4539 11.]

209 4555 356 4605 eapp.
384 4542 590 4590 18—25.
616 4555 700 4604 pp.
727 4544 805 4591 36.
828 4541 960 4605 seq.]

299 4638 790 4674 anunm.—ar.sr.
1820 4641 1860 4687 G
1889 4641 1930 4688 G
