3165 4959
777 1045 882 1105 AD
927 1043 1147 1107 CAPUT
1193 1044 1856 1111 DECIMUMSEPTIMUM.

1040 1250 1224 1313 Nova
1268 1252 1580 1333 doymata.

276 1688 408 1739 Cum
425 1687 536 1738 dixi
570 1689 705 1740 inter
724 1705 913 1748 omnes,
937 1727 948 1740 .
976 1728 988 1741 .
1012 1727 1025 1740 .
1049 1689 1112 1742 de
1135 1728 1148 1741 .
1175 1729 1188 1742 .
1208 1728 1220 1741 .
1247 1669 1522 1742 Catfiolicis
1553 1692 1807 1755 loquebar,
1840 1705 1943 1740 non
1965 1690 2028 1740 de
2061 1690 2415 1741 schismaticis.

342 1769 567 1834 -[Bell.
593 1771 740 1835 Apol.
765 1787 857 1835 pro
879 1772 1049 1837 Resp]
1081 1789 1130 1838 p.
1155 1774 1266 1823 214.
1307 1773 1447 1839 [Op.,
1470 1778 1595 1823 tom.
1623 1774 1709 1823 vii.
1733 1772 1826 1823 eol.
1846 1774 1956 1822 825.
1974 1771 2059 1836 A.]

299 1905 405 1969 AD
436 1905 729 1969 Primum
745 1917 788 1970 ⁸.
867 1906 1197 1971 Perfacilis
1224 1928 1374 1971 vero
1403 1906 1834 1990 respondendi
1862 1906 2048 1969 ratio.
2122 1906 2417 1969 Convenit
2443 1920 2551 2034 Ψ.)
2582 1919 2680 2000 ‘De‘

201 2011 381 2071 inter
431 2030 655 2073 omnes.
747 2010 999 2077 Quibus
1051 2010 1226 2075 enim
1278 2032 1414 2075 non
1461 2011 1781 2083 convenit,
1826 2030 2031 2073 omnes
2076 2011 2416 2093 (quotquot
2442 1986 2711 2114 ὦζζιέξξ

207 2112 389 2194 sunt)
419 2119 571 2176 sunt
591 2114 1009 2177 Selii-malici.
1060 2114 1222 2180 Quis
1252 2122 1472 2179 autem
1502 2115 1727 2193 nescit,
1748 2120 1885 2177 tam
1908 2113 2094 2177 facile
2115 2114 2417 2178 Pontifici
2441 2116 2505 2228 gd
2532 2115 2694 2177 Reges

202 2216 689 2295 schismaticum,
744 2225 857 2281 aut
902 2218 1097 2281 etiam
1146 2220 1501 2282 haereticum
1546 2216 1822 2281 scribere
1866 2216 2173 2298 quemvis,
2221 2240 2415 2300 quam
2440 2194 2689 2308 dgptinen-

203 2318 397 2381 facile
443 2320 612 2399 vulpi
650 2341 884 2400 pyrum
929 2340 1191 2383 comesse
1211 2319 1258 2382 ¹².
1353 2320 1487 2382 Ubi
1523 2320 1793 2402 quaestio
1832 2318 2061 2381 incidit
2105 2340 2412 2401 unquam,

202 2423 383 2486 inter
412 2423 732 2489 Caesarem
765 2429 831 2486 et
860 2422 1262 2501 Pontificem,
1297 2422 1406 2506 qui
1445 2444 1482 2485 a
1513 2424 1765 2487 Caesare
1797 2430 2156 2501 senserunt,
2191 2423 2414 2487 statim

202 2548 418 2589 omnes
463 2527 876 2590 Schts-malici.
977 2527 1198 2589 Omnes
1243 2528 1385 2589 illos
1426 2527 1619 2605 tolle3
1665 2534 2003 2610 postquam
2045 2528 2189 2590 illos
2232 2548 2414 2591 exce-

201 2630 399 2714 peris,
433 2631 544 2713 qui
575 2652 756 2694 secus
781 2631 1088 2709 sentiunt,
1120 2632 1286 2693 inter
1314 2651 1520 2693 omnes
1548 2630 1829 2713 reliquos
1859 2630 2046 2694 facile
2078 2634 2414 2695 conveniet.

205 2734 462 2797 Mirum
493 2735 688 2812 enim,
721 2756 946 2813 omnes,
986 2735 1099 2817 qui
1137 2733 1218 2797 ab
1258 2756 1389 2798 una
1432 2742 1615 2817 parte
1662 2742 1835 2811 sunt,
1881 2755 2014 2797 non
2051 2735 2413 2798 convenire.

204 2837 291 2901 Id
339 2858 492 2919 ergo
541 2837 697 2901 dicit
747 2838 1124 2903 CardinaIiS.
1223 2839 1519 2900 Convenit
1564 2839 1730 2899 inter
1781 2857 2005 2915 omnes,
2054 2837 2218 2899 inter
2264 2857 2416 2918 quos

204 2941 510 3003 convenit.
602 2942 778 3005 Inter
806 2963 1013 3005 omnes
1054 2962 1195 3004 vere
1231 2941 1585 3004 Catholicae
1627 2941 1927 3004 convenit.
2019 2940 2208 3003 Nulli
2238 2940 2413 3003 enim

200 3045 339 3107 veri
378 3045 700 3123 Catholici,
735 3045 965 3127 quibus
995 3044 1073 3108 de
1102 3045 1225 3109 hoc
1254 3066 1388 3109 non
1419 3045 1720 3108 convenit.

268 3213 324 3262 Si
349 3212 444 3261 hoc
464 3212 648 3274 dogma
669 3228 698 3263 a
719 3218 946 3277 tempore
969 3213 1171 3276 Gregor.
1197 3213 1317 3264 VII.
1342 3249 1356 3264 .
1379 3252 1391 3264 .
1414 3251 1426 3263 .
1449 3215 1659 3264 initium
1682 3213 1878 3274 habuit,
1901 3228 1990 3262 cur
2012 3249 2025 3262 .
2050 3250 2063 3262 .
2089 3250 2101 3262 .
2127 3214 2268 3276 quasi
2292 3216 2411 3264 novi

336 3292 591 3355 dogmatis
623 3293 857 3343 inventor
884 3299 974 3344 sut
1006 3299 1222 3344 sectator
1252 3310 1455 3346 accusor
1466 3295 1699 3360 rf--—[l3ell.
1725 3294 1873 3358 Apol.
1906 3309 1999 3358 pro
2021 3293 2189 3359 Resp]
2224 3310 2273 3359 p.
2298 3297 2411 3345 214.

338 3374 470 3439 [Op.,
494 3380 613 3424 tom.
634 3376 719 3424 vii.
743 3375 834 3425 σοι
860 3376 970 3426 825.
994 3375 1056 3425 A.
1083 3376 1171 3439 B.]

291 3491 435 3554 Neo
481 3491 562 3554 ab
613 3490 1044 3555 Hildebrandi
1089 3499 1382 3575 tempore
1430 3493 1654 3573 doyma
1706 3494 1820 3556 Ιιοο
1870 3493 2119 3555 initium
2170 3493 2408 3559 habuit.

199 3596 362 3660 Non
408 3595 671 3677 doyma5
718 3597 972 3678 quaestio
1024 3595 1269 3659 habuit.
1358 3597 1555 3675 Nam,
1598 3618 1745 3660 eum
1792 3601 2007 3659 essent
2053 3596 2265 3675 multi,
2300 3597 2412 3680 qui

197 3718 341 3783 pru,
371 3698 473 3763 vel
501 3706 745 3777 eontra,
778 3698 1153 3776 scriberent,
1185 3698 1408 3782 doymo
1437 3720 1571 3763 non
1608 3699 1770 3764 fuit:
1816 3699 2019 3762 voluit
2053 3699 2313 3782 quidem
2343 3701 2412 3764 id

196 3803 296 3865 ita
342 3822 483 3866 esse
527 3823 674 3885 pars
717 3801 1089 3866 Pontifieis:
1159 3822 1294 3866 non
1338 3801 1463 3865 fuit
1512 3809 1756 3867 tamen.
1848 3801 1978 3866 Vix
2024 3802 2179 3866 dum
2232 3803 2410 3868 enim

198 3905 428 3987 doymo
477 3904 601 3969 hoc
641 3904 901 3989 quidem
948 3912 1066 3969 est.
1160 3905 1332 3972 Sunt
1375 3904 1695 3987 hodieque
1739 3905 1923 3967 mixti
1954 3906 2251 3987 Papistoe,
2296 3907 2409 3989 qui

200 4014 354 4070 eant
392 4005 461 4068 in
492 4005 618 4069 alia
646 4006 901 4083 omnia3
951 4027 1072 4070 nee
1106 4007 1445 4089 quicquam
1479 4006 1800 4085 Pontifici,
1832 4028 1911 4069 ex
1940 4013 2259 4089 potestate
2291 4029 2408 4072 sua

200 4110 517 4189 Cluvium,
562 4111 728 4195 juris
780 4131 939 4188 esse,
989 4117 1417 4193 praeterquam
1464 4109 1536 4172 in
1581 4110 1860 4191 Regnum
1896 4111 2223 4185 coelorum;
2266 4133 2403 4175 non

97 4259 98 4263 ,
196 4214 352 4278 inde
398 4214 553 4297 quid
596 4215 666 4277 in
696 4215 913 4295 Reyna
954 4220 1222 4278 terrena.
1317 4215 1425 4278 Sic
1469 4216 1736 4293 Hartus,
1780 4237 1856 4278 ea
1909 4215 2167 4298 quidem
2212 4215 2281 4278 in
2333 4237 2402 4280 re

267 4410 289 4432 ⁸
320 4401 478 4466 [Vide
513 4401 750 4465 Respons.
781 4401 922 4450 'Porti
957 4417 1006 4464 p.
1031 4404 1077 4450 9.
1113 4400 1249 4450 Edit.
1340 4402 1451 4450 640.
1479 4401 1561 4456 A]

202 4466 388 4526 Polit·;
442 4471 496 4517 et
541 4466 665 4516 Bell.
722 4466 833 4530 Op„
877 4475 1000 4515 tom.
1025 4466 1111 4514 vii.
1159 4467 1250 4515 col.
1404 4464 1427 4496 b
1465 4465 1630 4531 [Vide
1658 4465 1819 4516 Plaut.
1846 4467 2066 4517 Mostell.
2091 4466 2186 4515 111.
2218 4468 2262 4515 1.
2284 4466 2389 4533 22]
