3165 4959
1023 347 1385 395 APOLOGIAM
1428 347 1791 397 nrsronsm.
2389 337 2518 398 259

312 501 636 565 Cardinali
675 501 1177 584 responderent;
1227 499 1352 566 nec'
1376 502 1456 565 de
1498 503 1936 566 accidentibus
1979 501 2099 565 sibi
2143 525 2312 567 curae
2357 525 2513 566 esse.

313 603 440 665 Sed
471 611 538 666 et
572 604 704 666 Leo
733 603 826 666 ibi
866 604 1030 667 nihil
1074 606 1319 681 asserit,
1366 605 1513 682 nisi,
1545 625 1649 668 eos
1676 608 2037 687 sanquinem
2082 608 2517 688 redemptionis

308 711 535 768 nost-rae
586 727 708 769 non
759 708 1034 769 haurire.
1127 709 1282 771 Non
1335 709 1636 781 haurire,·
1701 709 2001 773 simulare
2047 719 2288 787 tamen,
2336 711 2515 793 quasi

307 807 646 872 hauriant:
717 810 1030 872 Pitissare
1088 809 1330 874 scilicet
1387 812 1762 894 pauxillum,
1813 833 1923 875 ore
1983 813 2333 890 continere,
2394 834 2514 876 nec

307 911 585 986 haurire,
628 932 934 994 exspuere
981 912 1155 975 enim
1196 921 1360 996 post,
1412 914 1524 977 sed
1570 914 1853 993 interim,
1902 915 2082 997 quasi
2128 915 2512 993 hausissent,

309 1013 630 1077 simulare.
718 1015 817 1077 Eo
846 1015 1020 1078 enim
1049 1023 1359 1098 spectant,
1387 1037 1527 1099 quae
1557 1018 1694 1080 Leo
1724 1018 1944 1081 statim
1977 1017 2254 1101 subjicit.
2338 1018 2517 1090 Quod

308 1116 448 1177 ideo
499 1120 769 1177 vestram
818 1118 1096 1179 volumus
1145 1118 1308 1179 scire
1358 1120 1776 1196 sanctitatem,
1830 1125 1901 1180 ut
1946 1119 2119 1182 vobis
2165 1121 2512 1200 hujusmodi

309 1219 582 1280 homines
626 1224 685 1280 et
731 1220 830 1281 his
873 1217 1342 1300 manifestentur
1379 1221 1633 1283 indiciis
1650 1247 1673 1293 ;
1721 1228 1801 1298 et,
1848 1242 2106 1302 quorum
2136 1222 2512 1302 deprehensa

295 1319 506 1398 suerit
544 1323 855 1403 sacrileya
882 1323 1220 1400 simulatio,
1252 1324 1454 1385 notati
1489 1329 1550 1385 et
1566 1324 1817 1404 proditi
1847 1344 1887 1384 a
1920 1324 2293 1386 Sanctorum
2318 1327 2512 1387 socie-

312 1428 442 1506 tate
466 1423 858 1486 Sacerdotali
888 1426 1262 1488 auctoritate
1279 1427 1623 1506 pellantur.
1703 1426 1853 1489 Fuit
1884 1448 2037 1509 ergo
2067 1427 2278 1510 aliqua
2297 1428 2510 1490 Mani-

311 1527 614 1587 chaeorum
640 1527 948 1608 sacrileya
977 1528 1312 1606 simulatio,
1346 1549 1384 1591 a
1413 1529 1535 1611 piis
1566 1528 1854 1592 notanda
1883 1537 1948 1592 et
1978 1528 2325 1612 prodenda.
2390 1530 2512 1592 Illa

310 1648 459 1690 vero
491 1629 679 1710 quae?
767 1630 1021 1712 Nempe
1051 1630 1212 1692 illud
1241 1631 1313 1693 in
1342 1630 1496 1694 vitio
1527 1631 1711 1715 ponit
1743 1633 1896 1709 Len,
1933 1631 2101 1714 quod
2134 1633 2511 1713 Sanquinem

307 1730 744 1810 redemptionis
787 1737 1012 1794 nostrae
1055 1734 1311 1796 haurire
1341 1735 1687 1809 declinent;
1728 1734 1917 1817 jubet
1965 1742 2186 1797 autem
2223 1755 2300 1796 eo
2343 1733 2508 1797 indi-

309 1831 408 1894 cio
436 1833 648 1895 notari
677 1839 742 1895 et
772 1834 975 1916 prodi,
1000 1834 1190 1918 jubet
1211 1837 1586 1918 sacrileyam
1616 1838 2073 1899 simulationem
2098 1836 2507 1919 deprehendi.

311 1935 673 1998 Intervenit
713 1957 865 2019 ergo
909 1938 1220 2019 sacrileya
1262 1939 1601 2016 simulatio,
1636 1939 1812 2015 dum,
1847 1939 2017 2021 quod
2048 1960 2153 2001 ore
2181 1946 2508 2016 sumerent,

308 2038 565 2099 haurire
606 2044 825 2102 tamen
871 2039 1298 2113 declinarent;
1346 2063 1538 2124 quam
1584 2042 1798 2104 notari
1827 2042 1966 2104 vult
1998 2047 2065 2105 et
2096 2041 2507 2123 deprehendi,

311 2145 386 2201 ut
428 2139 726 2222 deprensi
760 2142 1086 2220 pellantur
1130 2143 1442 2206 Ecclesia.
1536 2144 1713 2209 Quid
1757 2165 1917 2226 opus
1957 2150 2175 2206 autem
2217 2145 2424 2206 notari
2474 2167 2511 2206 a

313 2240 629 2319 fidelibus,
663 2243 836 2325 quod
865 2242 1121 2322 haurire
1153 2244 1549 2309 declinarent
1581 2247 1959 2329 sanguinem
1982 2273 1998 2323 3
2044 2253 2156 2309 aut
2188 2247 2508 2329 quomodo

307 2342 508 2406 latere
538 2365 613 2406 eo
634 2343 825 2422 facte,
850 2346 949 2409 vel
980 2346 1218 2429 proditi
1248 2347 1327 2411 de
1351 2368 1447 2426 eo,
1472 2348 1762 2411 Ecclesia
1782 2350 1961 2428 pelli,
1983 2348 2106 2410 nisi
2136 2349 2423 2412 simulate
2441 2350 2515 2410 id

308 2447 645 2511 facerent?
691 2447 982 2512 latebant
1034 2449 1312 2532 quidem,
1360 2471 1436 2515 eo
1482 2451 1652 2533 quod
1707 2452 1963 2514 haurire
2009 2472 2075 2515 se
2113 2451 2507 2529 simulabant,

308 2572 429 2613 nec
457 2550 841 2613 hauriebant
868 2558 1089 2616 tamen
1104 2579 1124 2630 3
1174 2554 1254 2617 de
1286 2576 1410 2637 quo
1441 2554 1843 2638 deprehensi,
1876 2566 2187 2637 tanquam
2218 2561 2283 2617 et
2312 2556 2509 2616 sacri-

310 2652 476 2732 leyii,
537 2660 603 2715 et
658 2654 1072 2717 simulationis
1129 2656 1242 2731 rei,
1294 2657 1600 2720 Censuris
1659 2657 1964 2719 Ecclesiae
2022 2656 2253 2718 merito
2327 2664 2509 2718 erant

309 2752 599 2817 feriendi.
671 2757 847 2819 Nam
866 2757 1274 2839 Augustinus
1307 2765 1373 2821 et
1402 2758 1804 2841 Epiphanius
1835 2759 2000 2822 inter
2029 2779 2272 2820 errores
2297 2759 2510 2819 Mani-

311 2856 612 2917 choeorum
642 2875 966 2920 numerare
999 2880 1135 2922 non
1164 2867 1480 2941 poterant,
1515 2859 1626 2941 qui
1662 2859 1881 2922 nullus
1913 2866 2066 2922 erat.
2159 2860 2312 2922 Non
2338 2859 2512 2921 enim

311 2955 646 3020 admovere
692 2958 784 3021 ori
814 2960 1176 3023 renuebant
1217 2960 1500 3038 calicem,
1537 2962 1653 3023 sed
1684 2962 1941 3023 haurire
1983 2961 2390 3032 simulabant,·
2436 2968 2513 3022 ut

310 3079 488 3121 error
517 3081 649 3123 non
678 3060 875 3124 fuerit
903 3062 1249 3141 notandus,
1282 3064 1394 3126 sed
1424 3063 1754 3145 prodenda
1780 3064 2112 3129 simulatio.

379 3193 493 3242 Mos
513 3199 622 3244 erat
642 3196 1013 3259 antiquissimis
1033 3196 1362 3260 temporibus,
1374 3200 1449 3257 ut,
1472 3199 1561 3260 qui
1582 3198 1787 3258 vellent,
1806 3197 2177 3248 Eucharistiam
2201 3198 2256 3247 iu
2279 3197 2514 3246 manibus

441 3280 713 3336 sumerent,
730 3291 788 3327 ac
810 3278 1019 3327 domum
1040 3277 1295 3328 deferrent
1315 3280 1629 3340 sumendam,
1645 3294 1760 3329 cum
1784 3280 1858 3329 eis
1882 3286 2223 3345 opportunum
2239 3281 2510 3330 videretur.

444 3357 528 3421 [Id
550 3362 763 3408 testatur
784 3359 1125 3409 Tertullianus
1140 3359 1179 3420 ¹¹,
1204 3360 1487 3410 &c—Bell.
1512 3362 1661 3424 Apol.
1688 3376 1779 3425 pro
1803 3361 1972 3426 Resp]
2009 3377 2056 3425 p.
2084 3364 2193 3412 104.
2231 3361 2363 3426 [Op.,
2386 3366 2509 3409 tom.

443 3441 528 3489 vii.
564 3440 657 3489 col.
676 3442 786 3491 763.
813 3440 897 3504 Α.]

380 3629 402 3660 ¹¹
437 3628 622 3694 [“Non
644 3630 769 3680 sciet
790 3630 1017 3691 maritus,
1035 3631 1158 3693 quid
1176 3636 1364 3681 secreto
1451 3634 1539 3680 τοῦ
1559 3633 1681 3679 λαοῦ
1701 3635 1874 3682 λαβεῖν
1895 3631 1986 3691 τὴν
2006 3635 2173 3695 μοῖραν
2194 3631 2508 3695 δτιτρόπουσι.

315 3698 434 3743 ante
458 3708 660 3744 omnem
694 3694 864 3744 cibum
896 3697 1103 3757 gustes't
1135 3699 1189 3744 et
1211 3696 1254 3744 si
1276 3695 1367 3744 sci·
1452 3694 1743 3744 —S.Clem.
1777 3695 1926 3743 Alex.
1953 3695 2136 3745 Strom.
2175 3697 2265 3744 lib.
2286 3697 2318 3744 i.
2346 3699 2508 3760 esp.l.

312 3759 444 3806 verit.
465 3772 664 3821 panem,
680 3772 782 3807 non
799 3758 948 3808 illum
969 3758 1130 3809 credit
1150 3774 1255 3809 esse
1279 3761 1367 3822 qui
1452 3774 1501 3823 p.
1529 3762 1641 3809 318.

312 3821 559 3871 dicitur3”
610 3826 627 3878 (
697 3823 778 3871 nis
821 3823 926 3873 scil.
973 3822 1365 3886 Eucharisticus)
1520 3825 1600 3872 Ἐν
1631 3820 1962 3887 Ἀλεξανδρείᾳ
2006 3822 2057 3872 ὃὸ
2091 3824 2167 3873 καὶ
2205 3825 2255 3871 δν
2290 3822 2515 3884 Αἰγύπτῳ

311 3886 513 3935 —Tert-
547 3885 613 3936 nd
688 3901 791 3936 xor.
834 3887 921 3936 lib.
944 3888 998 3936 ii.
1045 3902 1151 3951 cap.
1177 3891 1220 3937 5.
1258 3888 1369 3951 Op.,
1455 3886 1663 3937 ἕκαστος
1686 3888 1766 3936 καὶ
1797 3890 1892 3935 ‘resin
1925 3889 1977 3935 ἐν
2009 3890 2112 3950 λαᾷ
2144 3887 2428 3947 τελούντων,
2454 3890 2515 3938 ὥς

312 3964 361 4012 p.
378 3953 487 3999 169.
509 3950 566 3999 B.
1456 3952 1533 4000 ἐπὶ
1567 3952 1626 4000 τὸ
1657 3953 1904 4007 πλεῖστον,
1943 3950 2047 4012 ἔχει
2084 3951 2328 4001 κοινωνίαν
2365 3953 2414 4000 ἐν
2448 3953 2517 4013 τᾷ

384 4014 497 4063 “Et
532 4014 677 4074 alius,
713 4015 801 4077 qui
843 4018 897 4064 et
932 4015 951 4063 i
1075 4016 1369 4075 maculatus,
1459 4018 1575 4077 οἴκῳ
1630 4017 1791 4074 αὐτοῦ,
1837 4016 1915 4064 καὶ
1961 4016 2042 4081 δ’νς,ι
2089 4014 2333 4074 βούλεται,
2377 4035 2516 4075 μετα-

311 4078 555 4129 sacrificio
571 4094 603 4128 s
618 4078 873 4129 sacerdote
895 4094 952 4128 ce
972 4080 1161 4139 ebrato,
1174 4085 1371 4142 partem
1460 4079 1698 4140 λαμβάνει
1723 4081 1779 4128 δι’
1803 4080 2102 4129 ἑαυτοῦ-8.
2122 4080 2231 4129 Bas.
2270 4080 2360 4142 Ep.
2378 4080 2517 4129 xciii.

311 4156 430 4190 cum
464 4144 661 4192 caeteris
695 4157 847 4192 susus
884 4146 963 4192 est
1000 4144 1219 4194 latenter
1252 4145 1375 4193 acci·
1462 4144 1649 4194 Bened.
1692 4144 1774 4205 (al.
1813 4144 2089 4206 cclxxxix.)
2127 4144 2192 4193 ad
2231 4143 2513 4194 Caesariam.

311 4220 462 4267 pere:
499 4212 729 4256 sanctum
758 4207 966 4256 Domini
1000 4207 1146 4257 edere
1178 4212 1231 4258 et
1264 4223 1374 4258 con-
1461 4208 1572 4271 Op.,
1624 4212 1747 4257 tom.
1772 4208 1846 4255 iii.
1881 4223 1930 4272 p.
1956 4209 2068 4259 187.
2094 4210 2156 4257 Α.

313 4273 527 4319 tractare
559 4285 661 4320 non
756 4272 874 4331 tuit,
908 4273 1128 4323 cinerem
1161 4272 1289 4321 ferre
1322 4287 1375 4321 se
1525 4271 1658 4321 “An
1679 4272 1809 4321 alius
1830 4272 1886 4320 in
1906 4272 2124 4333 publico.
2143 4272 2272 4322 alius
2293 4273 2349 4321 in
2366 4271 2516 4321 domo

313 4335 503 4395 apertis
545 4336 684 4384 mani
722 4350 782 4384 us
818 4337 1058 4385 invenit.''
1079 4363 1138 4373 —
1164 4335 1213 4384 S.
1250 4336 1375 4400 Cyp-
1461 4335 1694 4385 Christus
1728 4338 1836 4385 est?
1891 4336 2035 4393 Quod
2067 4338 2124 4386 in
2161 4336 2381 4386 Ecclesia
2413 4351 2518 4386 non

311 4399 442 4445 risu.
468 4397 532 4448 de
557 4399 749 4461 Lapsis.
787 4398 897 4463 Op.,
932 4415 979 4463 p.
1005 4401 1115 4450 133.
1462 4401 1597 4459 licet,
1632 4414 1724 4449 nec
1754 4399 1892 4449 domi
1930 4400 2209 4450 licet.”—S.
2243 4400 2382 4450 Hier.
2425 4402 2516 4465 Ep.

376 4459 443 4525 ’ῌ
489 4464 568 4511 καὶ
616 4466 709 4521 τήν
754 4465 1076 4526 Εὐχαριστίιυν
1121 4464 1247 4515 τινὲς
1287 4468 1378 4514 δια·
1464 4464 1626 4513 xlviii.
1652 4464 1787 4513 Vall.
1813 4465 1893 4525 (al.
1917 4464 1950 4512 l.
1998 4480 2083 4514 seu
2107 4465 2261 4515 Liber
2281 4467 2428 4530 Apol.
2453 4467 2518 4516 ad

318 4524 575 4584 νείμαντες,
624 4529 684 4576 ὥς
724 4527 843 4585 ἔθος,
889 4532 1034 4577 αὐτὸν
1073 4528 1131 4587 δὴ
1171 4527 1380 4578 ἕκαστον
1466 4527 1752 4579 Pammach.
1789 4543 1882 4591 pro
1914 4529 1954 4578 li
1991 4531 2060 4578 ris
2093 4535 2266 4580 contra
2298 4531 2517 4581 Jovinia-

1887 4613 2002 4672 s2

2629 916 2746 976 191
