3165 4959
908 359 1275 408 APOLOGIAM
1318 359 1561 409 RESPON
1564 360 1683 408 810.
2327 349 2409 410 35

270 518 639 582 Nobiscum
672 538 825 581 vero
863 538 1165 601 perparce
1207 517 1377 601 agit:
1427 517 1775 581 Contrudit
1815 516 1989 581 enim
2019 518 2086 579 in
2117 519 2410 600 anyulum
2543 515 2628 578 28

191 624 670 704 Septemb-ionis.
760 623 1061 686 Etiamne
1093 624 1383 704 anyulum
1402 625 1435 685 ,9
1509 624 1602 686 At
1631 630 1878 685 rectum
1911 643 2063 705 ergo
2094 623 2405 704 angulum.
2433 630 2738 707 [Lutherani

190 728 432 790 Vestro
463 727 641 790 enim
702 728 930 808 angulo
982 727 1330 808 aequalem:
1396 735 1625 804 vestm,
1677 747 1858 809 aeque
1917 735 1983 789 et
2029 727 2236 789 latum
2294 748 2410 809 per
2433 696 2651 821 ἓξὲξ
2683 712 2715 744 ³

189 831 432 909 omnia,
466 839 533 893 et
564 850 886 912 capacem.
947 830 1033 893 Et
1064 838 1382 893 terrarum
1415 832 1677 913 any-ulus
1705 830 1831 909 hic,
1858 852 1935 893 ex
1960 852 2085 914 quo
2118 830 2406 908 decessit,

188 936 345 996 mire
374 933 551 995 vobis
582 932 896 1013 deformat
924 934 1237 1015 ayellumq.
1298 934 1514 996 Narro
1544 940 1763 996 autem
1789 933 2148 997 Cardinali:
2197 935 2412 1014 anyuli

190 1038 389 1122 hujus
423 1037 479 1099 si
512 1041 744 1100 coeant
781 1037 980 1099 semel
1023 1037 1244 1116 latera,
1278 1044 1342 1100 et
1373 1037 1537 1100 serio
1567 1037 1733 1100 vires
1774 1039 2174 1121 conjungant
2193 1063 2211 1114 3
2261 1058 2410 1100 vere

190 1164 303 1205 vos
333 1143 600 1223 anyulos
631 1162 934 1223 quaerere,
967 1162 1111 1204 vere
1156 1141 1228 1203 in
1257 1142 1548 1223 anqulum
1577 1148 1822 1204 vosmet
1867 1141 2145 1224 aliquem
2175 1140 2409 1204 abdere

192 1253 543 1329 oporteret,
594 1265 725 1326 prae
776 1244 951 1306 illius
1004 1244 1218 1326 anguli
1268 1252 1467 1321 metu,
1517 1265 1708 1326 quem
1753 1245 1892 1328 jam
1942 1244 2036 1307 ita
2082 1245 2412 1308 fastidiose

195 1348 521 1433 spernitis.
616 1347 745 1410 Sed
788 1368 960 1409 mare
999 1354 1059 1410 et
1099 1348 1345 1409 aridam
1394 1369 1529 1411 non
1574 1348 1923 1423 civ-enimes,
1955 1356 2030 1410 ut
2062 1350 2415 1429 proselytos

195 1456 528 1518 lucremur
552 1463 574 1491 ¹
591 1476 609 1528 3
688 1453 949 1529 scilicet,
1012 1454 1368 1515 Phari-mos
1441 1474 1573 1515 non
1649 1452 2002 1530 imitamur,
2065 1453 2235 1535 quod
2301 1475 2412 1516 vos

197 1568 466 1621 strenue
524 1557 754 1621 facitis.
863 1558 951 1621 Et
1009 1565 1232 1620 tamen
1290 1557 1331 1619 J
1336 1558 1558 1621 esuitae
1618 1556 1831 1634 vestri,
1887 1556 2082 1619 etiam
2142 1557 2414 1640 trajccto

197 1664 384 1740 mari,
411 1683 560 1725 cum
583 1662 882 1739 redeunt,
908 1663 972 1723 in
985 1661 1134 1742 foro
1160 1684 1280 1724 non
1301 1663 1587 1737 saltant⁸,
1616 1661 1800 1743 quasi
1830 1669 2087 1725 strenue
2111 1670 2294 1745 gesta
2317 1683 2384 1724 re
2391 1687 2408 1738 ς

200 1776 266 1830 et
314 1767 441 1829 iter
485 1786 672 1828 suum
712 1766 754 1827 J
758 1765 1097 1847 aponicum
1144 1772 1413 1828 narrant
1459 1766 1540 1828 ad
1590 1764 1921 1848 gloriolam
1963 1766 2166 1849 magis
2208 1787 2410 1844 suam,

200 1892 397 1954 quam
432 1868 602 1952 quod
642 1868 795 1931 inde
840 1867 1115 1932 accessio
1159 1869 1292 1931 ulla
1326 1868 1409 1932 sit
1454 1868 1536 1931 ad
1564 1868 1759 1932 fidem
1806 1870 1972 1932 seria
1999 1870 2097 1932 vel
2144 1870 2410 1948 sincera,
2743 1874 2766 1911 V

200 1974 301 2036 vel
332 1993 646 2055 magnum
677 1971 938 2055 aliquod
966 1971 1270 2035 Ecclesiae
1313 1971 1810 2035 incrementum.
1904 1973 2292 2056 Hypocritas
2324 1973 2413 2036 ibi

199 2079 471 2155 faciunt,
522 2079 707 2159 duplo
757 2099 940 2160 quam
997 2099 1082 2153 se,
1131 2077 1308 2158 filios
1363 2076 1702 2139 Gehennoe‘
1722 2104 1742 2150 ;
1821 2077 2224 2142 Christianos
2281 2101 2414 2142 non

198 2183 491 2258 faciunt3
540 2187 608 2245 et
640 2182 750 2263 qui
780 2182 946 2245 fiunt
988 2188 1229 2260 tamen,
1262 2182 1528 2243 militum
1567 2202 1677 2244 eos
1724 2186 1928 2243 terror
1956 2183 2188 2265 potine,
2223 2204 2416 2265 quam

198 2288 591 2351 Imitarum
619 2286 822 2348 suada
852 2284 973 2348 sibi
1000 2284 1304 2348 vindicat.

269 2443 328 2464 =
355 2423 424 2474 ad
458 2422 709 2474 Graeciam
748 2422 1001 2487 appellere
1035 2426 1245 2481 conatae,
1286 2436 1401 2471 cum
1442 2422 1726 2485 ignominia
1764 2422 1979 2487 repulsae
2014 2426 2250 2473 sunt·.-
2270 2421 2420 2488 [Bell.

332 2506 493 2570 Apol.
521 2521 613 2570 pro
636 2504 807 2569 Resp]
828 2520 876 2568 p.
897 2508 942 2556 9.
967 2504 1100 2570 [Op.,
1123 2509 1245 2555 tom.
1265 2497 1361 2554 vii.
1377 2505 1469 2555 col.
1488 2508 1599 2557 709.
1624 2504 1678 2555 C.
1705 2504 1797 2568 D.]

290 2624 475 2687 Nam
506 2623 584 2684 de
619 2622 864 2684 Graecia
896 2627 1153 2698 tentata,
1184 2621 1429 2684 factum
1467 2621 1533 2684 id
1564 2622 1645 2685 ab
1677 2644 1810 2685 uno
1841 2630 1954 2684 aut
2000 2622 2222 2698 altere,
2254 2626 2420 2682 motu
2448 2628 2499 2693 [a
2515 2627 2720 2705 Graecis,

203 2748 320 2789 suo
369 2726 658 2807 proprio,
720 2745 855 2787 non
902 2724 1167 2805 publicoe
1227 2725 1555 2806 Ieyatiom's
1612 2726 2003 2787 interventu.
2095 2724 2284 2800 Tum,
2340 2722 2419 2785 dc
2447 2698 2505 2742 ¹¹¹⁵
2521 2708 2616 2755 11281
2632 2707 2748 2756 ‘²¹¹⁰‘

2482 2772 2543 2806 ue
2564 2757 2656 2805 Ro-

204 2832 458 2913 repulsa
495 2851 687 2911 quam
724 2835 947 2892 narrat
966 2854 982 2903 ς
1032 2851 1165 2891 non
1195 2829 1378 2891 valde
1415 2829 1706 2905 referret,
1748 2828 1982 2910 (credo)
2023 2829 2075 2890 si
2116 2848 2256 2890 eam
2300 2849 2418 2890 nos
2443 2773 2723 2882 genuenses,

204 2936 395 2998 smel
420 2933 612 3017 passi,
645 2955 839 3016 quam
868 2955 976 2995 vos
1017 2933 1358 2996 duodecies.
1452 2934 1576 2996 Tot
1622 2931 1817 3011 enim,
1850 2932 1949 2995 vel
1990 2954 2027 2995 a
2054 2931 2232 2995 vobis
2262 2931 2418 3015 ipsis
2443 2886 2677 2952 repulsi]

206 3038 480 3123 repudia
510 3043 984 3098 numerantur&
1077 3036 1452 3100 Graecorum
1483 3058 1603 3114 ree,
1629 3058 1754 3119 quo
1784 3036 1854 3099 in
1885 3044 2059 3099 statu
2091 3035 2243 3115 sint,
2276 3036 2418 3119 quis

206 3143 463 3207 nescit?
522 3141 875 3223 Utcunque
917 3140 1315 3223 propendere
1352 3162 1421 3204 se
1457 3141 1675 3205 auimo
1719 3164 1849 3205 non
1892 3141 2317 3219 dissimulent,
2351 3148 2417 3204 et

209 3247 509 3332 quaedam
551 3245 742 3308 malle
793 3243 1139 3307 reformata
1189 3244 1258 3306 in
1309 3244 1574 3308 melius:
1640 3253 1879 3323 tamen,
1935 3247 2086 3328 (quo
2127 3247 2265 3330 jam
2316 3267 2419 3309 res

208 3373 437 3416 eorum
485 3349 628 3413 loco
674 3349 851 3430 sunt)
899 3348 1026 3410 nisi
1069 3347 1430 3412 inhaereant
1476 3349 1762 3432 singuliS,
1797 3371 1939 3433 quae
1985 3351 2095 3414 diu
2133 3350 2418 3429 fuerunt,

209 3477 486 3541 quaeque
536 3455 705 3546 jam,
736 3459 910 3531 sunt,
949 3453 1418 3535 periclitabitur
1468 3458 1558 3519 eis
1603 3479 1765 3538 pars
1810 3461 1878 3521 in
1923 3460 2423 3543 reclamationem

209 3564 475 3626 venire&
522 3559 731 3622 Valde
762 3559 936 3621 enim
964 3565 1285 3639 verentur,
1312 3581 1395 3623 ne
1427 3561 1682 3626 deficiat
1711 3563 1984 3646 populus
2015 3564 2095 3626 ad
2125 3565 2421 3639 Turcam‚

210 3669 263 3730 si
312 3668 389 3730 in
442 3664 647 3728 veteri
703 3664 886 3727 cultu
934 3663 1036 3727 vel
1085 3664 1313 3727 leviter
1371 3664 1699 3748 quidpiam
1758 3667 2090 3729 immutari
2140 3666 2421 3729 videant.

214 3770 434 3854 Magis
465 3775 687 3831 autem
717 3766 946 3846 adhuc,
972 3766 1027 3829 si
1070 3766 1223 3849 quid
1253 3767 1324 3830 in
1355 3767 1630 3850 gratiam
1662 3766 2093 3831 Occidentalis
2124 3767 2427 3832 Ecclesiae

272 3933 294 3964 ⁸
364 3922 505 3973 Vide
530 3921 708 3971 Horat.
731 3919 836 3970 Sat.
853 3919 908 3970 ii.
934 3922 979 3971 6.
1003 3918 1073 3983 9.]
1362 3920 1497 3970 Eccl.
1521 3925 1646 3971 tom.
1670 3919 1841 3978 xviii„
1864 3919 1929 3971 ad
1950 3935 2069 3970 ann.
2095 3922 2238 3971 1451.
2264 3920 2420 3970 Num.

273 3998 293 4022 ¹
360 3988 515 4038 Matr..
538 3987 684 4036 xxiii.
712 3986 819 4049 15.]
1364 3987 1397 4035 i.
1423 3986 1495 4045 ii.,
1533 3986 1590 4034 in
1635 3999 1735 4048 qua
1769 3985 1905 4035 inter
1941 3985 2043 4035 alia
2080 3987 2155 4036 ita
2187 3986 2423 4049 legimus,

275 4064 293 4086 ⁸
361 4053 443 4102 cf.
470 4052 589 4101 Luc.
611 4052 702 4101 vii.
724 4049 833 4113 32.]
1364 4054 1395 4079 ⁴⁶
1420 4050 1623 4100 Infiniti
1668 4053 1912 4100 tractatus
1949 4051 2279 4110 intervenere,
2319 4051 2426 4113 plu·

274 4122 290 4150 ⁸
358 4118 511 4167 matt.
535 4116 683 4166 xxiii.
701 4116 826 4178 15·].
1365 4116 1497 4166 rima
1514 4120 1636 4164 sunt
1657 4114 1905 4164 celebrata
1927 4115 2168 4170 Concilia„
2194 4116 2425 4163 innume·

276 4191 301 4214 ¹¹
340 4182 509 4261 [vide
576 4180 834 4244 Sponden.
897 4180 1036 4230 Anu.
1093 4181 1275 4231 Baton.
1364 4181 1549 4230 rabiles
1570 4180 1728 4242 legati
1761 4180 1818 4228 in
1850 4179 1977 4229 hanc
2016 4194 2123 4229 rem
2161 4179 2425 4237 destinati,

212 4246 631 4298 Coutmadann.
652 4247 797 4296 1575.
833 4243 885 4293 N
888 4259 990 4294 um.
1006 4245 1128 4296 xvii.
1152 4250 1277 4296 tom.
1365 4251 1424 4294 nt
1448 4250 1552 4295 tam
1593 4251 1740 4293 atrox
1772 4244 1956 4293 vulnus
1988 4246 2044 4293 in
2076 4245 2170 4293 Dei
2205 4242 2428 4293 Ecclesia

214 4315 267 4362 ii.
292 4328 377 4377 pp.
404 4314 520 4370 751,
537 4311 676 4371 752]
1366 4310 1673 4359 sanaretur.··
1697 4309 1878 4359 Confer
1899 4324 2094 4372 quoque
2118 4308 2426 4372 Sophianam

275 4388 295 4409 ¹
325 4378 426 4441 [De
441 4377 587 4426 vanis
607 4374 674 4425 td
690 4374 912 4425 schisma
930 4376 1064 4425 inter
1078 4374 1280 4425 Graecoe
1367 4374 1815 4436 Pseudosynodum
1880 4375 2013 4424 circa
2079 4389 2159 4424 an.
2214 4376 2426 4423 1450.--

215 4447 265 4493 et
294 4442 550 4493 Romanoa
586 4439 961 4491 resarciendum
997 4441 1277 4499 conatibus,
1368 4439 1556 4489 Concil.
1584 4444 1702 4488 tom,
1731 4439 1840 4487 xiii.
1867 4440 1976 4489 coll.
2006 4442 2149 4497 1365,
2174 4437 2298 4501 seq]

218 4508 331 4558 vide
383 4506 602 4571 Epistol.
666 4505 874 4554 Nicolai
913 4505 1064 4568 I'apoe
1102 4505 1167 4553 V.
1214 4505 1280 4554 ad
1430 4512 1453 4535 ¹
1491 4505 1635 4568 [Act.
1663 4504 1840 4568 Apost.
1865 4506 1969 4554 xix.
1993 4507 2070 4557 27.
2099 4504 2279 4568 vulg]

220 4573 536 4624 Constantia
556 4569 744 4636 lmper.
761 4569 899 4633 apud
918 4569 1160 4632 Baynald.
1184 4572 1279 4617 An.

1786 4656 1914 4716 1³2
