3165 4959
901 352 909 362 ··
999 356 1368 406 AromGIAM
1410 358 1774 408 ΒΕεΡοΝειο.
2375 341 2497 408 181

280 507 539 573 solenni
569 509 703 572 ritu
734 508 1113 573 dedicarunt
1140 536 1154 574 ε
1223 512 1402 575 Dum
1432 512 1604 576 bona
1631 512 1759 575 fide
1789 517 2043 575 constet
2074 532 2211 574 rem
2243 512 2399 594 geri,
2433 521 2500 576 et

278 612 682 694 superfluum
739 610 1080 691 bonorum,
1132 613 1299 696 quod
1352 614 1661 678 Ecclesiae
1710 613 1981 692 decedit,
2034 613 2297 677 accedat
2346 614 2499 677 Rci-

273 714 577 797 publicae.
671 705 822 792 Qui,
854 735 1004 778 cum
1042 716 1463 779 Tabernaculo
1513 717 1724 780 oblata
1766 719 2134 801 sufficerent,
2179 718 2374 779 vetuit
2421 738 2498 780 ne

273 819 549 898 amplius
579 816 927 899 offmenti,
960 817 1164 881 videri
1192 825 1407 901 potest
1436 841 1758 903 passuruS,
1798 822 1941 903 (nec
1969 819 2238 903 invitus)
2274 820 2496 884 reduci

271 919 543 1003 aliquid,
576 920 634 982 si
662 919 864 983 nimio
904 919 1050 1004 plus
1091 920 1501 986 obtulissent.
1592 923 1680 985 Et
1710 922 1912 986 nimio
1940 923 2086 1005 plus
2116 922 2494 986 obtulerunt

272 1023 569 1106 Majores
599 1023 842 1087 nostri:
889 1044 1009 1087 nec
1039 1024 1247 1087 ullum
1277 1025 1398 1089 sibi
1429 1024 1694 1089 modum
1726 1033 2115 1105 statuenmt,
2140 1027 2241 1090 vel
2271 1028 2490 1105 finem,

274 1126 685 1190 Monasteria
743 1125 929 1191 donis
989 1129 1384 1193 cumulandi.
1479 1130 1596 1193 Sat
1656 1137 1793 1193 erat
1851 1151 2188 1214 superque,
2247 1130 2320 1193 in
2379 1131 2495 1193 illa

271 1236 463 1292 tanta
501 1230 890 1313 profusione,
924 1232 1098 1294 unde
1143 1239 1210 1295 et
1243 1232 1549 1296 Ecclesiae
1593 1231 1848 1296 abunde
1892 1233 2186 1316 prospici,
2218 1233 2394 1298 unde
2424 1239 2491 1297 et

278 1333 450 1416 (quae
479 1332 836 1397 Ecclesiam
865 1336 1142 1417 tutatur)
1180 1334 1574 1418 Reipublicae
1606 1333 1831 1418 seponi
1864 1342 2080 1417 posset
2113 1335 2376 1418 aliquid,
2408 1335 2492 1397 ad

265 1436 448 1499 illius
478 1456 678 1500 onera
706 1436 1105 1519 perferenda.
1183 1439 1486 1501 R‘esecari
1514 1445 1788 1522 poterat,
1821 1438 2097 1501 nimium
2129 1438 2300 1522 quod
2330 1445 2488 1517 erat,

274 1538 452 1622 quod
496 1540 763 1604 modum
806 1539 1096 1618 excessit,
1130 1545 1196 1603 et
1241 1541 1325 1604 ad
1363 1561 1519 1604 usus
1548 1541 1687 1619 hoS,
1719 1540 1858 1623 pios
1890 1539 2171 1623 quidem,
2205 1540 2326 1603 etsi
2354 1561 2488 1603 non

267 1642 604 1727 pristinos,
655 1643 965 1726 impendi.
1053 1643 1358 1722 Tantum,
1412 1651 1487 1708 ut
1545 1644 1761 1708 absint
1818 1644 2103 1727 incoepto
2161 1645 2487 1727 sacrilegae

268 1768 527 1826 manus,
588 1767 733 1824 nec,
794 1746 967 1830 quod
1024 1747 1348 1829 publicam
1399 1769 1536 1812 rem
1596 1769 1822 1831 capere
1881 1748 2188 1831 oportuit,
2236 1749 2486 1832 privata

265 1848 661 1933 intercipiat.
750 1849 947 1927 Nam,
994 1850 1288 1934 populari
1334 1872 1485 1933 opes
1534 1843 1766 1930 sacraS,
1818 1857 1884 1915 et
1934 1851 2017 1915 ad
2068 1872 2221 1916 usus
2266 1853 2483 1918 nescio

271 1974 452 2037 quos,
513 1953 709 2035 (certe
761 1974 989 2037 parum
1037 1953 1269 2036 sacros)
1332 1954 1648 2034 addicere,
1701 1954 1887 2017 bonis
1939 1954 2261 2032 omnibuS‚
2317 1957 2484 2039 Regi

267 2065 426 2121 ante
456 2078 701 2135 omnes,
734 2057 1048 2140 displicet,
1081 2079 1208 2141 quo
1251 2078 1446 2121 nemo
1493 2079 1531 2121 a
1564 2056 1776 2121 Sacris
1806 2056 2161 2121 alienandis
2193 2058 2480 2123 alienior.

267 2162 500 2224 Testor
546 2169 764 2225 autem
809 2161 917 2224 hic
959 2162 1243 2240 Clerum,
1289 2168 1355 2225 et
1406 2161 1719 2245 populum
1768 2162 2164 2224 universum.
2255 2164 2485 2226 Testor

265 2265 465 2346 leges,
514 2264 763 2327 recenti
807 2264 1138 2341 memoria,
1186 2263 1267 2328 ab
1308 2284 1384 2328 eo
1429 2264 1616 2327 latas.
1710 2264 1887 2327 Sciat
1917 2285 2068 2328 vero
2099 2263 2482 2343 CardinaliS,

264 2376 532 2450 totaque
581 2367 741 2431 adeo
789 2367 987 2431 Curia
1038 2368 1353 2446 Romana,
1400 2367 1793 2450 displicuisse
1849 2367 2014 2452 Regi
2059 2368 2483 2451 direptionem

262 2471 490 2551 illam;
538 2471 870 2556 displicere
903 2472 1062 2536 adeo
1094 2492 1373 2550 omnem,
1406 2477 1601 2554 atque
1644 2469 1768 2534 hoc
1807 2470 2059 2553 legibus
2103 2471 2236 2535 suis
2280 2478 2483 2537 testa-

265 2585 413 2639 tum
455 2574 706 2655 fecisse,
753 2576 836 2639 ad
882 2583 1197 2640 aeternam
1244 2576 1480 2638 animae
1527 2596 1661 2638 suae
1709 2575 2004 2653 salutem,
2053 2577 2340 2639 nominis,
2381 2578 2482 2639 sui

264 2679 559 2762 gloriam,
621 2687 689 2742 et
747 2678 1144 2762 posteritatis
1203 2677 1632 2756 memoriam,
1711 2676 1942 2760 quibus
2001 2684 2286 2755 cautum,
2347 2700 2482 2742 non

263 2783 463 2847 modo
495 2783 574 2846 de
605 2804 740 2846 non
769 2783 1122 2845 alienandis
1164 2783 1234 2845 in
1278 2789 1632 2865 posterum,
1663 2781 1777 2844 sed
1820 2802 1941 2845 nec
1982 2781 2054 2844 in
2102 2782 2481 2846 diuturnum

264 2885 529 2968 aliquod
564 2891 823 2968 tempus
869 2885 1192 2949 elocandis
1241 2884 1546 2948 Ecclesiae
1580 2884 1800 2947 fundis
1817 2881 1868 2946 ¹‘.
1961 2885 2069 2948 Ita
2096 2906 2245 2948 vero
2280 2885 2478 2949 int'er-

265 2991 462 3053 clusit
501 2989 654 3052 huic
693 2989 941 3052 aditum
985 3009 1266 3067 omnem,
1312 2994 1388 3051 ut
1434 3010 1569 3052 non
1598 2990 1881 3051 Barones
1917 2990 2102 3072 (quos
2147 2990 2325 3074 dicis)
2365 2998 2479 3057 aut

264 3093 379 3156 alii
414 3093 630 3175 Regni
659 3092 958 3171 Ordines,
1002 3092 1116 3156 sed
1158 3094 1235 3156 1st
1269 3113 1393 3156 nec
1433 3092 1567 3175 ipse
1601 3093 1759 3170 Rex,
1791 3113 1978 3176 gazas
2021 3093 2172 3158 inde
2203 3115 2369 3172 suas,
2401 3115 2480 3159 ex

264 3194 464 3258 rebus
495 3194 637 3257 Deo
670 3194 917 3272 dicatis,
951 3193 1157 3257 ditare
1186 3193 1410 3275 possit.
1499 3195 1711 3277 Reges
1753 3193 1825 3257 in
1871 3215 1947 3257 eo
1991 3193 2128 3278 pios
2167 3194 2476 3273 imitatus,

267 3319 548 3382 quorum
592 3298 801 3361 socius
844 3297 978 3375 fiet,
1009 3306 1077 3360 et
1119 3296 1308 3360 famae
1351 3297 1424 3360 in
1465 3304 1659 3375 terra,
1692 3305 1758 3362 et
1797 3298 2124 3365 memoriae
2165 3299 2240 3363 in
2282 3300 2437 3363 caelo
2453 3325 2475 3377 3

266 3402 521 3485 eritque
567 3402 663 3465 illi
710 3401 853 3479 hoc,
903 3407 969 3465 et
1027 3400 1199 3484 apud
1257 3401 1471 3465 Deum
1530 3410 1888 3484 acceptum,
1949 3409 2016 3465 et
2076 3402 2246 3485 apud
2304 3424 2477 3466 seros

265 3511 537 3587 nepotes
585 3502 953 3585 gloriosum.
1040 3502 1227 3565 Adeo
1270 3502 1368 3565 illi
1408 3503 1794 3584 exemplum,
1836 3502 2008 3586 quod
2050 3524 2294 3580 narraS,
2340 3524 2476 3565 non

261 3608 494 3691 placet,
527 3607 686 3670 adeo
713 3627 932 3669 rerum
954 3604 1259 3668 Ecclesiae
1289 3604 1589 3688 expilatio
1618 3607 1829 3669 omnis
1861 3604 2080 3668 odiosa
2108 3612 2225 3668 est.
2272 3605 2476 3668 Vides

262 3732 437 3793 ergo,
472 3731 667 3792 quam
715 3730 850 3772 non
895 3710 1260 3786 verecunda,
1294 3707 1408 3771 sed
1450 3728 1661 3789 neque
1707 3712 1958 3769 sensata
2005 3706 2328 3769 calumnia
2367 3706 2476 3769 hic

263 3822 397 3877 tua.
490 3816 603 3891 At,
636 3834 914 3877 nemone
946 3814 1086 3876 Rex
1123 3813 1280 3894 (non
1309 3818 1534 3874 tamen
1570 3810 1774 3890 Caput
1803 3808 2124 3889 Ecclesiae)
2162 3808 2472 3888 vendidit,

263 3918 586 3996 distraxit,
621 3917 886 4000 diripuit
915 3915 1170 3995 fundos,
1199 3915 1272 3978 in
1302 3913 1544 3978 ditione
1585 3934 1718 3991 sua,
1749 3911 2249 3990 Ecclesiasticos,
2281 3911 2474 3994 idque

261 4022 525 4085 vidente
583 4028 653 4084 et
709 4041 1098 4084 consensum
1159 4039 1350 4082 suum
1404 4017 1729 4100 praebente
1772 4036 1884 4094 .e0,
1941 4014 2051 4097 qui
2113 4015 2217 4092 Se,
2280 4036 2474 4098 quem

263 4122 625 4189 Cardinalis
683 4123 887 4203 Caput
940 4122 1243 4184 Ecclesioe
1295 4119 1662 4197 declaravit,
1711 4118 2026 4181 Pontifice
2070 4118 2231 4200 ipso,
2279 4138 2472 4200 quem

260 4226 431 4289 male
474 4224 596 4289 hoc
635 4247 771 4289 non
811 4225 1062 4302 habuit,
1097 4224 1290 4307 idque
1332 4229 1406 4285 ut
1451 4221 1766 4285 militibus
1811 4221 1964 4284 inde
2009 4219 2329 4303 stipendia
2371 4241 2472 4283 es-

257 4335 425 4406 sent,
473 4329 558 4392 ad
604 4328 743 4393 sine
789 4327 1226 4392 misericordia
1268 4324 1674 4389 fundendum
1724 4324 2162 4387 Christianum
2210 4324 2468 4406 sangui-

253 4454 407 4497 nem
426 4433 456 4495 ?
550 4431 881 4497 Quorsum
911 4430 1052 4494 haec
1080 4430 1277 4512 igitur
1308 4428 1545 4492 attinet
1574 4426 1917 4491 refricare?

380 4523 406 4599 Β
440 4559 604 4609 Exod.
630 4560 807 4609 mvi.
836 4560 880 4611 7.
1494 4553 1516 4585 ¹¹
1552 4554 1604 4619 [2
1631 4554 1783 4618 (vulg.
1813 4555 1860 4619 1)
1885 4555 2055 4606 Jacob.
2081 4572 2189 4621 cap.
2213 4556 2318 4619 m]

2598 1755 2732 1818 138
