3165 4959
755 339 801 399 4
1377 353 1464 400 An
1510 353 1891 403 cfflnmms
1934 353 2335 402 mmmmm

761 509 1077 573 Caesarem
1126 515 1195 571 et
1246 509 1614 593 Principes3
1691 510 2201 594 expergefaceret
2248 519 2488 588 autem,
2539 510 2595 574 si
2644 509 2816 573 hanc
2860 508 2960 571 in-

763 611 995 675 cudem
1044 611 1387 676 tunderet:
1456 613 1669 677 noluit
1720 615 1997 678 conflare
2046 614 2355 678 invidiam
2403 612 2576 698 apud
2622 634 2750 691 eos,
2805 611 2962 691 Sibi,

762 712 1069 777 Pontifici
1114 734 1271 793 su03
1320 737 1511 798 quam
1554 725 1728 781 certe
1774 718 2102 795 conflaret,
2153 718 2206 780 si
2252 717 2550 781 Pontifici
2590 737 2699 779 eos
2745 716 2837 779 sic
2882 715 2966 779 ad

767 818 1075 901 placitum
1118 822 1544 901 supponendas
1584 828 1644 884 et
1690 822 2074 903 deponendos
2116 821 2504 904 propinaret.
2595 820 2784 884 Nihil
2814 840 2966 903 ergo

767 922 945 1006 prius
991 922 1238 1001 habuit,
1286 945 1478 1005 quam
1536 933 1613 987 ut
1664 924 2010 988 abduceret
2057 947 2166 988 eos
2217 924 2300 987 ad
2348 924 2640 1002 Missam,
2690 924 2964 987 circurn-

773 1026 1033 1090 duceret
1105 1048 1219 1110 per
1280 1028 1606 1110 Reliquias
1671 1030 2076 1105 Sanctorum,
2138 1028 2523 1091 subduceret
2596 1034 2810 1090 autem
2874 1028 2966 1089 eis

775 1129 1163 1194 Quaestionis
1215 1130 1579 1209 Cardinem,
1627 1131 1727 1194 vel
1787 1132 1863 1213 (si
1912 1132 2008 1194 ita
2056 1131 2232 1215 loqui
2277 1132 2490 1213 liceat)
2545 1131 2970 1213 quaestionem

710 1276 718 1285 ,
772 1233 1204 1311 cardinalem,
1242 1234 1324 1296 de
1357 1256 1501 1317 qua,
1549 1234 1628 1297 lis
1672 1236 1951 1318 'primum
1997 1244 2193 1313 mota,
2227 1242 2293 1298 et
2335 1236 2408 1297 in
2455 1256 2599 1317 qua,
2632 1236 2972 1299 communis

769 1358 979 1400 eorum
1037 1358 1227 1400 causa
1277 1338 1567 1401 vertitur.
1664 1339 1898 1416 Quare,
1949 1338 2128 1421 quasi
2178 1338 2344 1401 nihil
2391 1336 2587 1400 etiam
2634 1359 2712 1400 ea
2762 1338 2844 1401 de
2894 1359 2970 1400 re

772 1443 1018 1507 dictum
1047 1465 1341 1527 usquam,
1372 1443 1535 1506 nihil
1568 1465 1758 1527 porro
1789 1442 2151 1521 dicendum,
2182 1443 2277 1505 ita
2303 1463 2440 1505 rem
2472 1449 2676 1505 totam
2710 1441 2971 1505 silentio

570 1554 617 1614 4
771 1549 1024 1631 premit.
1114 1550 1212 1613 Ac
1257 1549 1329 1611 in
1375 1568 1451 1612 eo
1498 1548 1757 1632 quidem
1804 1555 2006 1610 artem
2054 1546 2333 1609 hominis
2376 1545 2590 1623 laudo,
2622 1544 2973 1608 candorem

770 1652 1049 1734 requiro·
1141 1652 1287 1715 Hoc
1317 1651 1491 1714 enim
1520 1651 1616 1713 illi
1646 1659 1798 1714 ante
1828 1650 2048 1714 omnia
2075 1648 2397 1732 agendum
2430 1657 2587 1727 erat,
2623 1655 2700 1710 ut
2732 1649 2972 1728 Caesar,

769 1761 846 1816 ut
908 1754 1139 1836 Reges,
1200 1760 1371 1816 stare
1430 1774 1497 1816 se
1554 1754 1658 1816 vel
1715 1753 1943 1816 cadere
1996 1752 2234 1815 scirent
2278 1751 2361 1815 ad
2411 1752 2743 1816 Pontificis
2801 1752 2975 1816 arbi-

768 1855 989 1919 trium.
1078 1857 1247 1920 Cum
1313 1877 1447 1920 non
1520 1857 1745 1939 egerit,
1806 1857 2004 1920 etiam
2059 1855 2130 1918 in
2187 1855 2315 1919 illis
2376 1877 2517 1938 quae
2572 1855 2774 1920 videri
2828 1858 2976 1921 vult

768 1959 994 2041 egisse,
1026 1958 1191 2021 nihil
1218 1960 1459 2042 egerit:
1524 1980 1641 2023 cur
1687 1960 1811 2023 sibi
1863 1961 2002 2023 Rex
2045 1959 2352 2023 molestus
2387 1979 2576 2041 porro
2617 1958 2702 2021 sit
2722 1960 2752 2021 Ρ
2836 1960 2976 2023 Cur

764 2061 937 2125 illius
1005 2069 1404 2144 nugamenta
1463 2062 1602 2127 haec
1669 2063 1967 2146 respiciat
1996 2065 2026 2127 ?
2103 2063 2236 2127 Cur
2291 2062 2494 2127 bonas
2551 2062 2742 2125 horas
2800 2063 2976 2127 male

763 2163 990 2247 perdat
1006 2165 1036 2227 ?
1124 2163 1323 2228 Aliud
1361 2164 1561 2248 igitur
1606 2174 1790 2248 agat:
1841 2186 2108 2229 excussa
2150 2165 2396 2228 cardini
2437 2165 2577 2248 jam
2607 2166 2820 2229 Causa
2852 2187 2977 2249 per

760 2269 971 2353 ipsum
1007 2269 1420 2337 cardinalem.

442 2375 533 2441 [Ei
556 2390 627 2426 ¹²0-
850 2373 994 2436 Nec
1034 2373 1148 2436 abs
1184 2393 1259 2437 re
1302 2372 1504 2456 igitur
1541 2372 1767 2437 fecisse
1796 2373 2032 2452 'videar,
2076 2374 2248 2457 (quia
2284 2372 2592 2437 nimirum
2637 2373 2743 2437 hic
2787 2376 2973 2439 homo

439 2440 685 2568 ffidffi
766 2478 998 2541 homini
1025 2479 1135 2542 via·
1168 2475 1494 2559 proestath,
1531 2478 1867 2543 Sacellano
1899 2477 2218 2544 Dominus
2248 2500 2476 2561 parum
2518 2478 2810 2557 interest,
2842 2500 2972 2545 nec

438 2570 697 2636 dignum]
764 2582 836 2645 in
854 2583 976 2647 hoc
1006 2603 1196 2666 quam
1225 2581 1338 2645 illo
1367 2581 1510 2664 plus
1539 2582 1873 2660 momenti,
1898 2588 2012 2646 aut
2039 2583 2293 2664 virium)
2326 2583 2381 2646 si
2408 2590 2703 2667 precatus
2726 2604 2766 2645 a
2785 2584 2971 2666 Rege

764 2686 1039 2765 veniam,
1073 2691 1168 2764 ut,
1207 2684 1315 2768 qui
1364 2705 1495 2748 non
1541 2683 1638 2748 ita
1679 2684 1929 2768 pridem
1973 2685 2289 2750 latentem
2333 2683 2450 2749 sub
2494 2686 2670 2749 larva
2709 2687 2971 2752 nescius

765 2811 1099 2874 aggressus
1139 2810 1300 2867 sum,
1347 2787 1647 2865 eundem,
1696 2787 1857 2850 mihi
1902 2787 1998 2850 fas
2042 2787 2128 2850 sit
2172 2788 2460 2870 excipere
2504 2787 2734 2867 denuo,
2770 2798 2973 2854 exuta

763 2894 940 2957 larva
961 2895 1118 2978 jam,
1151 2900 1217 2956 et
1245 2893 1456 2974 «γυμνῇ
1485 2892 1740 2976 κεφαλῇ
1768 2891 2213 2974 prodeuntem.
2285 2892 2447 2958 Quae
2478 2892 2651 2955 enim
2682 2892 2784 2955 vel
2812 2901 2962 2957 tum

766 2994 1003 3076 scripta
1030 2994 1146 3070 illi,
1175 2993 1275 3055 vel
1295 2993 1455 3076 jam,
1486 2991 1702 3055 nescio
1734 3013 1924 3074 quam
1953 2992 2064 3055 illo
2096 2991 2291 3075 digna
2307 3018 2326 3069 3
2374 3000 2547 3057 certe
2576 3015 2710 3057 non
2743 2993 2964 3078 digna,

761 3096 833 3160 in
866 3096 1098 3179 quibus
1132 3095 1295 3177 Regi
1323 3094 1661 3158 brachium
1691 3095 1793 3158 vel
1834 3095 2062 3160 leviter
2100 3097 2518 3161 concalescat.
2609 3099 2966 3183 Praecipue,

764 3220 914 3264 cum
955 3198 1232 3262 necdum
1264 3197 1593 3262 Cardinali
1623 3197 1914 3262 excidere
1944 3200 2146 3284 possit
2174 3201 2261 3280 id,
2295 3202 2376 3265 de
2405 3223 2532 3286 quo
2561 3211 2966 3286 protestatus

766 3305 905 3367 Rex
934 3303 1005 3367 in
1037 3303 1424 3368 Praefatione
1454 3324 1572 3366 sua
1603 3303 1979 3382 Monitoria,
2023 3305 2103 3367 Ut
2131 3325 2208 3368 ne
2236 3307 2337 3368 cui
2366 3306 2484 3387 fas
2509 3304 2687 3387 foret
2715 3308 2970 3390 Praesa-

764 3408 920 3470 tioni
966 3427 1110 3485 suoe,
1156 3409 1279 3470 nisi
1324 3408 1538 3470 eadem
1579 3428 1769 3489 opera
1814 3414 1875 3483 et
1913 3409 2237 3491 Apoloqiae
2280 3410 2469 3473 etiam
2508 3414 2970 3492 responsionem

745 3512 992 3594 justam
1034 3518 1094 3574 et
1139 3512 1486 3594 appositam
1526 3511 1910 3575 adornaret&
2000 3513 2196 3592 Nam,
2228 3535 2424 3596 quam
2454 3537 2493 3579 a
2526 3516 2723 3580 'Porto
2764 3517 2968 3582 habe-

762 3637 928 3695 muS,
958 3636 1043 3679 ne
1074 3615 1370 3678 umbram
1416 3613 1672 3696 quidem
1717 3615 2132 3696 responsionis
2176 3616 2390 3697 habet,
2422 3625 2648 3703 utpote
2693 3619 2765 3683 in
2814 3643 2967 3705 qua,

761 3721 886 3784 alia
934 3719 1158 3798 multa,
1197 3719 1406 3782 aliena
1449 3739 1712 3802 prorsus
1759 3724 2197 3795 consectatus3
2247 3741 2407 3802 quae,
2440 3721 2695 3785 Summa
2724 3731 2863 3787 erat
2894 3735 2969 3790 et

750 3826 1068 3905 primaria
1098 3824 1383 3906 quaestio,
1415 3822 1518 3886 vix
1550 3843 1822 3905 usquam
1852 3821 2089 3904 attigit,
2113 3843 2431 3906 nusquam
2462 3825 2628 3890 serio
2656 3828 2964 3909 excussit,

761 3947 1017 4009 nempe,
1056 3927 1202 3999 Quae
1232 3927 1425 4008 Papoe
1446 3932 1731 4006 potestas
1757 3926 1862 4004 sit,
1895 3924 1984 3987 ad
2006 3925 2284 3989 subditos
2327 3928 2524 4012 qfficio
2567 3950 2678 3992 suo
2720 3932 2964 3995 solven-

762 4031 893 4108 dos,
926 4050 1002 4094 ac
1028 4029 1183 4112 fide,
1216 4051 1348 4112 quae
1383 4029 1615 4092 C'aesari
1643 4029 2010 4111 summisque
2042 4030 2438 4111 Principibus
2468 4038 2751 4096 tenentur
2770 4063 2791 4096 .·
2843 4036 2965 4101 Sin

762 4155 945 4198 secus
971 4161 985 4198 ε
1038 4154 1171 4197 non
1202 4133 1267 4196 id
1298 4131 1419 4197 sibi
1446 4131 1692 4215 negotii
1722 4131 2024 4195 daturum
2068 4154 2374 4215 unquam,
2407 4143 2482 4198 ut
2513 4136 2966 4219 Responsione

758 4237 895 4301 ulla
916 4260 1033 4302 sua
1061 4237 1383 4321 dignetur.
1473 4234 1669 4300 Absit
1697 4235 1890 4314 enim,
1920 4243 1997 4299 ut
2027 4236 2128 4314 Ei,
2152 4237 2364 4320 Regni
2391 4259 2493 4302 res
2521 4243 2852 4321 tractanti,
2887 4266 2965 4308 ac

756 4349 1087 4406 momenta
1116 4340 1389 4425 Reipub.
1423 4341 1629 4404 otium
1660 4339 1762 4419 sit,
1793 4347 1868 4403 ut
1898 4340 2200 4403 demittat
2230 4361 2316 4420 se,
2349 4341 2430 4404 ad
2470 4343 2601 4407 tela
2644 4344 2783 4409 haec
2820 4353 2965 4412 tam

1140 4474 1164 4507 ⁸
1273 4476 1355 4526 ide
1376 4475 1574 4526 'Pet-ent.
1599 4475 1810 4526 Eunuch
1847 4476 1901 4524 ii.
1927 4478 1972 4525 2.
1999 4474 2071 4539 1.]

1136 4538 1152 4575 ¹
1224 4540 1356 4590 Vide
1379 4541 1578 4591 Praefat.
1605 4541 1785 4592 Monlt.
1808 4556 1891 4604 pp.
1913 4543 2021 4591 145.
2046 4543 2155 4591 149.
2182 4541 2342 4592 Lond.
2366 4543 2532 4608 1610.]
