3165 4959
443 1782 528 1845 53

662 280 747 342 70
1271 301 1355 345 AD
1400 299 1784 349 csamnms
1828 301 2245 349 samnium.

662 449 855 514 etiam
898 450 977 515 dc
1008 453 1315 535 Reliqniis
1364 454 1507 534 hoc,
1541 463 1738 539 ponat
1787 457 1959 520 inter
2003 457 2293 538 doffmata
2343 453 2759 538 principalia?
2802 453 2873 516 iu

664 553 897 636 quibus
945 564 1043 618 tot
1081 564 1218 619 tam
1266 559 1538 641 egregiae
1582 559 1972 644 imposturae,
2015 581 2148 622 non
2195 559 2402 622 dicam
2451 559 2710 636 nostris,
2759 558 2871 620 scd

662 657 762 719 vel
792 657 1013 741 primis
1042 659 1168 722 illis
1197 662 1612 745 temporibuS,
1638 670 1705 726 et
1727 672 1918 741 notae,
1940 670 2006 726 et
2034 660 2319 727 notataes.
2395 661 2500 726 Ad
2530 683 2668 725 rem
2697 683 2868 739 vero,

661 761 1014 843 regerimus
1063 763 1157 828 ei:
1204 764 1275 826 in
1328 765 1561 848 quibus
1611 767 2039 841 dissentimuS,
2093 769 2190 848 (ut
2251 773 2424 843 sunt,
2474 766 2706 827 Preces
2748 786 2872 826 non

662 865 1006 947 intelligere
1026 893 1045 929 .·
1085 867 1352 931 Calicem
1385 871 1620 950 populo
1651 870 2066 933 interdicere:
2111 869 2223 932 Ad
2266 869 2566 952 imagines
2609 889 2676 931 se
2714 889 2871 950 pro-

661 973 936 1032 sternere
956 996 975 1031 :
1030 971 1505 1035 Eucharistiam
1550 974 1687 1037 sine
1729 975 1935 1056 aliquo
1978 974 2476 1036 Communicante
2516 972 2826 1034 celebrare
2847 998 2867 1032 .-

663 1073 1042 1154 Episcopum
1070 1074 1418 1139 Romanum
1452 1077 1527 1139 id
1551 1078 1728 1158 juris
1764 1078 2068 1157 habuisse,
2117 1082 2188 1138 ut
2222 1077 2427 1158 possit
2462 1076 2698 1156 Reyum
2726 1075 2869 1138 sub-

664 1176 829 1239 ditos
859 1176 936 1238 ab
966 1197 1174 1240 eorum
1189 1178 1325 1258 fide
1352 1185 1416 1241 et
1445 1180 1792 1242 obedientia
1825 1181 2090 1243 liberare
2111 1183 2155 1262 :)
2207 1187 2272 1244 et
2305 1178 2557 1257 similia,
2604 1201 2642 1241 a
2671 1179 2871 1241 veteri

663 1278 952 1342 Ecclesia
996 1281 1229 1362 rejecta
1258 1289 1318 1345 et
1360 1283 1730 1364 improbata,
1770 1292 1847 1347 ut
1878 1305 1916 1346 a
1947 1284 2121 1347 nobis
2149 1283 2520 1365 rejiciuntur
2549 1287 2610 1344 et
2640 1283 2868 1363 impro-

664 1382 910 1447 bantur.
1000 1384 1362 1468 Adjicimus
1381 1411 1399 1463 3
1446 1407 1562 1469 per
1605 1387 1845 1469 primos
1885 1387 2046 1464 illos,
2080 1393 2146 1450 et
2187 1408 2227 1449 a
2256 1386 2518 1451 Christo
2552 1392 2866 1463 recenteS,

662 1507 867 1549 annos
900 1486 1308 1570 quingentos»,
1340 1489 1588 1552 nullam
1611 1490 1986 1568 Ecclesiam,
2020 1490 2128 1552 sed
2160 1510 2281 1553 nec
2300 1489 2507 1551 ullum
2536 1488 2867 1551 hominem

660 1590 909 1672 uspiam
935 1591 1255 1655 exstitisse
1278 1593 1738 1670 Christianum,
1763 1594 1889 1676 qui,
1912 1614 2054 1676 quae
2073 1615 2183 1656 vos
2207 1594 2346 1677 jam
2370 1592 2624 1675 singula
2645 1593 2867 1655 Romae

661 1694 939 1771 creditis,
990 1715 1065 1758 ea
1112 1695 1491 1758 crediderit:
1557 1717 1699 1778 quae
1744 1718 1872 1775 vos,
1920 1697 2100 1780 quasi
2144 1697 2437 1778 ‹loq-mata
2479 1697 2867 1777 principalia

660 1796 941 1879 recipitis
972 1805 1037 1860 et
1067 1798 1372 1880 probatis,
1398 1819 1475 1863 ea
1495 1799 1598 1862 vel
1628 1799 1916 1883 probarit
1945 1801 2045 1863 vel
2075 1800 2423 1882 receperit:
2467 1799 2598 1863 imo
2628 1801 2867 1883 rejecta

660 1922 700 1963 a
740 1901 1038 1964 Patribus
1083 1909 1297 1965 vestra
1346 1901 1643 1985 plurima,
1689 1910 1900 1967 vestro
1955 1903 2215 1986 quidem
2268 1924 2499 1966 sensu:
2556 1909 2621 1966 et
2668 1904 2866 1986 siquae

659 2011 935 2087 recepta,
969 2003 1157 2067 aliter
1186 2024 1263 2068 ea
1291 2006 1500 2069 multo
1531 2006 1612 2069 ab
1642 2006 1740 2084 iis,
1775 2028 1968 2090 quam
1999 2015 2074 2070 ut
2105 2029 2143 2069 a
2171 2006 2352 2070 vobis
2382 2005 2799 2089 recipiuntur.

724 2139 902 2203 Itaque
917 2154 1009 2188 nos
1024 2154 1138 2189 cum
1154 2138 1376 2189 Ecclesia
1397 2140 1554 2190 veteri
1580 2140 1636 2189 in
1655 2141 1890 2190 omnibus
1911 2141 2139 2190 articulis
2161 2142 2502 2191 convenimus,
2528 2141 2868 2190 protestantes

787 2236 904 2271 vero
932 2221 986 2270 in
1009 2221 1181 2284 paucis
1202 2222 1523 2281 conveniunt,
1547 2224 1605 2271 in
1628 2223 1863 2285 plurimis
1885 2222 2376 2288 dissident.—[Bell.
2401 2223 2551 2288 Apol.
2574 2238 2664 2286 pro
2688 2223 2817 2288 Resp
2841 2223 2862 2287 ]

787 2318 836 2366 p.
864 2304 940 2352 19.
977 2303 1110 2367 [Op.,
1136 2306 1257 2351 tom.
1281 2303 1369 2352 vii.
1400 2303 1493 2353 col.
1512 2303 1624 2354 716.
1651 2303 1741 2369 Α.]

329 2424 471 2539 BNec
490 2424 631 2476 dissi-
743 2415 930 2493 Tum,
961 2412 1073 2476 ubi
1105 2413 1407 2476 dissidere
1446 2435 1556 2477 nos
1587 2412 1677 2476 ait
1718 2435 1758 2477 a
1787 2415 2091 2478 Patribus
2131 2415 2197 2477 in
2228 2415 2546 2497 plurimis,
2582 2417 2865 2497 plurima

366 2495 418 2540 et
432 2506 463 2541 ι
473 2491 631 2543 Patri·

328 2554 468 2619 bu²³·]

659 2520 795 2583 haec
826 2520 982 2603 eim,
1016 2539 1151 2582 non
1182 2518 1307 2581 alia
1336 2525 1511 2596 sunt,
1545 2540 1740 2601 quam
1785 2518 1855 2581 in
1887 2520 2119 2603 quibus
2155 2541 2193 2583 a
2223 2519 2564 2584 Cardinale
2597 2520 2865 2584 disside-
2919 2518 2928 2525 “

657 2644 823 2701 mus,
873 2621 1133 2700 scilicet,
1174 2619 1249 2684 τὸ
1294 2620 1366 2702 ἐξ
1407 2619 1633 2709 ἀρχῆς.
1747 2623 1909 2688 Quis
1953 2622 2011 2686 ei
2056 2623 2178 2686 hoc
2219 2632 2515 2687 nostrum
2561 2622 2862 2686 dederit?

658 2726 806 2790 Imo
835 2725 1088 2789 nullum
1119 2731 1216 2789 est
1246 2725 1468 2808 doyma
1495 2726 1872 2806 principale,
1913 2725 1983 2788 in
2014 2748 2160 2809 quo,
2191 2747 2310 2790 nos
2352 2748 2499 2789 cum
2542 2725 2862 2803 Patribus,

657 2829 755 2892 illi
812 2829 1170 2906 nobiscum,
1232 2850 1365 2893 non
1424 2830 1852 2893 consentiant.
1949 2830 2179 2893 Testor
2237 2829 2343 2893 hic
2394 2830 2861 2912 Augustinum,

658 2932 985 3013 Martyres
1024 2953 1147 2995 non
1189 2933 1613 2995 invocantur-8.
1703 2933 1929 2996 Testor
1962 2933 2478 3016 Hieronymum:
2526 2932 2663 2995 Nos
2713 2934 2862 2995 reli-

660 3036 840 3115 quias
868 3056 990 3097 non
1018 3035 1351 3097 adoramus
1364 3032 1409 3097 ¹¹.
1504 3035 1594 3097 Et
1622 3034 1695 3097 in
1727 3056 1854 3117 quo
1883 3056 2002 3098 nos
2035 3056 2074 3099 a
2101 3035 2299 3112 vobis,
2330 3056 2441 3099 vos
2485 3056 2524 3099 a
2564 3035 2864 3099 Patribus

661 3136 1035 3199 dissentitis·
2552 3134 2559 3140 ’

722 3261 790 3311 Et
812 3261 947 3311 idem
984 3262 1040 3311 in
1074 3262 1221 3312 libris
1263 3265 1451 3314 nostris
1493 3264 1557 3315 de
1595 3266 1793 3316 caeteris
1829 3265 2160 3316 controversis
2186 3265 2510 3328 dogmatibus
2539 3266 2863 3316 manifestum

785 3344 1010 3393 fecimus.
1032 3380 1045 3393 .
1071 3382 1082 3394 .
1108 3380 1121 3393 .
1146 3344 1268 3395 Non
1289 3350 1366 3395 est
1387 3345 1512 3396 fides
1534 3348 1719 3398 veteris
1740 3348 1994 3409 Ecclesiae,
2017 3347 2106 3398 sed
2140 3348 2345 3398 haeresis
2367 3383 2380 3395 .
2405 3383 2418 3397 .
2445 3386 2456 3397 .
2482 3352 2864 3398 novatorum.—

788 3425 944 3489 [Bell.
969 3426 1118 3490 Apol.
1136 3441 1228 3491 pro
1251 3427 1423 3492 Resp]
1452 3444 1504 3492 p.
1531 3431 1610 3479 20.
1649 3430 1787 3495 [Op.,
1810 3435 1932 3480 tom.
1956 3431 2043 3479 vii.
2068 3430 2180 3480 coll.
2206 3431 2317 3481 715.
2341 3429 2403 3478 D.
2428 3430 2538 3481 716.
2564 3429 2649 3494 Α.]

742 3533 1013 3612 Deinde,
1065 3533 1300 3599 iterum
1352 3544 1573 3600 narrat
1617 3537 1804 3602 nobis
1835 3538 2315 3602 Controversias
2356 3558 2525 3614 suaS,
2559 3546 2624 3601 et
2666 3559 2858 3620 quam

651 3638 742 3702 ibi
779 3640 997 3703 omnia
1038 3640 1177 3703 haec
1228 3638 1580 3721 manifesta.
1672 3642 1814 3706 Nos
1858 3648 2085 3705 contra
2126 3662 2465 3704 narramus
2498 3640 2577 3720 ei,
2611 3641 2857 3704 (ludum

644 3745 782 3828 jam
835 3741 1231 3824 manifestum
1289 3743 1518 3808 fecisse
1563 3752 1817 3809 nostros
1868 3745 2185 3824 hominm,
2236 3744 2315 3808 de
2366 3743 2609 3822 multiS,
2664 3765 2855 3827 quam

650 3849 812 3911 nihil
860 3849 951 3912 ibi
996 3846 1389 3929 manifestum
1439 3848 1698 3913 fecerit:
1746 3849 1908 3928 Nec,
1953 3849 2155 3913 ullam
2193 3849 2266 3912 in
2305 3849 2562 3927 nostris,
2595 3850 2857 3911 lzaeresin

648 3952 1036 4016 Novatorum
1057 3979 1076 4013 .·
1139 3952 1566 4015 Veterator-um
1611 3952 1826 4036 potius
1865 3949 2168 4033 fraudem
2209 3952 2283 4015 in
2322 3951 2455 4014 suis
2494 3972 2628 4015 non
2658 3951 2853 4015 infre-

650 4062 957 4139 quentem
987 4077 1148 4121 esse.

714 4190 731 4223 ¹
759 4192 912 4242 Cone.
936 4190 1133 4242 Cartha.
1157 4206 1203 4239 v,
1234 4189 1353 4241 Can.
1381 4192 1441 4240 14
1478 4195 1529 4240 et
1564 4194 1694 4241 15.-
1794 4191 2176 4254 superstitiones
2198 4193 2398 4240 tantum
2423 4188 2669 4251 respicit]

650 4256 709 4320 [‘⁴
728 4256 886 4306 Nulla
907 4258 1149 4307 memoria
1179 4263 1457 4318 martyrum
1480 4256 1707 4319 probabi·
1859 4265 1883 4297 Ι
1922 4257 1999 4321 [S.
2019 4258 2150 4318 Aug.
2190 4256 2253 4305 dc
2291 4256 2398 4305 Cir.
2442 4253 2554 4304 Dei.
2597 4253 2684 4302 lib.
2723 4254 2848 4302 xxii.

644 4321 764 4370 liter
785 4326 1083 4385 acceptetur,
1097 4320 1196 4369 nisi
1214 4328 1301 4370 aut
1320 4321 1391 4370 ibi
1407 4335 1601 4384 corpus,
1615 4324 1702 4370 aut
1790 4335 1895 4382 cap.
1918 4323 1992 4369 10.
2041 4321 2151 4384 Op„
2175 4326 2297 4369 tom.
2322 4320 2409 4368 vii.
2434 4319 2527 4368 col.
2556 4320 2699 4368 1073.
2722 4318 2814 4382 D.]

643 4386 827 4448 aliquae
844 4392 993 4436 certae
1015 4387 1243 4449 reliquiae
1265 4387 1385 4446 sint,
1402 4391 1495 4437 etc.
1513 4386 1701 4436 Concil.
1856 4384 1876 4417 ¹¹
1915 4385 1992 4449 [S.
2023 4385 2163 4435 Hier.
2201 4385 2292 4449 Ep.
2325 4384 2425 4435 cix.
2450 4384 2582 4434 vall.
2621 4383 2703 4445 (al.
2732 4383 2848 4446 liii.)

644 4448 899 4500 Cat-thas.
926 4466 1032 4499 ean.
1055 4449 1368 4509 14.—Conc.,
1393 4456 1515 4501 tom.
1532 4451 1588 4501 ii.
1612 4452 1701 4501 col.
1790 4450 1854 4501 sd
1886 4451 2168 4514 Riparium.
2201 4454 2317 4502 sect.
2345 4451 2389 4498 1.
2416 4447 2524 4513 Op„
2550 4453 2671 4498 tom.
2699 4448 2731 4497 i.
2754 4449 2847 4498 col.

644 4516 785 4562 1218.
813 4516 873 4563 Α.
900 4515 1071 4565 Canon
1108 4518 1276 4564 autem
1304 4519 1381 4565 15.
1420 4516 1703 4566 Gentilium
1793 4518 1901 4568 720.
1924 4514 2007 4580 Δ.]
