3165 4959
514 2465 641 2527 124

738 339 864 403 162
1346 352 1432 398 An
1476 349 1858 398 cmmAms
1902 346 2319 396 nummum.

739 530 881 572 sum
914 505 1175 585 censeri,
1216 505 1504 588 adeoque
1549 524 1708 582 esse,
1754 524 1832 566 eo
1872 503 1945 566 in
1986 521 2260 564 numero
2296 499 2453 580 (non
2496 497 2713 561 minus
2750 519 2951 581 quam

736 610 805 675 in
840 612 1149 674 Societate
1191 609 1424 691 vestra)
1480 607 1850 671 cerebrosos
1901 604 2231 688 quosdam,
2272 622 2510 685 pronos
2548 600 2619 664 in
2666 600 2955 664 schisma

737 717 953 779 nimis,
1043 715 1261 778 Etiam
1299 734 1435 777 non
1465 713 1707 790 deesse,
1741 710 1871 794 qui,
1905 707 2114 792 quoad
2148 706 2477 790 religionis
2520 706 2732 789 capita
2774 728 2950 789 quae-

741 820 911 898 dam,
942 818 1046 881 vix
1078 839 1193 901 per
1227 816 1444 881 omnia
1495 815 1638 878 sani
1682 814 1830 876 sint.
1924 812 2106 878 Quos
2159 830 2280 893 ego
2329 810 2457 889 hic,
2506 829 2665 892 quos
2708 808 2952 892 ubique

740 922 1030 986 exclusos
1061 921 1225 985 volo,
1315 919 1488 982 Mihi
1533 918 1615 981 ab
1665 915 1970 980 exteriori
2011 913 2344 997 regiminis
2389 913 2598 976 forma
2646 913 2952 976 Puritani

742 1032 914 1105 sunt,
937 1046 1070 1088 non
1100 1032 1319 1088 autem
1349 1044 1389 1086 a
1415 1021 1746 1105 religione,
1768 1040 1911 1103 quae
1941 1018 2164 1084 eadem
2196 1023 2263 1082 et
2292 1023 2411 1096 est,
2444 1024 2511 1081 et
2541 1038 2680 1081 esse
2708 1024 2949 1100 potest,

741 1130 855 1193 ubi
904 1129 1100 1192 facies
1152 1126 1485 1210 regiminis
1544 1131 1810 1188 externa
1866 1144 1998 1187 non
2052 1121 2299 1186 eadem.
2392 1121 2589 1185 Redit
2645 1126 2809 1204 post,
2864 1120 2952 1184 ad

743 1235 1163 1297 introductam
1192 1253 1261 1296 eo
1293 1233 1502 1294 divino
1534 1232 1730 1311 plane
1761 1229 2061 1291 miraculo
2102 1228 2461 1310 religionem
2480 1235 2524 1291 ⁸.
2619 1226 2951 1309 Respondi

745 1359 955 1421 supra,
1011 1358 1154 1420 quae
1203 1358 1321 1419 par
1366 1342 1523 1398 erat.
1637 1334 1827 1415 Nego
1878 1332 2036 1415 jam,
2087 1329 2494 1393 mentionem
2535 1329 2697 1392 inibi
2743 1329 2950 1393 ullam

746 1441 944 1502 divini
987 1439 1296 1503 miraculi.
1389 1436 1522 1503 Qui
1564 1436 1727 1498 solet
1769 1433 2121 1516 Anglicum
2164 1432 2477 1516 inspicere
2505 1434 2759 1512 Tortus,
2790 1434 2950 1498 Car-

749 1542 1001 1619 dinalis,
1047 1542 1163 1605 ubi
1204 1561 1240 1604 e
1283 1561 1353 1603 re
1394 1560 1510 1603 sua
1546 1537 1616 1600 id
1663 1543 1782 1616 cst,
1824 1536 2121 1620 inspiciat
2155 1536 2261 1599 hic
2302 1533 2664 1601 Βασιλικὸν
2702 1537 2950 1621 Δῶρον,

745 1645 1006 1723 videbit,
1038 1650 1222 1708 extra
1252 1643 1549 1720 ordinem,
1580 1661 1689 1704 scu
1718 1641 2228 1703 extraordinaria
2254 1641 2501 1703 ratione
2528 1640 2953 1703 introductam

745 1769 815 1810 eo
867 1747 1249 1827 Reliyiouem
1277 1742 1325 1807 ¹¹.
1420 1743 1697 1807 Nullum
1756 1748 1975 1805 autem
2047 1743 2415 1804 miraculum
2471 1742 2562 1805 ibi
2625 1742 2950 1804 Divinum.

747 1849 932 1913 Dixit
981 1854 1200 1910 autem
1248 1845 1780 1923 eoetraordinmia,
1826 1844 1996 1927 quod
2046 1845 2446 1909 stabiliendae
2487 1845 2818 1928 religionis
2846 1846 2955 1909 via

748 1952 1073 2014 ordinaria
1106 1950 1192 2011 sit
1218 1970 1335 2032 per
1361 1949 1799 2012 interventum
1832 1949 2236 2013 auctoritatis
2262 1949 2502 2033 Regiae.
2568 1949 2719 2022 Qua
2745 1949 2851 2012 via
2877 1948 2952 2012 in

752 2055 1033 2118 Scotiam
1080 2052 1452 2116 introducta
1499 2072 1635 2114 non
1682 2059 1799 2114 est.
1891 2052 2035 2116 Nec
2086 2052 2260 2116 enim
2306 2052 2620 2136 Principis
2667 2051 2950 2117 auctori-

746 2166 948 2221 tatem
997 2160 1452 2239 expectamnt:
1525 2154 1703 2217 Scias
1751 2161 1989 2233 autem,
2039 2155 2214 2220 hunc
2263 2155 2354 2219 ibi
2408 2156 2605 2240 Regis
2655 2155 2950 2219 animum

747 2259 944 2322 fuisse
963 2282 981 2334 ;
1048 2258 1227 2321 addit
1279 2256 1455 2320 enim
1517 2256 1622 2337 (ne
1672 2256 1865 2319 verbo
1912 2255 2172 2338 quidem
2222 2257 2416 2321 unico
2461 2257 2823 2341 interjecto)
2877 2259 2956 2321 id

750 2361 917 2443 quod
956 2363 1024 2423 in
1058 2360 1314 2442 Anqlia,
1351 2359 1586 2436 Dania,
1620 2358 1766 2420 aliis
1802 2358 2148 2421 Germanice
2172 2360 2488 2439 partibus,
2518 2359 2772 2441 factum
2801 2367 2896 2423 est
2924 2389 2945 2423 .-

755 2487 948 2548 quam
977 2464 1085 2528 hic
1110 2461 1467 2528 cardinalis
1496 2461 1870 2541 clausulam,
1895 2482 2010 2544 per
2039 2483 2230 2526 suum
2261 2466 2280 2497 ‘
2298 2462 2460 2541 etc.,’
2492 2462 2781 2547 praecidit
2811 2470 2947 2529 sta-

751 2571 907 2646 tim3
956 2576 1106 2633 ante
1137 2575 1373 2646 autem,
1404 2588 1519 2650 per
1548 2587 1737 2629 suum
1770 2570 1858 2629 ‘et
1873 2566 2070 2646 paulo
2087 2572 2235 2647 post
2257 2567 2306 2628 ι’
2351 2586 2454 2646 ne,
2487 2566 2540 2629 si
2568 2566 2845 2631 venisset
2874 2568 2950 2631 in

750 2681 1186 2757 conspectum,
1213 2672 1577 2754 conjecturae
1608 2669 1830 2733 statim
1861 2671 2000 2753 ejus
2022 2670 2190 2734 mole
2213 2691 2329 2734 sua
2356 2677 2641 2734 ruerent.
2712 2658 2950 2736 Elucess

748 2785 847 2839 ret
892 2799 970 2840 ex
1015 2777 1094 2839 iis
1146 2776 1369 2840 statim
1414 2795 1636 2838 sensus
1679 2772 1869 2850 illius,
1914 2771 2104 2855 quod,
2147 2774 2659 2836 extraordinaria
2699 2776 2950 2840 ratione

747 2881 1186 2959 introductam,
1219 2879 1483 2942 dixerat.
1575 2876 1711 2940 Ubi
1749 2875 1943 2954 enim,
1975 2876 2193 2939 ordine
2236 2876 2495 2958 quidem
2539 2876 2752 2942 aditus
2796 2880 2949 2942 reli-

748 2983 923 3065 gioni
951 2983 1329 3066 patefactus,
1356 3002 1471 3063 per
1494 3001 1602 3043 eos
1622 2980 1998 3063 patefactus,
2023 3000 2220 3063 penes
2242 3001 2400 3062 quos
2420 3001 2635 3044 rerum
2660 3003 2944 3059 summm

746 3091 821 3147 ut
850 3085 922 3147 in
950 3085 1050 3162 iis,
1078 3087 1257 3166 (quas
1289 3083 1492 3165 dixit)
1527 3082 2053 3166 Rebuspublicis:
2098 3083 2211 3147 ubi
2241 3103 2440 3162 secuS,
2472 3084 2568 3165 (ut
2598 3084 2667 3147 in
2698 3086 2941 3168 Scotia)

746 3193 925 3248 extra
976 3185 1265 3249 ordinem
1311 3186 1520 3268 plane.
1611 3186 1722 3262 At,
1766 3183 1937 3268 quod
1982 3184 2253 3268 Anglice
2299 3185 2389 3249 sic
2434 3195 2733 3269 posuerat
2783 3189 2946 3267 Rex,

747 3288 1017 3351 Latinus
1044 3288 1358 3371 interpres
1380 3287 1595 3366 vertit,
1618 3288 1850 3350 Divino
1873 3288 2196 3351 miraculo.
2251 3289 2430 3371 Rege
2460 3296 2678 3353 autem
2705 3291 2943 3369 nescio,

746 3391 837 3453 sic
875 3390 1089 3454 vertit.
1177 3390 1420 3454 Nescio
1459 3389 1638 3453 enim
1685 3390 1882 3472 Rege,
1930 3389 2294 3473 publicatus
2334 3389 2497 3455 liber
2542 3390 2649 3455 ille
2688 3413 2945 3471 aureuS,

748 3494 1011 3572 Gallice,
1044 3493 1292 3570 Italice,
1322 3492 1694 3572 Teutonice,
1729 3492 1982 3571 Latine,
2019 3513 2210 3575 quem
2239 3493 2399 3572 Ram,
2431 3493 2604 3556 inter
2638 3492 2948 3574 κειμήλια

745 3619 882 3662 esse
912 3598 1111 3663 voluit
1146 3596 1431 3660 Henrico
1460 3594 1763 3679 Principi,
1797 3596 1901 3659 cui
1946 3595 2016 3658 in
2054 3596 2336 3679 privatos
2379 3618 2533 3660 usus
2577 3619 2726 3661 eum
2771 3597 2945 3662 dica-

744 3706 865 3763 rat.
959 3700 1103 3762 Nec
1133 3696 1212 3761 de
1244 3696 1480 3760 Latino
1519 3696 1813 3760 faciendo
1844 3717 1996 3761 cura
2024 3696 2137 3776 ini,
2169 3704 2511 3781 postquam
2541 3709 2944 3779 emanasset3

744 3822 884 3880 nec,
937 3800 1016 3863 de
1060 3799 1350 3864 versione
1396 3799 1534 3882 ejus
1579 3798 1833 3877 Latina,
1879 3798 1981 3861 vel
2024 3798 2438 3881 corrigenda:
2498 3799 2747 3866 Quodsi
2789 3822 2949 3865 cura

743 3904 839 3967 illi
888 3903 1134 3985 aliqua:
1191 3901 1325 3985 (qui
1376 3901 1546 3979 alibi,
1602 3922 1752 3964 cum
1799 3901 2072 3979 Tortus3
2126 3900 2232 3964 hic
2287 3923 2538 3985 quoque
2589 3923 2737 3966 cum
2785 3905 2946 3968 Car-

745 4004 976 4068 dinalis
1020 4011 1157 4067 tam
1193 4003 1481 4067 curiosus
1526 4010 1643 4082 est,
1689 4003 1760 4066 in
1788 4003 2115 4066 versandis
2143 4005 2481 4088 Anglicis,)
2519 4006 2571 4069 si
2600 4006 2701 4070 vel
2730 4007 2948 4090 aliqua

743 4108 802 4173 ei
833 4128 987 4172 cura
1014 4106 1138 4185 hic,
1164 4106 1439 4188 Anglica
1460 4107 1560 4169 vel
1589 4105 2005 4191 inspiciendi;
2052 4116 2344 4171 cessante
2373 4110 2695 4187 miraculo,
2721 4111 2945 4173 statim

771 4391 782 4402 ·
804 4334 827 4367 ⁸
865 4326 921 4389 [“
940 4325 1222 4388 Religionis
1268 4326 1324 4375 in
1372 4325 1542 4376 Scotia
1574 4326 1804 4378 reforma·
1893 4329 1948 4378 in
2003 4327 2258 4391 Scotland,
2315 4330 2471 4394 being
2522 4329 2952 4395 extraordinarily

744 4391 865 4448 tio,”
880 4395 976 4440 etc.
1013 4390 1102 4440 lib.
1128 4391 1180 4439 ii.
1206 4390 1329 4439 ibid.
1359 4391 1522 4454 p.72.,
1557 4395 1617 4440 ut
1638 4406 1803 4455 supra,
1892 4393 2122 4456 wrought
2160 4395 2194 4444 b
2265 4393 2629 4445 ends—Bas.
2667 4395 2788 4445 Dor.
2829 4396 2945 4447 Lib.

740 4469 788 4516 p.
806 4457 886 4547 32.
923 4458 1027 4504 not.
1046 4456 1121 4516 ¹2]
1343 4519 1354 4532 ⁸
1666 4521 1678 4533 .
1892 4458 2024 4522 apud
2049 4457 2170 4522 Reg.
2228 4460 2364 4511 acob.
2402 4460 2494 4524 Op.
2519 4461 2673 4523 Aug„
2695 4476 2746 4525 p.
2770 4462 2913 4526 160.]

882 4517 931 4580 [‘·
952 4518 1058 4566 'I'he
1103 4519 1427 4570 reformation
1485 4520 1541 4569 of
1589 4520 1804 4584 religion
