3165 4959
970 328 1338 377 mmmm
1380 328 1744 377 nnspousm.
2333 316 2463 379 349

260 481 557 559 affirmat,
591 481 976 544 Paradisum
1016 484 1270 546 tertium
1320 484 1484 546 illud
1531 485 1747 547 coelum
1791 503 1941 561 esse,
1972 484 2041 545 in
2070 503 2208 565 quo,
2241 504 2464 565 aspor-

261 589 431 646 tatus
459 604 528 647 eo
559 585 802 647 Paulus
830 586 1073 648 audivit
1099 606 1408 649 sermones
1434 586 1907 649 inenarrabiles.

328 718 454 769 Haec
475 719 788 782 incorruptio
809 734 912 770 non
934 724 1011 769 est
1031 735 1104 780 ea,
1127 735 1279 783 quam
1313 720 1504 770 habent
1524 721 1580 770 in
1603 720 1730 770 coelo
1753 721 1907 778 beati,
1945 757 1958 771 .
1994 757 2007 769 .
2043 757 2056 771 .
2090 719 2178 769 sed
2213 735 2286 778 ea,
2310 735 2464 784 quam

391 801 608 933 habessat
627 801 798 851 Adam
820 802 878 850 in
902 799 1372 866 Perediam—[Bell.
1392 802 1545 865 Apol.
1564 816 1658 865 pro
1679 802 1849 866 Resp.]
1872 817 1920 866 p.
1942 804 2050 853 145.
2075 802 2211 866 [Op.,
2233 807 2355 852 tom.
2374 803 2463 852 vii.

392 882 488 931 col.
544 884 622 931 86.
649 881 729 945 Β.]

349 979 436 1043 In
465 980 656 1043 tertio
686 987 902 1043 autem
934 980 1097 1044 coelo
1129 980 1238 1063 qui
1269 985 1444 1058 sunt,
1477 980 1769 1044 absolute
1799 983 2237 1063 conspicantur
2255 983 2462 1044 iucor·
2519 996 2630 1059 ⁰211}

262 1084 628 1163 ruptionem,
682 1103 815 1146 non
865 1104 1059 1165 quam
1095 1082 1328 1162 Adam,
1382 1084 1437 1146 si
1482 1105 1618 1148 non
1665 1092 2007 1167 peccasset,
2039 1086 2287 1148 visurus
2315 1086 2459 1164 fuit,
2487 1046 2765 1173 ᾱέᾞᾷἒω

264 1208 432 1264 cum,
475 1187 571 1267 (ex
627 1184 723 1249 eo‘
764 1184 934 1268 quod
992 1186 1318 1269 peccarint
1371 1187 1599 1249 Enoch
1658 1194 1724 1249 et
1776 1187 1968 1264 Elias,
2030 1188 2154 1251 etsi
2212 1209 2465 1251 summa
2486 1176 2695 1238 elevat]

262 1289 501 1371 alioqui
547 1288 916 1370 sanctitate)
953 1289 1092 1373 ejus
1135 1289 1476 1371 participes
1507 1309 1647 1352 esse
1675 1310 1807 1352 non
1837 1289 2186 1372 potuerint.
2278 1291 2463 1354 Post-

262 1412 463 1469 remo,
495 1412 629 1454 nou
674 1391 1001 1455 cohaerent
1044 1391 1180 1454 haec
1220 1391 1391 1454 inter
1442 1411 1528 1468 se,
1568 1397 1902 1474 totamque
1946 1391 2113 1454 hanc
2150 1391 2230 1455 de
2270 1393 2462 1455 Para-

265 1493 406 1558 diso
444 1493 535 1575 (in
566 1515 694 1576 quo
724 1494 938 1558 Adam
966 1494 1211 1576 primus
1239 1494 1453 1572 hom0,
1496 1493 1744 1576 positus
1774 1495 1896 1575 est)
1932 1501 1998 1557 et
2029 1493 2108 1559 de
2137 1496 2464 1558 translatis

267 1618 365 1676 e0,
399 1598 510 1679 qui
552 1597 850 1660 translati
899 1604 1074 1674 sunt,
1129 1597 1529 1660 traditionem
1564 1596 1732 1678 (etsi,
1763 1601 1838 1659 ut
1882 1597 2171 1661 Irenaeus
2217 1597 2310 1662 ibi
2353 1599 2463 1677 ait,

264 1723 305 1765 a
335 1701 722 1783 presbyteris
764 1722 840 1764 ea
872 1699 1082 1782 suerit
1128 1701 1235 1782 qui
1267 1701 1708 1781 Apostolorum
1754 1706 1936 1762 erant
1986 1701 2320 1783 Discipuli)
2375 1702 2468 1765 ita

263 1812 485 1867 tamen
531 1804 726 1867 Pater
755 1803 994 1887 Viegas
1024 1802 1251 1880 elevat,
1281 1810 1358 1865 ut
1389 1802 1560 1866 dicat
1601 1824 1724 1865 non
1771 1823 1919 1881 esse,
1972 1803 2138 1884 quod
2181 1810 2467 1885 torqueat

261 1909 457 1969 ullum
495 1906 616 1988 (vel
654 1906 711 1968 si
755 1906 986 1988 placet,
1019 1905 1311 1985 Tortum)
1347 1906 1462 1966 illa
1494 1904 2002 1985 presbyterorum
2032 1905 2316 1982 traditio,
2361 1907 2469 1986 qui

248 2011 557 2091 pleraque
586 2010 830 2072 omnino
862 2008 1065 2088 falsa,
1105 2012 1167 2069 et
1197 2027 1333 2070 cum
1369 2008 1600 2070 divinis
1629 2008 1830 2070 literis
1845 2009 2222 2090 puynantia,
2265 2010 2468 2072 tradi-

263 2112 490 2174 derunt
510 2120 553 2174 ⁰.
1022 2100 1033 2105 ¹

332 2246 485 2298 Recte
508 2284 520 2295 .
547 2284 559 2296 .
585 2247 775 2297 dicitur
792 2247 969 2298 Enoch
991 2284 1004 2297 .
1029 2283 1043 2297 .
1069 2284 1081 2296 .
1104 2246 1407 2297 aeternitatis
1431 2244 1744 2296 candidatus.
1788 2244 2059 2297 candidati
2080 2246 2219 2296 enim
2241 2246 2470 2297 nondum

396 2329 623 2379 consules
656 2366 670 2381 .
704 2366 717 2378 .
753 2367 768 2391 ,
804 2330 893 2379 sed
923 2328 1240 2379 consulatum
1271 2329 1624 2392 expectabant,
1661 2333 1714 2378 et
1749 2328 2001 2391 petebant.
2073 2329 2157 2378 Sic
2190 2365 2203 2377 .
2239 2365 2252 2378 .
2293 2328 2470 2379 Enoch

399 2426 501 2461 non
523 2411 677 2460 habet
697 2425 867 2460 veram
890 2411 1346 2468 immortalitatem,
1370 2408 1460 2459 sed
1488 2423 1600 2459 eam
1634 2412 1869 2472 expectat
1898 2415 1951 2458 ct
1984 2407 2466 2473 desiderat—[Bell.

399 2494 547 2558 Apol.
571 2508 664 2558 pro
686 2492 858 2557 Resp.]
884 2508 932 2556 p.
959 2494 1070 2542 145.
1096 2493 1216 2556 [Op.
1226 2530 1240 2554 ,
1263 2498 1386 2542 tom.
1409 2492 1497 2540 vii.
1521 2492 1615 2541 col.
1639 2490 1669 2541 7
1674 2494 1752 2540 86.
1775 2491 1862 2553 C.]

354 2602 805 2679 Tertullianus,
848 2601 970 2664 etsi
1020 2621 1155 2664 non
1202 2621 1278 2663 eo
1324 2600 1467 2663 loco
1488 2597 1556 2674 ‘¹3
1607 2605 1674 2661 at
1722 2599 1896 2677 alibi,
1941 2598 2055 2662 ubi
2099 2599 2470 2661 aeternitatis
2493 2601 2715 2666 [Exami-

266 2704 637 2767 candidatos
668 2703 841 2782 dicit,
875 2703 967 2766 sic
997 2702 1292 2785 explicat,
1326 2702 1404 2763 ab
1427 2702 1593 2764 omni
1621 2702 1794 2780 vitio,
1821 2708 1887 2764 et
1918 2701 1996 2763 ab
2026 2703 2192 2764 omni
2221 2701 2466 2778 damno,
2493 2671 2682 2780 ἲζζξιιῖῐ

266 2815 328 2870 et
360 2809 437 2870 ab
460 2809 624 2881 omni
652 2809 889 2889 injuria
909 2812 969 2868 et
994 2805 1381 2883 contumelia,
1407 2806 1858 2867 immunitatem
1887 2806 2166 2886 corporis
2189 2804 2466 2867 haberem
2492 2794 2793 2924 ffiffiaissirffr’

270 2911 611 2977 Quomodo
641 2932 793 2993 ergo
822 2909 1060 2974 sentire
1088 2908 1302 2990 potuit
1331 2907 1790 2982 Tertullianum,
1823 2929 1929 2971 eos
1961 2906 2041 2970 ab
2065 2906 2469 2970 Antichristo
2697 2896 2710 2919 ’

274 3015 531 3097 (praeter
575 3014 844 3095 injurias
895 3019 962 3075 et
1011 3011 1434 3091 contumelias)
1488 3010 1639 3072 vitae
1686 3031 1938 3093 quoque
1985 3009 2185 3092 ipsius
2244 3010 2469 3072 damno

269 3116 635 3180 afficiendos
656 3118 685 3178 ¹?
767 3117 1036 3177 Atratos
1065 3115 1286 3176 mortis
1317 3113 1579 3176 dixisset
1611 3113 1843 3196 potius»,
1878 3134 2069 3196 quam
2100 3113 2472 3176 candidatos

267 3220 658 3282 aeternitatis.
747 3217 1022 3295 Deinde,
1055 3238 1205 3281 cum
1236 3237 1458 3280 eorum
1487 3218 1627 3302 jam
1657 3236 1922 3298 corpora
1961 3217 2056 3297 (ut
2086 3217 2260 3298 sunt)
2315 3214 2472 3278 dicit

267 3323 380 3400 ibi,
413 3321 654 3403 suturae
694 3322 1078 3402 intem-itatis
1117 3340 1249 3382 esse
1295 3320 1680 3396 documenta,
1721 3320 1968 3400 ejusque
1997 3317 2158 3398 fidei
2199 3321 2470 3381 testimo-

268 3427 440 3487 nium
467 3427 738 3506 siynare,
781 3424 1040 3504 (futurae
1069 3423 1329 3499 scilicet,
1375 3429 1520 3504 post
1566 3420 2121 3502 resurrectionem)
2175 3421 2472 3503 potuitne
2551 3407 2556 3414 ’

270 3530 323 3590 is
374 3549 597 3591 sensus
647 3527 1028 3591 Tertulliani
1068 3547 1226 3601 esse,
1276 3531 1351 3587 ut
1393 3525 1781 3603 corruptioni
1820 3521 2107 3585 crederet
2153 3523 2421 3584 obnoxia
2440 3525 2473 3584 ‚9

270 3632 508 3709 Quare,
543 3632 666 3694 alio
697 3652 888 3694 sensu
919 3630 1290 3692 candidatos
1321 3625 1502 3701 dixit,
1537 3646 1729 3707 quam
1761 3623 2118 3688 Cardinalis
2157 3630 2471 3703 autumat,

278 3736 485 3818 (quasi
515 3742 809 3818 peterent
829 3735 990 3816 jam,
1024 3753 1217 3815 quam
1257 3751 1391 3793 non
1421 3728 1760 3808 haberent)
1798 3748 2047 3808 nempe,
2082 3748 2208 3809 qua
2235 3728 2474 3790 militiae

335 3887 355 3906 ⁰
396 3877 495 3926 Ubi
517 3892 681 3940 supra,
721 3877 855 3940 [not.
877 3874 934 3939 ⁸.]

334 3943 356 3972 ‘¹
393 3943 445 4007 [“
465 3942 598 3991 Nam
612 3945 664 3990 et
680 3941 848 3991 Enoch
855 3940 1212 4003 justissimum,
1225 3952 1329 3986 non

266 4008 639 4064 circumcisum,
681 4021 773 4055 nec
816 4005 1230 4062 sabbatizantem,
1265 4001 1328 4051 de

268 4072 364 4122 hoc
401 4071 593 4148 mundo
648 4071 924 4127 transtulit,
970 4069 1057 4131 qui
1113 4066 1329 4116 necdum

265 4141 661 4250 ffazfffi’—Tert.
692 4199 803 4249 adv.
826 4199 857 4248 J
862 4198 947 4247 ud.
983 4212 1089 4260 cup.
1122 4196 1177 4246 ii.
1217 4194 1330 4258 Op„

268 4263 603 4386 2283&ss
640 4327 790 4378 hodie
830 4327 1003 4376 Enoch
1038 4331 1091 4375 ct
1136 4324 1327 4382 Helias,

269 4408 369 4443 non
412 4408 498 4442 um
536 4394 895 4442 resurrectione
932 4390 1206 4454 dispuncti,
1240 4390 1327 4452 qui

268 4474 332 4507 ne
367 4463 530 4507 morte
558 4458 749 4515 functi3
782 4472 882 4520 qua
914 4461 1084 4505 tamen
1117 4455 1180 4504 de
1209 4455 1327 4502 orbe

478 4136 718 4197 gustavit,
742 4138 801 4183 ut
831 4132 1134 4183 aeternitatis
1166 4129 1332 4180 caudi·

1415 3871 1664 3931 translati,
1686 3876 1740 3921 ct
1771 3870 1866 3920 hoc
1897 3870 2008 3948 ipso
2027 3870 2139 3933 jam
2174 3869 2476 3920 aeternitatis

1415 3936 1688 3992 candidati,
1711 3936 1775 3986 ab
1805 3950 1946 3984 omni
1979 3935 2123 3993 vitio,
2151 3940 2204 3984 et
2234 3936 2300 3984 ab
2333 3936 2474 3984 omni

1415 4001 1618 4061 dumne,
1650 4006 1704 4049 et
1737 4001 1800 4049 ab
1834 4000 1974 4049 omni
2007 3999 2192 4062 injuria
2223 4005 2276 4049 et
2306 4004 2474 4048 contu·

1415 4066 1569 4115 melia
1626 4066 1959 4115 emunitatem
2013 4064 2178 4112 carnis
2228 4063 2475 4123 ediscunt,

1417 4130 1619 4180 cuinam
1637 4129 1756 4179 fidei
1771 4129 2120 4178 testimonium
2138 4129 2358 4190 signant,
2374 4128 2475 4177 nisi

1416 4209 1515 4257 qua
1535 4194 1676 4244 credi
1698 4197 1911 4307 oportet,
1928 4193 2038 4241 haec
2057 4193 2238 4241 futurae
2261 4193 2472 4253 integri-

1415 4260 1538 4308 tatis
1571 4274 1678 4308 esse
1753 4258 2086 4308 ocumonta'l”
2105 4284 2166 4292 —
2191 4256 2353 4319 'Pet-t]
2396 4256 2473 4305 De

1416 4323 1695 4451 Resugelct.
1734 4323 1910 4386 [Cam.
1957 4337 2063 4384 cap.
2104 4321 2231 4370 lviii.
2278 4322 2390 4384 Op„
2424 4337 2472 4384 p.
