3165 4959
724 343 855 406 226
1352 356 1438 401 AD
1466 353 1867 402 ‘cmmffls
1910 352 2312 401 BELLARMINI

730 509 1029 594 pretium,
1079 516 1154 573 ut
1207 511 1446 573 Caesari
1492 511 1759 573 referret
1811 529 1949 572 rem
1998 507 2247 584 falsam,
2303 526 2448 588 quae
2493 505 2758 568 Patrum
2807 527 2945 568 me-

734 613 938 677 moria
966 614 1363 696 contigisset.
1440 615 1596 678 Non
1629 612 1987 676 conductus
2017 610 2254 692 (eredo)
2284 609 2364 673 ad
2395 609 2538 686 hoc,
2571 631 2609 672 a
2627 609 2949 671 Novatore

496 716 624 779 168
734 717 888 780 ullo.
984 717 1112 779 Sed
1169 718 1486 780 convincet
1544 724 1768 779 tamen
1812 714 1999 796 falsi,
2053 712 2224 797 quod
2283 713 2497 775 Canon
2555 713 2662 774 ille
2720 713 2948 774 tertius

735 840 962 882 uoeores
989 840 1112 882 non
1141 820 1436 900 eoecipiat.
1528 818 1706 884 Quid
1734 839 1915 901 opus»,
1949 839 2105 900 quas
2135 816 2484 899 excepisset
2517 815 2945 898 PaphnutiuS‚

737 922 1108 1005 priusquam
1139 923 1364 986 Canon
1393 921 1607 1005 rogari
1635 922 1897 1005 posset?
1990 919 2167 986 Quid
2196 940 2378 1001 opus,
2411 939 2570 1002 quas
2602 942 2946 982 συνεισακ-

739 1027 867 1090 τῶν
907 1026 1168 1089 nomine
1208 1046 1401 1090 nemo
1443 1025 1786 1109 intelligat,
1821 1032 1888 1088 et
1933 1024 2012 1088 de
2052 1024 2304 1107 quibus,
2337 1022 2614 1106 suspicio
2644 1043 2779 1086 non
2808 1023 2894 1085 sit
2915 1024 2946 1084 Ρ

804 1168 1001 1218 Deinde
1044 1168 1138 1234 [S.]
1172 1169 1490 1233 Epiphanius
1523 1204 1535 1217 .
1571 1207 1581 1218 .
1619 1206 1631 1219 .
1669 1173 1722 1218 et
1759 1169 1857 1234 [8.]
1900 1168 2241 1231 Hieronymus
2275 1204 2288 1217 .
2324 1203 2337 1215 .
2372 1171 2545 1230 aperte
2577 1166 2810 1215 scribunt
2842 1179 2948 1214 esse

870 1256 1045 1300 contra
1077 1252 1303 1301 Oenones
1339 1287 1351 1299 .
1387 1286 1399 1299 .
1424 1267 1448 1300 ·.
1484 1287 1496 1300 .
1534 1250 1601 1300 Et
1630 1255 1763 1300 certe
1800 1288 1812 1300 .
1848 1287 1861 1300 .
1896 1287 1908 1299 .
1945 1287 1957 1299 .
1995 1250 2177 1313 majori
2210 1249 2312 1299 fide
2347 1248 2495 1312 digni
2528 1251 2663 1306 sunt,
2687 1261 2840 1310 quam
2865 1247 2947 1296 So-

844 1336 1124 1392 'zomenus,
1156 1332 1244 1394 qui
1278 1332 1526 1395 posterior
1557 1335 1784 1394 tempore
1819 1335 1871 1380 et
1904 1330 2114 1380 inferior
2134 1330 2380 1389 doctriua,
2403 1333 2456 1378 et
2477 1329 2747 1379 sanctitate
2768 1328 2949 1377 fuit.—

873 1411 1020 1477 [Bell.
1041 1412 1193 1475 Apol.
1214 1427 1304 1475 pro
1324 1412 1494 1477 Resp]
1519 1428 1566 1476 p.
1594 1415 1671 1461 89.
1699 1412 1838 1476 [Op.‚
1861 1412 2091 1472 tom.vii.
2115 1411 2206 1461 eol.
2226 1411 2335 1462 754.
2363 1409 2453 1472 D.]

414 1517 716 1596 [ss-Epiph-
836 1511 966 1575 Sed
994 1510 1421 1592 Epiphania-set
1462 1517 1520 1573 et
1557 1512 2032 1592 Hieronymus&
2067 1516 2286 1573 contra
2322 1510 2600 1573 Canones
2639 1514 2948 1586 asserunt,

415 1583 718 1647 etH1er0n.]
744 1620 812 1675 zet
858 1614 1227 1696 Episcopus,
1277 1614 1634 1695 Presbyter,
1696 1615 2034 1692 Dicemus,
2097 1613 2320 1675 liberos
2370 1613 2657 1695 qiqnant.
2753 1612 2949 1675 Sozo-

742 1738 973 1779 menus
1044 1736 1187 1779 vero
1255 1718 1569 1796 posterior
1641 1723 1933 1798 tempore.
2020 1716 2096 1780 M
2103 1716 2324 1779 inutiae
2356 1741 2369 1779 z
2432 1715 2771 1797 posterior,
2840 1714 2953 1796 qui

743 1827 962 1881 tamen
1008 1818 1231 1880 eadem
1278 1826 1468 1882 aetate
1503 1819 1681 1882 vixit.
1771 1817 2049 1900 Inferior
2077 1819 2274 1882 etiam
2305 1819 2593 1881 doctrina
2623 1824 2684 1881 et
2712 1818 2951 1880 sancti-

746 1927 916 1993 tate‚·
973 1927 1039 1984 at
1084 1920 1151 1982 id
1190 1942 1325 1984 non
1356 1922 1684 2004 quaeritur,
1718 1944 1802 1984 an
1833 1923 2074 1985 doctior
2102 1919 2472 1999 sanctioriae,
2506 1922 2617 1984 sed
2647 1942 2733 1983 an
2765 1942 2951 1984 verus

744 2023 813 2085 in
858 2023 1143 2087 historia.
1241 2025 1437 2100 Nam,
1491 2047 1652 2106 quos
1710 2025 1807 2087 illi
1860 2026 2156 2089 Canones
2205 2024 2648 2088 contravenire
2700 2023 2950 2102 dicunt,

747 2126 1024 2189 Romani
1055 2132 1255 2189 erant.
1355 2127 1595 2190 Videas
1638 2127 1763 2191 hoc
1807 2128 1878 2190 in
1923 2136 2100 2191 sexta
2138 2128 2397 2211 Synodo
2431 2127 2754 2204 Generali,
2789 2129 2952 2192 Can.

744 2228 907 2291 xiii.¹
953 2228 1066 2292 ubi
1116 2229 1477 2294 Romanam
1525 2230 1902 2311 Ecclesiam,
1947 2231 2027 2295 de
2075 2232 2340 2296 Canone
2384 2231 2516 2308 illo,
2565 2230 2956 2295 nominatim

725 2331 1191 2414 ‚perstringunt
1218 2334 1459 2412 Patres,
1495 2342 1560 2397 et
1591 2355 1697 2410 ne,
1721 2335 1821 2398 vel
1853 2335 2048 2399 sacris
2078 2342 2438 2412 arceantur,
2471 2334 2582 2417 qui
2613 2335 2953 2416 conjuyati,

746 2456 905 2500 neve
963 2457 1089 2500 usu
1149 2437 1421 2520 conjuyii
1473 2446 1623 2503 voto
1683 2439 1897 2522 aliquo
1952 2438 2306 2522 priventur,
2356 2458 2573 2502 severe
2632 2438 2954 2501 sanciunt.

750 2541 953 2603 Suum
985 2562 1134 2605 vero
1172 2542 1351 2605 hunc
1383 2543 1712 2607 Canonem
1760 2543 2042 2626 antiquis
2089 2550 2154 2606 et
2185 2541 2572 2625 Apostolieis
2611 2549 2955 2606 consenta-

745 2665 978 2709 neum:
1029 2645 1398 2708 Romanum
1428 2667 1578 2709 vero
1610 2647 2021 2710 contrarium.

813 2789 1049 2853 Episcopi
1074 2789 1368 2852 Anglicani,
1390 2794 1683 2855 contempta
1703 2791 1814 2855 lege
1839 2792 2072 2857 concilii,
2106 2828 2120 2843 .
2154 2830 2167 2842 .
2202 2829 2215 2842 .
2242 2808 2423 2843 uxores
2447 2793 2642 2843 ducunt
2663 2793 2820 2843 etiam
2842 2798 2960 2857 post

875 2872 1116 2935 adeptum
1161 2872 1533 2936 Episcopatum.
1605 2873 1781 2936 Itaque
1819 2874 2013 2923 nullam
2059 2874 2249 2924 habent
2292 2875 2681 2925 excusationem.
2705 2902 2771 2911 —
2798 2874 2959 2939 [Bell.

877 2954 1027 3016 Apol.
1051 2968 1143 3016 pro
1168 2953 1343 3016 Resp]
1371 2969 1418 3017 p.
1443 2957 1521 3004 90.
1549 2954 1687 3018 [Op.‚
1711 2960 1835 3005 tom.
1858 2955 1949 3004 vii.
1970 2955 2061 3004 col.
2084 2955 2193 3007 755.
2218 2956 2310 3018 A.]

459 3064 645 3141 '1²0th
836 3052 1024 3114 Nova
1052 3053 1149 3115 lis.
1240 3054 1499 3115 Ducunt
1528 3055 1747 3131 nostri,
1781 3055 1970 3116 etiam
1999 3060 2334 3136 postquam
2365 3055 2578 3136 adepti
2606 3056 2961 3138 Episcopa-

426 3143 676 3243 ωοξιὲζζω
752 3162 870 3233 tus,
903 3178 1096 3238 quare
1125 3160 1585 3221 excusationem
1616 3161 1852 3221 nullam
1882 3159 2126 3222 habent.
2193 3159 2463 3222 Habent
2491 3181 2661 3224 vero·
2719 3162 2962 3225 Totum

425 3256 677 3323 positivi‚]
753 3259 925 3323 enim
958 3259 1081 3322 hoc
1110 3261 1365 3343 positivi
1394 3261 1588 3324 modo
1619 3261 1808 3344 juris,
1895 3262 2319 3343 ArgumentO,
2354 3263 2524 3346 quod
2555 3263 2624 3326 in
2656 3264 2963 3348 conjugio

753 3361 927 3425 Cleri
956 3362 1056 3424 sui
1084 3363 1295 3426 Graeci
1327 3363 1451 3427 alio
1477 3365 1624 3448 jure
1653 3370 1950 3442 utuntur,
1976 3364 2196 3427 Latini
2226 3365 2370 3428 alio.
2454 3366 2777 3428 Laxatum
2806 3388 2964 3431 vero

745 3464 854 3547 jus
897 3462 1097 3540 istud,
1132 3471 1196 3528 et
1225 3466 1499 3528 refixum
1530 3467 1704 3549 apud
1735 3488 1875 3544 nos,
1919 3466 2178 3549 Synodo
2220 3466 2528 3548 legitima.
2619 3467 2844 3530 Etiam
2881 3469 2967 3549 (si

752 3587 887 3629 non
932 3567 1168 3631 erravit
1220 3567 1524 3632 Pontifex
1577 3568 1731 3633 Pius
1777 3568 1896 3649 II.)
1954 3567 2125 3631 bono
2176 3567 2329 3631 olim
2367 3569 2515 3651 jure
2558 3570 2761 3631 fixum
2780 3595 2798 3646 3
2845 3570 2965 3633 sed

751 3668 1016 3733 meliore
1059 3671 1198 3753 jam
1231 3671 1400 3754 apud
1430 3693 1540 3734 vos
1573 3692 1825 3754 quoque
1868 3671 2264 3754 refigendum
2284 3682 2331 3735 5.
2423 3672 2660 3736 Caesari
2692 3674 2786 3736 sic
2818 3674 2962 3757 qui-

818 3847 834 3877 *
877 3847 999 3909 [Καὶ
1040 3850 1196 3897 ταῦτα
1233 3849 1465 3909 ἀσφαλῶς
1500 3848 1529 3906 ἦ
1567 3847 1684 3909 ἁγία
1726 3850 1815 3897 τοῦ
1901 3847 2026 3910 quid
2069 3847 2292 3911 AEgypti,
2336 3851 2389 3899 et
2442 3848 2577 3899 sedis
2621 3851 2967 3913 Apostolicae3

753 3914 877 3959 Θεοῦ
925 3912 1164 3971 ἐκκλησία
1205 3914 1331 3972 μετὰ
1376 3911 1615 3975 ἀκριβείας
1663 3932 1811 3975 παρα·
1900 3928 2013 3974 quae
2050 3918 2139 3963 ant·
2174 3914 2398 3975 virgines
2429 3914 2650 3964 Clericus
2683 3916 2962 3978 accipiunt,

751 3974 1067 4036 φυλάττεται.
1108 3977 1239 4025 ἀλλὰ
1272 3977 1352 4026 καὶ
1386 3977 1475 4026 τὸν
1508 3977 1582 4025 ἔτι
1614 3979 1812 4033 βιοῦντα
1898 3981 1987 4025 aut
2008 3978 2355 4037 continentem
2390 3984 2492 4037 aut,
2512 3980 2555 4027 si
2576 3994 2756 4029 uxores
2778 3980 2965 4029 habue-

752 4040 836 4087 καὶ
867 4039 1263 4100 τεκνογονοῦντα.
1297 4043 1406 4100 μιᾶς
1436 4042 1659 4101 ’γυναικὸς
1697 4041 1813 4090 ὄντα
1898 4042 2020 4098 rint,
2043 4043 2215 4091 mariti
2242 4057 2348 4091 ense
2370 4042 2785 4093 desistemus—S.
2813 4043 2961 4093 Hier.

750 4102 912 4165 ἄνδρα,
968 4105 1025 4151 οὐ
1091 4103 1301 4167 δέχεται,
1359 4105 1494 4153 ἀλλὰ
1545 4105 1640 4154 ἀπὸ
1702 4108 1811 4165 μιᾶς
1898 4110 2057 4154 contr.
2085 4106 2246 4169 Vigil.
2270 4110 2388 4156 sect.
2413 4110 2459 4157 2.
2496 4107 2608 4170 Op.‚
2644 4113 2766 4158 tom.
2787 4110 2843 4158 ii.
2863 4109 2961 4159 col.

752 4166 1211 4230 ἐγκρατευσάμενον,
1233 4169 1264 4225 ἢ
1286 4169 1606 4230 χηρεύσαντα,
1642 4170 1812 4219 Διάκο·
1898 4172 2008 4220 389.
2035 4170 2120 4233 B.]

752 4231 837 4280 νόν
857 4249 930 4288 τε,
954 4232 1032 4280 καὶ
1058 4234 1402 4295 Πρεσβύτερον,
1418 4235 1497 4282 καὶ
1512 4233 1810 4293 ’Sulcum-ov,
1963 4242 1986 4265 ¹
2045 4234 2176 4284 Vide
2197 4250 2362 4298 supra,
2396 4249 2445 4297 p.
2471 4237 2581 4286 217.
2607 4240 2712 4286 not.
2737 4236 2795 4300 ἦ]

751 4295 833 4343 καὶ
857 4294 1201 4355 ’Τποδιάκονοη
1223 4297 1440 4355 μάλιστα
1461 4298 1580 4346 ὅπου
1601 4298 1813 4359 ἀκριβεῖς
1963 4307 1986 4338 Y
2053 4303 2082 4326 ‘⁴
2106 4299 2461 4350 Sacerdotibus
2519 4315 2708 4362 magna
2762 4304 2968 4353 ratione

748 4358 944 4408 κανόνες
983 4361 1029 4408 οἱ
1067 4360 1529 4419 δκκλησιαστικοίκ-
1540 4361 1590 4411 S.
1626 4362 1812 4426 Epiph.
1898 4363 2121 4412 sublatas
2152 4365 2373 4427 nuptias,
2408 4364 2589 4427 majori
2623 4366 2970 4417 restituendas

750 4421 890 4471 Haer.
911 4423 1003 4471 lix.
1022 4422 1285 4488 (cathari.)
1310 4438 1414 4487 cap.
1431 4426 1475 4475 4.
1504 4425 1616 4489 Op.‚
1639 4431 1760 4476 tom.
1775 4428 1809 4476 i.
1898 4427 2172 4476 videri.”—
2191 4429 2403 4478 Dictum
2443 4429 2595 4493 Papae
2637 4430 2718 4479 Pii
2760 4430 2828 4480 ΙΙ.
2849 4449 2865 4492 ;
2905 4434 2970 4482 in

746 4498 793 4545 p.
823 4488 934 4533 496.
966 4486 1052 4548 B.]
1899 4492 2024 4541 Vita
2044 4492 2151 4555 ejus
2168 4493 2303 4556 apud
2330 4493 2517 4543 Platin.
2533 4494 2597 4543 de
2612 4494 2754 4545 Vitis
2772 4495 2970 4549 Pontis.

810 4554 835 4577 ¹¹
870 4548 927 4610 [“
944 4548 1076 4604 Quid
1100 4549 1285 4600 facient
1306 4551 1529 4603 Orientis
1551 4555 1810 4606 ecelesiael
1896 4571 1946 4619 p.
1973 4557 2105 4620 392]
