3165 4959
471 1028 592 1089 201

701 349 830 412 276
1330 363 1416 410 AD
1461 362 1844 411 CARDINAus
1887 360 2287 409 nmmum

702 517 829 577 lum
845 515 1079 596 pedum
1109 516 1260 597 qimi,
1285 522 1345 579 et
1377 516 1535 579 dicit
1564 517 1718 578 mihi
1747 516 2100 597 Scriptura,
2134 519 2154 548 ‘
2172 515 2367 577 Terra
2392 517 2651 590 (autem)
2676 511 2919 574 scabel-

704 620 830 680 lum
846 618 1079 698 pedum
1108 616 1460 681 meorumdss
1515 619 1828 691 Quomodo
1859 618 2258 681 adorabimus
2288 623 2543 694 terram,
2576 636 2714 678 cum
2744 615 2919 677 dicat

707 728 920 803 aperte
938 722 1287 803 Scriptura,
1315 723 1672 785 ‘Dominum
1690 723 1890 784 Deum
1914 729 2085 784 tuum
2104 720 2503 783 adorabis⁰?’
2555 718 2917 795 Fluctuans,

708 830 991 888 converto
1015 846 1111 887 mc
1140 826 1229 886 ad
1260 825 1594 903 Christum,
1631 874 1646 888 .
1684 873 1697 888 .
1736 873 1751 888 .
1793 827 1948 905 (non
1980 845 2192 887 arcam
2221 824 2526 905 ligneam)
2564 828 2624 884 et
2651 821 2917 897 inventio,

711 928 1007 1009 quomodo
1050 930 1184 990 sine
1225 929 1544 1009 impietate
1588 929 1887 991 adoretur
1932 933 2125 1004 terra,
2155 928 2290 989 sine
2329 927 2651 1007 impietate
2697 911 2940 997 adamus

714 1037 820 1093 tur
862 1030 1194 1092 scabellum
1231 1031 1465 1110 pedum
1515 1031 1667 1112 eius.
1770 1031 2054 1110 Suscepit
2102 1030 2263 1092 enim
2312 1030 2388 1091 de
2439 1035 2613 1091 terra
2660 1034 2917 1104 tem-am,

712 1134 861 1215 quia
908 1153 1055 1195 caro
1110 1133 1286 1214 (ejus)
1340 1133 1417 1195 de
1462 1139 1637 1195 terra
1681 1140 1773 1195 est
1790 1130 1830 1196 f.
1943 1131 2131 1196 Nihil
2181 1152 2336 1214 ergo
2381 1131 2650 1194 scabello
2692 1129 2803 1207 ibi,
2852 1137 2920 1192 et

710 1237 926 1317 liyneoe
954 1236 1057 1298 vel
1087 1256 1268 1314 arcoe,
1300 1237 1401 1299 vel
1429 1237 1710 1317 imayini.
1805 1236 1931 1299 Sed
1962 1255 2172 1317 neque
2202 1235 2294 1297 sic
2322 1234 2723 1312 Ambrosius,
2749 1232 2920 1316 quod

711 1340 904 1422 paulo
963 1346 1114 1402 ante
1171 1339 1385 1422 posuit
1440 1339 1519 1402 de
1580 1340 1863 1402 Scabello
1915 1338 2157 1422 pedum
2168 1348 2215 1401 ⁸.
2306 1338 2525 1419 Neque
2583 1337 2779 1413 enim,
2826 1337 2917 1399 ait

716 1442 1099 1506 Ambrosius
1101 1490 1120 1520 ,
1154 1442 1541 1505 adorandum
1581 1443 1908 1524 quicquam
1940 1447 2179 1522 proeter
2219 1442 2422 1503 Deum
2461 1441 2738 1522 leyimus,
2773 1441 2920 1523 quia

715 1548 1017 1627 scriptum
1057 1545 1205 1629 [est]
1219 1594 1237 1623 ‚
1286 1547 1651 1608 ‘Dominum
1683 1546 1884 1608 Deum
1931 1551 2103 1608 tuum
2145 1544 2460 1621 adorabis,
2500 1550 2561 1606 et
2611 1544 2741 1623 Ipsi
2785 1544 2922 1607 Soli

714 1650 990 1712 servies.’
1064 1649 1375 1721 Quomodo
1406 1654 1613 1711 autem
1642 1648 1941 1710 adversus
1970 1648 2162 1729 leqem
2190 1647 2509 1727 Propheta
2525 1647 2922 1729 praeciperet,

715 1752 827 1813 sub
857 1753 988 1833 leye
1016 1754 1309 1828 nutritus,
1340 1750 1458 1834 [et]
1492 1751 1776 1813 eruditus
1805 1750 1873 1813 in
1903 1751 2034 1830 leqe
2057 1752 2089 1812 Ρ
2119 1796 2136 1813 .
2173 1797 2189 1813 .
2221 1749 2352 1811 Per
2384 1749 2718 1812 scabellum
2749 1755 2922 1811 terra

714 1855 1106 1934 intelliyitur‚
1126 1874 1251 1934 per
1279 1860 1513 1916 terram
1547 1852 1809 1936 [autem]
1852 1873 2000 1915 caro
2037 1853 2274 1914 Christi
2295 1849 2345 1913 ¹².
2414 1852 2659 1915 Tamen
2690 1860 2756 1915 et
2783 1852 2925 1934 ipsa

715 1956 1084 2018 humanitas
1123 1956 1220 2037 (ut
1252 1954 1538 2038 disputat
1568 1955 2008 2037 Augustinus)
2056 1975 2190 2017 non
2222 1953 2418 2032 nuda,
2449 1954 2551 2017 vel
2591 1955 2728 2017 sola
2769 1954 2921 2017 ado·

715 2056 919 2120 randa
945 2064 1046 2120 est
1071 2082 1086 2120 t
1134 2056 1245 2120 sed
1286 2056 1608 2119 divinitati
1636 2058 1841 2134 unita,
1872 2064 1949 2119 ut
1982 2056 2179 2139 Regis
2209 2077 2515 2139 purpura,
2546 2078 2681 2120 non
2709 2079 2823 2141 per
2855 2077 2923 2120 se

709 2160 950 2243 jacenS,
1004 2158 1114 2221 sed
1162 2179 1310 2222 eum
1358 2180 1434 2222 ea
1482 2159 1623 2221 Rex
1673 2160 1872 2223 fuerit
1922 2159 2211 2222 indutus.
2304 2159 2411 2237 Et,
2444 2179 2582 2221 cum
2609 2161 2709 2222 vel
2748 2160 2924 2221 illam

718 2261 948 2324 adoras
996 2261 1158 2343 (ait),
1205 2282 1281 2325 ne
1324 2263 1699 2344 cogitatione
1741 2282 2065 2324 remaneas
2110 2263 2178 2324 in
2225 2280 2432 2340 carne,
2484 2267 2546 2325 et
2592 2283 2632 2323 a
2677 2262 2924 2343 Spiritu

718 2386 840 2428 non
867 2364 1217 2447 vivificeris.
1294 2366 1577 2446 Spiritus
1611 2414 1625 2428 .
1664 2414 1678 2428 .
1711 2367 1873 2428 enim
1905 2367 2160 2449 (inquit)
2196 2415 2210 2428 .
2248 2414 2262 2428 .
2294 2365 2590 2446 vivificat,
2624 2386 2770 2429 caro
2799 2387 2924 2429 non

707 2468 969 2550 prodest
1014 2470 1342 2552 quicquam
1400 2469 1552 2553 [leg.
1605 2490 1754 2533 caro
1807 2475 2014 2532 autem
2059 2469 2222 2532 nihil
2258 2466 2596 2552 proaem]
2697 2468 2921 2535 Quan-

720 2595 932 2655 quam,
988 2573 1041 2635 si
1090 2572 1192 2636 vel
1241 2574 1419 2635 Arca
1470 2572 1554 2634 sit
1612 2572 1809 2654 (quod
1860 2571 2220 2636 cardinalis
2278 2571 2463 2635 valde
2526 2572 2709 2653 vult),
2764 2578 2830 2636 et
2885 2594 2925 2635 a

720 2676 1002 2740 Scabello
1063 2682 1518 2758 argumentum
1571 2674 1766 2737 ducat
1816 2674 1898 2737 ad
1945 2676 2268 2755 imayines,
2333 2675 2563 2753 dicam,
2627 2674 2795 2758 quod
2852 2676 2923 2738 in

719 2799 791 2841 re
831 2779 1023 2842 simili
1052 2778 1503 2841 Tertullianus.
1612 2779 1687 2841 Si
1732 2784 1801 2840 tu
1845 2777 2100 2840 eundem
2147 2779 2347 2840 Deum
2394 2778 2701 2856 observas,
2738 2779 2925 2841 habes

720 2883 912 2962 leyem
945 2882 1127 2961 Ejus,
1168 2902 1246 2943 ne
1286 2880 1441 2962 quid
1488 2881 1712 2943 adores
1748 2886 1987 2961 praeter
2017 2881 2221 2943 Deum
2241 2909 2258 2942 .·
2319 2886 2400 2958 et,
2445 2882 2503 2943 si
2541 2889 2924 2963 praeceptum

707 2988 858 3062 post
905 3003 1068 3044 arcoe
1121 2982 1458 3044 adoranda?
1506 2984 1788 3063 respicis,
1834 2989 1896 3045 et
1944 2989 2012 3045 tu
2059 2984 2311 3045 imitare
2361 2983 2762 3064 Prophetam‚
2814 3005 2926 3047 nec

720 3084 945 3146 adores
973 3085 1293 3164 imaqines,
1318 3085 1443 3145 nisi
1473 3084 1589 3146 tibi
1619 3085 1791 3147 Deus
1804 3086 2075 3165 jusserit
2091 3083 2138 3148 ¹.
2215 3086 2360 3149 Nec
2388 3084 2618 3168 legunt
2648 3085 2738 3149 ibi
2767 3088 2922 3170 Sep-

718 3183 1058 3267 tuaginta¹,
1100 3205 1221 3247 nec
1269 3185 1368 3247 vel
1409 3187 1818 3267 Augustinus
1829 3197 1891 3265 ¹¹²,
1935 3187 2038 3251 vel
2086 3188 2523 3272 Hieronymus
2534 3199 2582 3267 ¹¹,
2621 3189 2923 3260 Quoniam

720 3288 1021 3367 Sanctum
1079 3287 1255 3365 illud,
1306 3288 1436 3366 sed,
1504 3289 1809 3361 Quoniam
1871 3290 2143 3352 Sanctus
2193 3292 2345 3371 ipse.
2435 3291 2733 3375 Denique
2792 3313 2925 3355 non

717 3390 906 3452 aliter
948 3388 1038 3452 ibi
1093 3390 1363 3452 adorare
1402 3389 1719 3473 jubentur
1770 3392 2118 3455 Scabellum
2170 3413 2359 3456 versu
2410 3393 2639 3476 quinto
2657 3407 2685 3433 ⁰
2729 3415 2922 3477 quam

717 3499 980 3556 montem
1008 3494 1208 3574 ipsum
1237 3514 1425 3556 versu
1455 3492 1704 3572 ultime,
1736 3493 1959 3557 eadem
2005 3494 2348 3577 utrobique
2393 3496 2727 3578 particula.
2818 3496 2925 3560 Ad

720 3596 1068 3660 Scabellum
1118 3594 1378 3672 scilicet,
1439 3595 1540 3657 vel
1598 3601 1862 3658 morztem
1918 3616 2136 3659 versus
2184 3598 2514 3661 incurvare
2572 3618 2640 3661 se
2690 3598 2788 3680 (ut
2840 3598 2932 3660 ad

784 3745 807 3776 ‘¹
853 3745 923 3811 [S.
945 3746 1073 3806 Aug.
1098 3743 1273 3793 Enarr.
1304 3745 1359 3792 in
1389 3744 1467 3794 Ps.
1488 3744 1660 3792 xcviii.
1688 3748 1776 3807 §9-
1864 3743 2069 3801 dinem:
2105 3747 2149 3795 si
2172 3750 2224 3796 et
2246 3752 2555 3810 praeceptum
2578 3747 2724 3797 factae
2754 3750 2928 3810 postea

723 3810 834 3872 Op..
873 3815 995 3886 tom.
1018 3811 1083 3858 iv.
1126 3809 1218 3857 ool.
1246 3807 1497 3870 1520.·D.]
1652 3861 1661 3869 ,
1863 3809 2222 3860 similitudInis
2266 3812 2489 3887 respicis,
2525 3817 2578 3861 et
2623 3816 2681 3861 tu
2724 3813 2928 3860 imitare

786 3882 808 3968 ἶ
869 3873 998 3987 ἷῖξξῖἷῑ
1022 3872 1079 3986 3·
1865 3873 2437 4003 ffssiffiuffissffii
2468 3873 2928 3989 zilffidffl

787 4012 811 4043 ⁸
846 4003 994 4067 [Bell.
1030 4002 1184 4064 Apol.
1233 4015 1325 4064 pro
1369 4000 1538 4129 Bessa]
1585 4016 1632 4065 p.
1666 4004 1775 4052 107.
1857 4002 2166 4130 jusssgrilti'i-
2179 4002 2335 4066 Tem]
2359 4003 2422 4053 de
2448 4003 2571 4053 Idol.
2600 4004 2724 4068 [cap.
2750 4003 2925 4068 v.Op.,

724 4066 1109 4195 [Οείδωῖωῗιξ.
1130 4066 1565 4192 ἕὲιὲέἰδξῖῒὲιοὺο,
1587 4129 1677 4178 lib.
1701 4130 1775 4178 iii.
1864 4081 1942 4160 Ρη
1990 4102 2339 4195 ΙξΠὲοσ-κυνεῖτε
2405 4134 2475 4194 τᾷ
2541 4132 2776 4195 ὑτοποδίφ
2830 4136 2926 4181 r&

721 4211 828 4259 (ηρ.
847 4199 923 4243 11.
946 4195 1067 4244 Ben.
1094 4194 1176 4255 (al.
1198 4196 1279 4255 12)
1304 4198 1445 4243 sectt.
1462 4196 1540 4251 78,
1562 4194 1643 4245 79.
1667 4194 1778 4257 Op„
1863 4198 2021 4243 ποδῶν
2065 4196 2226 4254 αὐτοῦ,
2270 4194 2344 4245 ὅτι
2388 4195 2523 4258 ἅγιός
2566 4198 2689 4246 ἐστι.
2707 4196 2927 4245 —Vers-

720 4263 843 4308 tom.
864 4260 916 4308 ii.
939 4259 1053 4308 coll.
1075 4261 1185 4308 680.
1205 4258 1260 4307 F.
1286 4261 1396 4307 681.
1422 4257 1509 4321 Α.]
1867 4257 2032 4308 LXX.
2057 4259 2276 4323 Interp.]

784 4323 797 4354 ¹
845 4323 917 4388 [S.
942 4324 1072 4384 Aug.
1097 4323 1272 4371 Enarr.
1301 4325 1356 4372 in
1381 4322 1458 4372 ΡΒ.
1484 4323 1656 4371 xcviii.
1683 4326 1706 4383 ς
1733 4324 1779 4371 9.
1930 4331 1963 4353 ¹¹·
2037 4323 2087 4372 S.
2126 4328 2259 4386 Aug.
2307 4324 2483 4374 Enarr.
2527 4325 2585 4373 in
2632 4324 2712 4374 Pa.
2749 4325 2926 4374 xcviii.

720 4387 833 4450 Op..
865 4392 987 4437 tom.
1014 4388 1081 4436 iv.
1117 4386 1210 4435 col.
1237 4389 1380 4436 1521.
1406 4386 1493 4450 Β.]
1867 4391 1891 4449 ς
1918 4390 1964 4437 9.
2000 4325 2111 4450 gp..
2144 4392 2268 4437 tom.
2295 4390 2361 4438 iv,
2384 4390 2477 4439 col.
2504 4390 2650 4439 1520.
2675 4388 2761 4453 Β.]

785 4452 804 4482 ’·
854 4452 914 4514 [“
930 4450 986 4499 Si
1038 4449 1254 4500 eundem
1312 4450 1475 4499 Deum
1531 4451 1778 4507 observas.
2023 4452 2072 4500 S.
2095 4451 2236 4502 Hier.
2275 4453 2385 4516 Op„
2406 4458 2528 4504 tom.
2543 4455 2613 4503 ix.
2641 4453 2733 4502 ool.
2767 4452 2925 4515 1249]

1935 4460 1958 4483 ιι

719 4514 873 4561 habes
892 4514 1055 4572 legem
1082 4514 1219 4573 Ejus,
1247 4514 1327 4563 Ne
1349 4514 1525 4564 feceris
1545 4516 1780 4565 similitu·
1933 4526 1955 4549 ⁰
1993 4452 2123 4566 [³⁸21.
2148 4518 2283 4567 xcix.
2310 4522 2354 4568 5.
