3165 4959
597 281 687 345 88
1225 298 1309 345 AD
1355 294 1739 344 CARDINALIS
1784 287 2186 342 Emanium

610 455 872 518 demum
903 437 1310 516 obedientiam
1353 454 1541 517 hanc.
1635 453 1746 530 At,
1779 473 1856 516 eo
1892 451 2032 535 ipso
2071 457 2363 532 tempore
2402 438 2596 530 Papa,
2629 465 2714 509 an
2744 449 2827 508 ut

608 561 818 641 legem
852 579 1036 620 suam
1065 557 1429 639 refigerent,
1464 579 1549 621 an
1585 563 1661 619 ut
1705 556 1986 619 inclusos
2014 554 2085 616 in
2114 573 2365 616 carcere
2395 552 2706 627 laxarent,
2739 570 2825 611 an

613 670 687 726 ut
713 662 754 724 J
758 661 993 724 esuitas
1025 660 1106 724 ad
1136 681 1205 724 se
1233 660 1617 744 reciperent,
1650 681 1734 723 an
1763 673 1839 722 ut
1870 659 1939 721 in
1969 658 2070 721 his
2101 657 2419 720 obedirent
2450 654 2590 730 sibi,
2621 655 2826 736 impe-

614 773 786 829 trare
816 764 1115 847 poterat?
1206 763 1399 830 Quod
1438 763 1640 846 igitur
1669 762 1750 826 de
1780 762 2128 825 obedientia
2159 759 2397 837 dixisti,
2431 758 2515 821 ad
2532 777 2828 838 pompam

613 867 805 932 modo
849 866 992 946 fuit,
1025 873 1091 930 et
1134 866 1206 929 in
1235 887 1470 949 pompa
1492 893 1511 928 :
1560 866 1707 929 Duc
1757 864 1828 928 in
1861 865 2247 945 palaestram,
2280 861 2468 924 aliter
2517 860 2830 924 animatos

616 971 870 1034 sentieS.
933 970 1171 1048 Faciat,
1207 970 1379 1052 quod
1410 971 1806 1032 &ancorum
1838 966 2001 1050 Regi
2028 966 2181 1030 fecit
2215 963 2566 1047 Gregorius
2588 961 2829 1037 X1v.¹¹,

619 1074 840 1137 statim
894 1094 1087 1156 quam
1139 1073 1418 1136 eoehibuit
1476 1071 1884 1135 obedientiam
1928 1070 2081 1134 Dux
2121 1069 2546 1145 Nivernensis,
2588 1066 2825 1148 (credo)

618 1177 1014 1242 modificabit
1062 1176 1402 1240 nonnihil:
1449 1196 1591 1255 nec,
1645 1182 1806 1252 tum,
1863 1174 2008 1237 sivit
2056 1173 2292 1256 deponi
2345 1173 2606 1254 Regem
2642 1191 2829 1233 suum

628 1285 783 1364 (non
843 1281 1143 1344 obstante
1201 1279 1393 1342 bruto
1446 1280 1586 1364 ejus
1636 1277 1952 1357 fulmine,)
2005 1298 2126 1340 nec
2148 1277 2287 1359 jam
2343 1275 2521 1357 (scio)
2574 1275 2829 1352 sineret,

622 1385 953 1467 deeritque
989 1383 1222 1465 (credo)
1255 1383 1462 1446 officio
1491 1383 1560 1444 in
1587 1383 1852 1463 Papam,
1878 1402 1960 1444 ne
1985 1380 2147 1443 desit
2176 1380 2244 1442 in
2267 1380 2514 1461 Reyem.
2590 1376 2831 1456 Faciat,

625 1488 797 1572 quod
822 1487 1282 1571 Hispaniarum
1309 1485 1471 1568 Regi
1503 1486 1697 1569 hujus
1721 1485 1898 1548 Patri
1929 1484 2216 1546 facturus
2245 1482 2456 1546 fuerat
2489 1482 2708 1545 Sixtus
2726 1481 2832 1559 V.,

624 1613 745 1665 nec
776 1590 1022 1667 dubito,
1057 1590 1212 1672 quin
1251 1588 1477 1652 eadem
1506 1589 1942 1650 Illa-§trissimo
1972 1588 2138 1650 Daci
2169 1586 2364 1649 Ferioe
2399 1606 2585 1648 mens
2613 1585 2836 1647 futura

627 1695 730 1757 sit.
822 1694 920 1756 Eo
964 1693 1019 1754 si
1048 1693 1190 1755 loco
1230 1691 1429 1754 semel
1464 1712 1568 1754 res
1616 1691 1766 1767 sint,
1813 1691 2007 1753 osculi
2045 1689 2218 1752 illius
2257 1696 2395 1752 tam
2436 1688 2645 1751 suavis
2689 1708 2833 1750 san-

627 1797 775 1860 dalii
809 1795 1087 1858 inaurati
1118 1793 1578 1858 obliviscentur
1599 1793 1791 1857 illico.
1883 1793 2075 1859 Quod
2104 1791 2257 1856 fecit
2280 1791 2615 1855 Bonifacio
2632 1791 2833 1854 VIII.

630 1900 1025 1962 Francorum
1072 1899 1211 1960 Rex
1232 1895 1265 1975 i,
1322 1896 1491 1980 quod
1540 1896 1865 1960 Clementi
1896 1895 2060 1958 VII.
2126 1895 2589 1978 Hispaniarum
2641 1894 2836 1973 idem,

630 2001 821 2064 simili
852 2022 1025 2078 casu,
1057 2001 1158 2064 vel
1190 2000 1341 2063 huic
1372 2000 1608 2062 facturi
1642 2006 1817 2063 sunt.
1894 1999 1999 2062 Ad
2032 1998 2257 2062 urbem
2289 1997 2654 2076 advenient,
2687 2018 2838 2061 cum

630 2103 941 2169 comitatu
993 2103 1185 2186 longe
1233 2103 1439 2186 magis
1489 2102 1888 2186 splendente,
1931 2108 2158 2184 utpote
2207 2107 2490 2165 armato:
2540 2100 2841 2164 Scribent

629 2209 699 2270 in
730 2229 899 2284 eum,
934 2207 987 2270 si
1031 2228 1164 2270 non
1203 2207 1549 2285 Oratione-9,
1584 2213 1651 2269 at
1680 2207 2005 2287 Epi-stolas
2048 2227 2183 2269 non
2226 2206 2442 2268 minus
2473 2204 2838 2288 elegantes:

633 2312 886 2394 qualem
916 2312 1094 2394 legas
1121 2311 1332 2375 Caroli
1362 2317 1503 2373 tum
1515 2307 1563 2389 k,
1598 2310 1678 2373 ad
1704 2310 2106 2374 Clementem
2127 2311 2390 2392 Papam,
2422 2315 2616 2391 atque
2643 2309 2714 2372 in
2746 2330 2842 2388 ea,

643 2414 835 2498 (quod
883 2421 952 2477 te
1003 2413 1182 2477 dabit
1234 2414 1318 2477 ad
1373 2413 1698 2495 ruborem)
1757 2413 2085 2499 objectum
2139 2412 2457 2477 Clementi
2501 2433 2541 2474 a
2584 2412 2836 2492 Car010‚

635 2520 1065 2581 transmissum
1104 2517 1184 2581 ab
1232 2539 1309 2582 eo
1352 2519 1640 2580 nuncium
1686 2518 1774 2579 ad
1811 2518 2243 2580 Marchionem
2273 2517 2597 2595 Piscarioe,
2633 2516 2844 2580 Caroli

635 2630 777 2684 tum
807 2621 1134 2684 subditum
1140 2670 1158 2699 ,
1184 2628 1250 2684 et
1273 2621 1582 2704 Neapolis
1613 2641 1969 2704 proregem,
1995 2619 2347 2702 offerentem
2367 2619 2479 2682 sub
2497 2620 2846 2700 Apostolici

637 2725 861 2788 Brevis
883 2725 1218 2803 credentia,
1236 2725 1433 2805 Requi
1443 2725 1848 2806 Neapolitani
1865 2724 2294 2787 investituram
2313 2728 2372 2785 et
2377 2723 2845 2803 possessionem,

638 2828 690 2890 si
728 2851 766 2891 a
807 2828 1105 2911 Principe
1149 2850 1265 2891 suo
1309 2827 1391 2890 ad
1433 2828 1764 2891 Pontificis
1804 2816 2019 2910 partes
2061 2826 2462 2890 descisceret.
2555 2827 2847 2909 Cumque

638 2932 1033 2995 conscientia
1078 2931 1286 2995 teneri
1333 2952 1399 2993 se
1454 2931 1752 2995 Marchio
1800 2932 2092 3013 fingeret,
2133 2951 2218 2994 ne
2263 2930 2332 2994 id
2375 2930 2636 3008 faceret,
2679 2929 2850 3013 quod

638 3037 770 3096 sine
793 3035 1141 3096 incursione
1171 3035 1451 3096 oriminis
1482 3034 1637 3095 laesoe
1667 3034 2033 3135 Majestatis
2063 3034 2202 3096 fieri
2230 3054 2367 3098 non
2400 3041 2617 3117 posset
2644 3059 2657 3096 :
2705 3054 2846 3116 per-

378 667 464 729 68

703 3176 725 3208 ¹²
763 3177 926 3240 [Vide
961 3177 1155 3226 Thuan.
1181 3176 1318 3225 nist.
1343 3176 1433 3225 lib.
1469 3177 1530 3226 ci.
1557 3192 1699 3243 capp.

640 3244 813 3291 14.16.
842 3244 919 3291 18.
944 3247 1067 3291 tom.
1086 3258 1131 3290 v.
1196 3257 1240 3303 p.
1268 3245 1344 3291 66.
1371 3245 1446 3290 68.
1469 3240 1571 3354 70}

641 3306 735 3420 24¹8
760 3307 927 3436 §Vide
975 3308 1099 3357 Plat.
1128 3257 1234 3355 fit.
1276 3306 1443 3357 Bonis.
1470 3306 1543 3356 VI
1578 3306 1616 3355 1.
1653 3321 1700 3370 p.

704 3436 726 3467 ¹¹
766 3435 1019 3501 [⁴‘Qualia
1056 3438 1226 3486 autem
1264 3435 1460 3485 fuerint
1491 3452 1563 3493 ea.
1590 3453 1703 3499 quae

641 3501 871 3551 Marchio
918 3501 1186 3551 Pischariae
1231 3501 1286 3550 in
1334 3503 1495 3551 nostri
1541 3507 1703 3552 status

639 3566 1005 3616 detrimentum
1036 3567 1229 3630 jactare
1253 3571 1305 3614 et
1335 3571 1551 3616 tractare
1575 3567 1703 3617 dice-

643 3633 791 3681 batur
813 3669 825 3681 .
863 3669 876 3680 .
911 3669 922 3681 .
960 3630 1333 3694 comprobanda
1368 3646 1445 3681 res
1479 3633 1578 3681 erit
1615 3648 1704 3696 per

643 3697 803 3759 ipsius
843 3697 1152 3746 Marchionis
1191 3697 1377 3757 literas,
1402 3712 1514 3759 quae
1553 3712 1706 3760 penes

643 3776 735 3810 nos
764 3768 1026 3811 servantur
1048 3799 1060 3811 .
1085 3799 1097 3811 .
1123 3797 1136 3811 .
1161 3761 1355 3818 Quibus
1387 3763 1511 3811 satis
1532 3765 1704 3825 aperte

642 3826 899 3889 detegitur
934 3828 1100 3889 ipsum
1150 3826 1417 3876 Pisebariae
1460 3826 1706 3877 Marchio·

642 3906 761 3940 nem
780 3906 882 3940 non
906 3892 979 3940 ita
1000 3892 1192 3954 proprii
1221 3891 1425 3941 honoris
1441 3906 1498 3940 ac
1522 3893 1706 3941 consci-

640 3956 794 4005 entiae
829 3957 1178 4005 immemorem
1214 3956 1364 4006 fuisse
1409 3956 1540 4019 quod
1574 3957 1707 4019 quic-

642 4036 792 4082 quam
842 4022 895 4069 in
941 4028 1103 4070 status
1140 4022 1301 4070 nostri
1342 4020 1708 4070 detrimentum

641 4086 810 4134 moliri
856 4091 1061 4148 cuperet
1098 4123 1110 4134 .
1135 4122 1145 4134 .
1171 4122 1183 4134 .
1227 4085 1450 4135 Marchio
1493 4088 1602 4148 ipse
1641 4087 1702 4135 ad

641 4165 750 4200 eam
773 4151 1079 4212 tragoediam
1102 4155 1320 4211 vocatus,
1345 4151 1582 4200 simulata
1608 4151 1706 4199 fide

641 4216 695 4263 in
732 4230 843 4264 eam
878 4216 1304 4279 conspirationem
1350 4231 1464 4264 cum
1507 4217 1705 4265 caeteris

639 4278 781 4328 illius
814 4281 1102 4330 auctoribus
1136 4281 1374 4329 convenit
1395 4317 1407 4330 .
1435 4318 1446 4329 .
1470 4317 1482 4330 .
1509 4296 1621 4329 cum
1649 4283 1705 4331 in

639 4342 722 4392 his
744 4344 936 4393 Vestrae
955 4345 1253 4395 Sanctitatis
1267 4346 1562 4409 principalis
1576 4352 1705 4395 essct

638 4410 926 4468 auctoritas,
945 4411 1087 4459 audis
1103 4411 1319 4472 issetque
1338 4411 1566 4460 Marchio
1584 4426 1703 4459 nun-

639 4473 775 4520 cium
805 4473 868 4521 ad
903 4474 954 4522 id
990 4489 1079 4537 per
1110 4474 1346 4524 Vestram
1371 4476 1704 4525 Sanctitate-m

639 4537 1009 4598 transmissum,
1042 4538 1207 4587 eidem
1243 4541 1318 4588 sui
1356 4545 1511 4603 parte,
1536 4548 1594 4590 ut
1617 4542 1705 4602 ait,

1790 3177 2082 3228 offerentem
2131 3178 2224 3228 sub
2269 3177 2530 3241 cujusdam
2570 3178 2852 3240 Apostolici

1795 3243 1940 3292 Brevi
1966 3244 2223 3294 credentia
2246 3244 2408 3306 Regni
2431 3244 2594 3292 nostri
2621 3242 2668 3291 N
2673 3243 2854 3305 capoli-

1790 3310 1899 3357 tani
1935 3310 2305 3368 investituram,
2328 3314 2380 3357 et
2402 3308 2784 3371 possessionem,
2808 3309 2852 3355 si

1790 3374 1835 3421 is
1859 3374 1913 3421 in
1941 3373 2166 3435 ejusdem
2201 3373 2497 3423 Sanctitatis
2533 3377 2684 3435 atque
2706 3372 2855 3421 foede-

1790 3442 2014 3486 ratorum
2050 3453 2164 3487 cum
2199 3440 2358 3502 copiis
2391 3439 2554 3486 nostri
2587 3437 2853 3497 exercitus,

1790 3503 1953 3551 eidem
1979 3503 2263 3553 Marchioni
2286 3504 2450 3565 magis
2471 3502 2681 3561 affectis,
2698 3508 2856 3552 trans·

1791 3569 1889 3616 iret
1923 3570 2073 3631 atque
2113 3569 2448 3629 transfugeret
2493 3604 2505 3616 .
2556 3604 2568 3616 .
2616 3604 2626 3617 .
2675 3567 2856 3617 Finxit

1791 3632 2019 3682 Mai-chio
2041 3648 2092 3682 se
2117 3638 2413 3682 contentum
2447 3632 2528 3682 his
2550 3647 2785 3693 annuere,
2809 3633 2853 3681 si

1791 3696 1843 3745 id
1895 3712 2008 3747 cum
2059 3698 2263 3755 honore,
2311 3698 2420 3746 sine
2465 3698 2668 3747 incursu
2720 3698 2854 3746 leesae

1791 3763 2072 3825 majestatis
2093 3764 2276 3826 exequi
2309 3762 2486 3811 liceret
2509 3800 2522 3812 .
2546 3800 2558 3812 .
2586 3801 2597 3812 .
2623 3762 2708 3812 Ad
2726 3763 2854 3812 hanc

1792 3826 2049 3876 fictionem
2072 3830 2238 3890 magis
2259 3827 2577 3877 colorandam
2596 3827 2774 3877 habuit
2791 3843 2852 3875 ex

1794 3892 1914 3940 urbe
1938 3893 2206 3941 consilium
2245 3893 2538 3955 peritorum,
2566 3908 2665 3955 quo
2687 3893 2854 3942 eidem

1795 3956 2079 4005 Marchioni
2110 3956 2516 4021 persuadebatur,
2551 3957 2766 4006 eundem
2791 3958 2855 4006 li·

1795 4022 1894 4069 cite
1928 4036 2086 4084 posse,
2118 4038 2175 4072 ae
2208 4024 2317 4071 sine
2351 4022 2557 4072 honoris
2589 4037 2675 4071 seu
2697 4022 2856 4071 fideli-

1797 4087 1918 4135 tatis
1953 4088 2195 4148 praestitae
2236 4088 2458 4143 laesione,
2495 4102 2583 4136 seu
2624 4086 2856 4150 praejudi-

1793 4152 1887 4209 cio,
1920 4152 2128 4215 sineque
2161 4152 2376 4201 crimine
2408 4153 2544 4201 laesae
2576 4152 2857 4214 majestatis

1791 4217 1844 4263 in
1870 4224 2038 4278 partes
2066 4217 2259 4266 Vestrae
2295 4217 2593 4267 Sanctitatis
2613 4222 2853 4279 tanquam

1791 4281 2011 4343 supremi
2031 4281 2228 4330 domini
2247 4283 2388 4332 illius
2405 4287 2552 4331 terroe
2575 4280 2855 4344 transire.”]

1791 4346 2006 4409 -ApoL
2042 4360 2132 4409 pro
2166 4347 2344 4396 Carolo
2378 4347 2583 4404 Quinto,
2622 4347 2761 4409 [Car.
2793 4346 2855 4395 V.

1793 4409 2035 4474 Rescript.
2056 4410 2118 4460 ad
2139 4410 2422 4460 clemvll.
2448 4412 2855 4468 criminationes

1791 4480 1908 4525 sect.
1956 4478 2033 4524 20.
2089 4476 2225 4538 apud
2284 4475 2430 4527 Gold.
2479 4477 2649 4526 Const.
2711 4477 2856 4540 Imp,

1794 4546 1914 4590 tom.
1937 4541 1968 4588 i.
1994 4556 2042 4604 p.
2062 4541 2202 4605 486]
