3165 4959
384 1592 659 1654 [Adoratio

382 1658 664 1719 imaginum

379 1722 606 1784 antiquis

378 1787 596 1850 ignota]

700 348 830 411 278
1326 365 1411 410 AD
1456 364 1837 411 cARmNAms
1881 362 2280 410 Bmfflmi

700 518 967 581 veniunt
983 519 1013 581 P
1061 526 1172 582 aut
1213 540 1298 582 an
1336 525 1555 582 tutum
1594 540 1701 582 eas
1743 521 1977 602 populo
2012 518 2464 582 committere?
2528 517 2640 600 qui
2683 523 2909 580 tamen

701 621 934 704 saepins
977 621 1245 704 imagini
1287 623 1641 705 prosternit
1692 643 1778 700 se,
1826 629 2019 705 atque
2070 621 2244 704 (audi
2288 622 2508 702 etiam)
2570 619 2907 704 supplicat,

701 745 894 805 quam
941 723 1147 805 quivis
1192 724 1654 789 Cardinalium.
1746 727 1938 790 Certe
1981 724 2212 808 lepidae
2253 725 2399 788 istae
2435 723 2909 799 distinctione8‚

700 828 1013 908 ivnayinis,
1076 834 1269 910 atque
1332 830 1507 907 idoli,
1582 829 1973 893 adorationis
2036 830 2318 909 propria?
2393 835 2459 891 et
2532 827 2909 907 impropriae,

705 929 1080 992 Sanctitatis
1120 931 1411 994 absolutae
1451 940 1517 995 et
1545 933 1843 1010 relativae,
1885 931 2114 1013 (ausim
2146 930 2379 1011 dicere)
2416 929 2640 1013 priscis
2667 929 2912 992 soeculis

700 1030 1029 1111 inauditae,
1060 1040 1204 1115 post
1234 1055 1438 1097 annos
1467 1055 1633 1117 pene
1664 1036 2046 1116 octinyentos
2075 1034 2351 1096 exclusae
2384 1039 2558 1096 sunt.

769 1159 896 1209 Haec
924 1161 1099 1210 omnia
1131 1197 1143 1209 .
1179 1177 1193 1209 ε
1225 1162 1452 1224 antiquis
1483 1197 1497 1210 .
1534 1199 1547 1211 .
1580 1162 1846 1211 notissima
1866 1165 2027 1221 erant,
2057 1195 2072 1211 .
2106 1195 2120 1209 .
2154 1197 2166 1209 .
2201 1163 2261 1209 ut
2283 1173 2386 1209 non
2410 1159 2612 1209 Satanae
2640 1159 2777 1208 fraus
2799 1157 2910 1206 haec

833 1240 1071 1291 Ecclesiae
1094 1242 1383 1303 obtrusa-it,
1405 1243 1493 1292 sed
1514 1243 1678 1306 pietas
1700 1247 1928 1292 veterum
1952 1242 2335 1299 conservaverit,
2358 1246 2410 1289 et
2431 1241 2669 1303 impietas
2694 1240 2911 1289 Novato·

835 1337 949 1371 rum
983 1324 1237 1382 everterit,
1259 1329 1318 1372 ut
1349 1324 1522 1375 omnia
1548 1327 1879 1373 monumenta
1907 1322 2086 1372 salutis
2119 1322 2363 1371 oblivioni
2390 1321 2525 1386 apud
2561 1321 2910 1372 Christianum

834 1405 1078 1468 populum
1107 1405 1666 1475 traderentur.—[Bell.
1689 1405 1841 1470 Apol.
1861 1419 1954 1468 pro
1988 1402 2161 1467 Resp]
2188 1418 2238 1466 p.
2265 1406 2373 1454 113.
2400 1402 2532 1468 [Op.,
2556 1407 2680 1452 tom.
2702 1404 2791 1452 vii.
2813 1403 2907 1453 col.

837 1485 948 1537 768.
974 1486 1029 1536 Β.
1058 1486 1139 1552 Q]

795 1578 1092 1659 Antiquis
1149 1579 1471 1641 notissima
1530 1577 1705 1656 dicit,
1764 1597 1886 1640 nec
1945 1584 2167 1639 tamen
2225 1598 2431 1640 unum
2506 1575 2770 1639 adducit
2827 1575 2909 1639 de

708 1683 1004 1763 antiquis.
1096 1682 1258 1746 Quis
1301 1703 1521 1745 eorum
1565 1681 1689 1743 hoc
1717 1681 1872 1745 fecit
1919 1683 2250 1764 unquam?
2296 1681 2439 1764 quis
2479 1681 2639 1743 dixit
2670 1681 2910 1744 facien-

710 1785 911 1847 dum?
1004 1784 1167 1850 Quis
1211 1805 1434 1848 eorum
1477 1784 1825 1866 imaginem
1860 1784 2019 1846 dixit
2049 1784 2518 1846 similitudinem
2560 1805 2695 1847 non
2725 1785 2907 1847 esse?

709 1890 843 1951 Lex
875 1897 1093 1951 autem
1117 1888 1238 1952 Dei
1268 1888 1735 1950 similitudinem
1765 1908 1999 1949 omnem
2027 1887 2389 1957 interdicit:
2436 1888 2519 1950 sit
2548 1888 2800 1965 idolum,
2825 1888 2909 1950 sit

706 1991 949 2071 imaqo;
1011 1990 1064 2052 si
1113 1990 1453 2053 similitudo
1502 1997 1620 2068 est,
1661 1989 1804 2070 lege
1848 1989 2192 2052 interdicta
2239 1997 2355 2052 est.
2444 1990 2546 2052 Ne
2592 1991 2907 2067 adoretur,

704 2092 1006 2176 prohibet
1022 2118 1042 2170 ς
1118 2113 1239 2155 nec
1295 2092 1630 2174 restringit
1680 2099 1847 2175 post,
1901 2093 2002 2156 vel
2051 2093 2412 2176 distinguit,
2466 2096 2598 2173 hoc,
2646 2095 2747 2157 vel
2789 2095 2908 2157 illo

706 2195 903 2258 modo,
1026 2194 1292 2260 Cultum
1355 2196 1745 2259 adorationis
1820 2197 1963 2260 Deo
2036 2197 2158 2260 soli
2220 2196 2546 2280 proprium
2604 2197 2905 2260 vindicat.

707 2298 1135 2362 Sanctitatem
1187 2298 1348 2362 locis
1395 2298 1645 2377 tribuit,
1699 2298 1812 2362 ubi
1861 2320 2145 2382 praesens
2194 2301 2375 2364 Deus
2436 2321 2515 2364 ex
2572 2300 2908 2384 peculiaris

705 2401 976 2485 alicujus
1021 2401 1315 2465 beneficii
1358 2401 1646 2465 ratione:
1693 2422 1847 2481 non,
1893 2402 2007 2465 ubi
2051 2401 2452 2485 Patriarcha,
2483 2402 2586 2465 vel
2634 2404 2908 2466 Sanctus

705 2506 933 2588 aliquis
979 2512 1494 2589 repraesentatus
1591 2505 1738 2568 Non
1790 2505 2086 2568 adorabis
2136 2528 2372 2570 omnem
2416 2508 2904 2570 similitudinem.

704 2609 851 2673 Imo
882 2609 1175 2672 adorabis
1206 2611 1482 2691 aliquam
1520 2610 2011 2701 similitudinem,
2044 2631 2264 2672 annon
2302 2631 2379 2672 ex
2412 2610 2726 2674 diametro
2756 2631 2906 2674 eon-

705 2712 950 2775 traria'?
1025 2713 1343 2775 Adorabis
1370 2733 1540 2790 vero,
1573 2711 1728 2774 dum
1770 2733 1855 2775 ne
1893 2713 2058 2775 sicut
2087 2713 2310 2775 Deum.
2404 2712 2908 2777 Similitudinem

705 2815 1018 2894 adorabis,
1065 2816 1120 2877 si
1176 2816 1520 2877 similitudo
1577 2819 1836 2877 tantum
1896 2815 2000 2892 sit,
2058 2835 2191 2877 non
2242 2815 2493 2878 idolum.
2590 2816 2736 2878 Imo
2787 2837 2910 2879 non

704 2918 1019 2995 adorabis,
1052 2918 1143 2980 ait
1176 2918 1526 3000 Gregorius
1545 2927 1590 2996 ',
1624 2916 1918 3000 quodque
1952 2917 2246 3000 Gregorii
2281 2925 2424 2981 tum
2453 2917 2660 3001 pietas
2685 2919 2908 2996 vetuit,

704 3018 1000 3082 ducentis
1051 3040 1215 3102 pene
1263 3027 1408 3102 post
1468 3019 1656 3082 annis
1692 3018 1948 3100 fraude,
1985 3020 2238 3083 Satanoe
2290 3020 2609 3086 obtinuit:
2689 3021 2777 3084 Et
2835 3030 2910 3084 ut

703 3122 1065 3185 cohaereant
1109 3122 1266 3201 haec,
1314 3122 1567 3204 glutino
1605 3145 1766 3206 opus
1813 3131 1910 3187 est
1956 3123 2035 3187 de
2074 3124 2397 3189 Scholis¹:
2461 3125 2633 3208 apud
2662 3125 2908 3199 PatreS,

702 3246 836 3287 non
894 3225 1192 3308 reperias,
1303 3227 1562 3309 Apertis
1637 3234 1855 3291 autem
1928 3248 2043 3310 per
2105 3249 2222 3291 nos
2292 3229 2502 3291 Sacrae
2564 3228 2912 3311 Scripturae

704 3327 1050 3405 codicibuS‚
1085 3349 1243 3410 quos
1283 3329 1519 3412 populo
1556 3329 1697 3413 jam
1726 3329 1951 3414 lingua
1991 3330 2204 3412 legere
2244 3330 2413 3411 licet,
2447 3352 2639 3413 quam
2671 3330 2911 3394 intelli-

704 3438 889 3513 gunt,
924 3442 1187 3494 cautum
1217 3431 1423 3515 magis
1454 3440 1573 3510 est,
1606 3454 1691 3496 ne
1724 3434 2016 3496 oblivioni
2051 3433 2389 3496 tradantur
2430 3434 2656 3496 salutis
2698 3454 2909 3496 vionu-

702 3541 928 3614 menta,
964 3556 1155 3618 quam
1194 3535 1383 3618 pictis
1413 3536 1646 3600 vestris
1687 3535 2054 3619 parietibuS,
2088 3536 2167 3599 de
2210 3537 2441 3620 quibus
2482 3537 2908 3619 AugustinuS,

767 3670 789 3693 '
826 3661 1220 3726 [“Convocandi
1243 3664 1383 3712 enim
1405 3668 1526 3712 sunt
1547 3663 1763 3726 dispersi
1852 3663 1907 3712 Si
1947 3662 2011 3713 ad
2049 3663 2180 3713 hane
2217 3664 2619 3723 instructionem,
2658 3663 2722 3712 ad
2758 3678 2908 3727 quam

704 3726 941 3776 Ecclesiae
966 3727 1080 3786 filii,
1101 3728 1271 3791 eisque
1303 3726 1577 3791 Scripturae
1611 3742 1764 3776 sacrae
1850 3729 2099 3790 imagines
2120 3729 2402 3792 antiquitus
2419 3729 2564 3778 factae
2577 3734 2711 3787 sunt,
2728 3728 2909 3777 habere

701 3798 781 3841 est
836 3793 1145 3842 testimoniis
1204 3792 1588 3851 ostendendum,
1646 3794 1766 3855 quia
1850 3792 2005 3841 vultis
2026 3794 2082 3841 in
2105 3792 2342 3853 Ecclesia,
2364 3808 2446 3842 eas
2479 3793 2644 3842 modis
2677 3793 2910 3842 omnibus

704 3870 854 3905 omne
886 3857 1229 3906 manufactum
1250 3857 1448 3907 adorari
1483 3872 1585 3906 non
1616 3857 1762 3918 licet;
1851 3862 1903 3905 et
1944 3857 2057 3907 fieri
2105 3862 2158 3907 et
2201 3858 2374 3908 haberi
2416 3859 2675 3920 permitto.
2741 3859 2909 3920 Atque

741 3922 945 3970 uoniam
1000 3923 1247 3984 scriptum
1302 3926 1410 3979 est;
1476 3921 1764 3970 Dominum
1850 3920 2021 3972 indica
2063 3923 2197 3984 quod
2235 3938 2340 3972 non
2375 3923 2473 3971 tibi
2507 3924 2619 3985 ἣρω
2651 3923 2779 3971 visio
2815 3922 2910 3971 his-

704 3937 878 4035 zeum
932 3992 1078 4035 tuum
1130 3987 1389 4045 adorabis,
1439 3993 1484 4035 et
1528 3986 1622 4036 Illi
1667 3987 1766 4035 soli
1851 3988 2012 4046 toriae,
2040 4002 2152 4051 quae
2188 3989 2385 4051 pictura
2417 3992 2545 4036 teste
2584 3987 2910 4050 pendebatur,

704 4052 903 4109 servies,
935 4051 1075 4113 (Luc.
1102 4052 1168 4100 iv.
1192 4054 1258 4113 8.)
1328 4054 1403 4100 Ac
1437 4051 1621 4100 deinde
1656 4051 1767 4100 sub·
1853 4052 2202 4115 displicuerit;
2255 4052 2343 4101 sed
2389 4053 2480 4101 illa
2520 4052 2762 4111 adorati0,
2797 4067 2909 4114 quae

698 4115 1018 4177 jungendum
1052 4118 1172 4178 quia
1205 4118 1427 4178 picturas
1464 4117 1766 4178 imaginum,
1891 4117 2065 4166 icturis
2112 4118 2275 4168 fuerat
2319 4118 2721 4179 incompetenter
2773 4117 2912 4167 exhi·

708 4195 820 4242 quae
844 4181 907 4230 ad
931 4180 1317 4230 *edificationem
1342 4180 1566 4243 imperiti
1592 4181 1766 4243 populi
1887 4181 2118 4231 itast—S.
2143 4182 2291 4244 Greg.
2332 4182 2402 4231 M.
2442 4182 2559 4245 lib.]
2603 4183 2671 4230 ix.
2710 4182 2800 4244 Bp.
2838 4182 2908 4229 ix.

710 4245 907 4294 fuerant
948 4246 1111 4304 factae,
1155 4250 1214 4294 ut
1254 4247 1532 4296 nescientes
1574 4247 1765 4306 literas,
1855 4247 1969 4311 [sec.
1987 4251 2111 4295 vett.
2146 4246 2463 4296 Edita—lib.
2487 4247 2559 4296 xi.
2589 4246 2703 4295 Ind.
2728 4250 2792 4295 iv.
2816 4245 2857 4294 E
2896 4281 2908 4293 .

709 4309 873 4371 ipsam
927 4309 1193 4359 historiam
1252 4309 1589 4370 intendentes,
1641 4310 1765 4372 quid
1852 4311 1963 4371 xiii.
2000 4310 2123 4360 Ben.
2155 4313 2267 4375 Op„
2299 4316 2424 4361 tom.
2450 4312 2503 4360 ii.
2539 4311 2653 4363 coll.
2682 4314 2823 4361 1100.
2893 4348 2906 4358 .

710 4377 879 4422 actum
904 4374 972 4422 sit
1001 4374 1267 4435 discerent,
1301 4376 1420 4437 quia
1452 4375 1691 4424 transisse
1709 4376 1766 4423 in
1856 4377 1995 4424 1101.
2016 4377 2105 4440 Α.]

711 4436 1057 4488 adorationem
1111 4439 1339 4495 videram
1398 4439 1587 4489 idcirco
1641 4454 1768 4488 com·
1918 4447 1941 4471 ¹
1995 4441 2157 4552 {Confi
2203 4440 2253 4490 S.
2294 4440 2471 4490 Thom.
2531 4442 2719 4503 Aquin.
2765 4441 2908 4490 Sum.

712 4506 882 4548 motus
935 4517 1003 4558 eg,
1050 4506 1108 4550 ut
1162 4518 1245 4551 eas
1300 4504 1549 4565 imagines
1603 4504 1768 4566 frangi
1858 4504 1994 4553 Theo
2019 4541 2030 4552 .
2061 4506 2165 4555 Sec.
2192 4506 2297 4554 Sec.
2331 4506 2518 4564 Quaest.
2543 4508 2675 4556 xciv.
2712 4507 2825 4557 Art.
2850 4507 2907 4555 ii.

712 4564 1024 4624 praeciperes.
1112 4566 1284 4628 Atque
1338 4568 1410 4615 eis
1463 4567 1768 4628 dicendum;
1857 4568 1970 4618 ‘Ad
1993 4569 2266 4634 primum.‘]
