3165 4959
502 2679 589 2740 87

713 340 839 402 112
1343 353 1430 400 An
1474 350 1857 400 CARDINALIS
1900 348 2298 397 BELLARMINI

709 511 1012 575 favorem.
1104 509 1432 573 Adrianus
1498 529 1638 572 rem
1692 513 1941 589 gratam
1988 505 2185 570 habet
2235 513 2301 569 et
2350 511 2697 589 acceptam.
2791 508 2922 572 Sed

711 635 921 697 neque
973 614 1225 676 donatio
1276 612 1369 676 ibi
1409 611 1563 689 ulla,
1597 616 1662 674 et
1706 609 2015 693 Epistolae
2055 607 2228 672 illius
2273 608 2335 671 vi
2377 608 2544 672 nihil
2572 616 2919 689 tentatum,

711 717 877 780 nihil
921 723 1304 799 occupatum
1350 721 1469 778 est.

801 819 1190 887 Quindecim
1234 826 1381 902 post
1433 818 1637 895 annis,
1685 816 2006 881 Dermitio
2051 815 2353 899 Lageniae
2385 816 2568 898 Regi,
2617 839 2655 879 a
2696 817 2921 880 vicinis

710 924 1004 989 hostibus
1026 923 1385 1007 profligato,
1418 921 1706 1006 supplici,
1739 921 1820 985 ad
1851 943 1919 985 se
1949 920 2347 1004 confugienti
2378 920 2704 984 Henricus
2733 942 2921 1004 opem

711 1028 866 1091 tulit
881 1037 929 1090 ¹.
1023 1028 1295 1090 Factum
1334 1025 1506 1104 inde,
1539 1025 1779 1088 virtute
1823 1024 2127 1101 militum,
2160 1031 2227 1086 et
2257 1022 2583 1086 deditione
2612 1024 2918 1100 hostium,

712 1138 789 1194 ut
821 1130 1142 1195 Hibernia
1168 1129 1239 1193 in
1267 1133 1658 1212 potestatem
1690 1128 1888 1210 Regis
1919 1126 2186 1191 venerit.
2280 1127 2321 1188 J
2325 1146 2438 1188 ure
2469 1146 2621 1209 ergo
2653 1127 2928 1189 Socialis'

716 1234 879 1312 belli,
912 1256 1044 1296 non
1076 1233 1223 1295 doni
1252 1233 1448 1295 ullius
1497 1229 1818 1312 Pontificii
1844 1258 1863 1292 :
1910 1236 1972 1292 et
1993 1230 2210 1313 gladio
2240 1250 2370 1308 suc,
2403 1250 2536 1292 non
2567 1230 2763 1310 Papoe
2794 1231 2921 1293 cla-

713 1337 910 1414 vibus,
945 1335 1331 1400 Hiberniam
1364 1336 1572 1417 Reges
1602 1333 1808 1398 nostri
1839 1339 2155 1415 acceptam
2184 1332 2422 1397 ferunt.

807 1441 975 1504 Cum
1003 1460 1152 1502 vero
1185 1437 1263 1502 de
1294 1437 1692 1523 subjicienda
1721 1437 1842 1501 sibi
1875 1436 2192 1500 Hibernia
2220 1436 2559 1500 consilium
2600 1437 2923 1501 conferret

720 1543 1047 1608 Henricus
1087 1563 1233 1606 cum
1278 1540 1589 1619 Adriano,
1623 1561 1855 1624 nempe
1886 1540 2122 1622 AngIO,
2155 1547 2220 1602 et
2269 1538 2526 1603 subdito
2570 1562 2721 1605 suo:
2770 1540 2925 1623 quid

716 1646 870 1709 inde
898 1646 1163 1723 factum,
1196 1644 1371 1707 videt
1403 1644 1655 1707 Lector.
1729 1642 1921 1709 Quod
1951 1642 2126 1721 olim,
2161 1663 2310 1706 cum
2345 1643 2575 1706 Galliae
2605 1665 2921 1728 procereS,

720 1747 799 1812 de
833 1748 1167 1812 Hilderico
1196 1754 1506 1829 tanquam
1554 1746 1771 1809 inutili
1809 1745 2186 1823 abdicand0,
2219 1766 2366 1809 cum
2413 1747 2720 1811 Zacharia
2749 1749 2924 1830 Papa

719 1850 1273 1913 communicarent
1289 1859 1337 1912 ἵ.
1452 1849 1642 1926 Exin,
1696 1848 1870 1911 haud
1931 1849 2095 1911 alius
2157 1849 2565 1912 Hildericum
2625 1849 2924 1934 deposuit

720 1974 913 2037 quam
944 1953 1137 2035 Papa.
1232 1952 1379 2016 Hoc
1408 1951 1581 2014 idem
1612 1972 1759 2014 cum
1801 1952 2089 2015 Adriano
2132 1951 2371 2015 faceret
2403 1952 2730 2016 Henricus
2763 1954 2921 2032 Rex,

719 2076 867 2119 cum
934 2054 1323 2119 sententiam
1380 2061 1657 2138 rogaret,
1712 2053 2054 2118 consilium
2113 2061 2442 2138 expeteret
2494 2062 2560 2118 et
2619 2056 2920 2136 favorem,

723 2159 1022 2241 Regnum
1074 2158 1411 2223 Hiberniae
1458 2156 1748 2222 Henrico
1808 2157 1979 2221 dono
2039 2156 2264 2221 datum
2310 2163 2427 2222 est.
2535 2158 2804 2238 Mirum,
2854 2160 2923 2224 ni

719 2261 809 2325 sic
855 2268 1108 2325 constet
1166 2261 1382 2341 etiam,
1440 2262 1735 2345 Hispano
1792 2282 2021 2345 nuper,
2076 2260 2334 2324 Indiam
2397 2262 2920 2344 Occidentalem5

722 2364 1052 2444 LusitanO,
1087 2363 1486 2429 Orientalem
1517 2363 1599 2428 ab
1629 2363 1999 2427 Alexandro
2030 2364 2249 2427 datam
2272 2376 2332 2440 ¹3
2386 2372 2462 2428 ut
2496 2365 2924 2451 quodcunque

720 2467 793 2531 in
829 2469 1130 2552 Regnum
1177 2467 1317 2551 quis
1360 2467 1469 2552 jus
1515 2489 1755 2532 novum
1804 2466 2099 2551 acquirit,
2140 2467 2210 2531 id
2253 2474 2543 2552 oporteat
2588 2475 2924 2553 acceptum

721 2572 958 2637 referre
1019 2572 1337 2654 Pontifici,
1398 2580 1464 2636 et
1523 2593 1599 2636 ex
1661 2573 1818 2635 dono
1877 2573 2075 2655 ipsius
2125 2573 2423 2637 habuisse
2476 2595 2561 2652 se,
2612 2576 2924 2639 confiteri.

725 2677 997 2742 Cautius
1042 2699 1196 2761 ergo
1242 2676 1495 2754 dehinc,
1543 2677 1924 2761 parciusque
1978 2676 2381 2761 Principibus
2426 2678 2745 2761 agendum
2778 2700 2926 2743 cum

725 2781 1059 2846 Pontifice.
1117 2781 1288 2844 Date
1315 2780 1412 2843 illi
1435 2780 1679 2864 aliquid
1707 2781 2094 2862 eleemosynae
2122 2780 2421 2859 nomine‚·
2449 2781 2638 2866 jubet
2666 2782 2927 2847 inscribi

723 2908 841 2971 pro
868 2887 1188 2969 vectigale.
1285 2885 1612 2949 Ost-aletur
1650 2885 1709 2948 ei
1752 2885 1892 2968 quis
1927 2885 2191 2965 pedem;
2238 2885 2503 2948 calcabit
2535 2886 2594 2950 ei
2638 2888 2923 2951 emices.

731 2989 935 3051 mulo
964 2988 1329 3071 impertiat3
1376 2987 1498 3050 ibit
1518 2987 1614 3049 illi
1646 2988 1865 3050 statim
1898 2988 2118 3050 titulus
2144 2986 2217 3050 in
2246 2996 2704 3071 argumentum
2732 2992 2927 3072 majo·

722 3092 940 3152 ritatis
969 3111 1119 3155 suae.
1197 3090 1507 3154 Consulat
1536 3111 1686 3154 eum
1718 3091 1878 3172 quiS,
1911 3090 2262 3173 quidfactu
2291 3113 2442 3174 opus
2472 3093 2589 3157 sit:
2624 3094 2928 3178 quicquid

724 3215 804 3257 ex
861 3214 930 3256 eo
974 3194 1161 3276 facto
1205 3201 1651 3279 consequetur,
1700 3196 1811 3257 uni
1855 3195 1976 3257 sibi
2020 3195 2375 3280 deputabit.
2470 3198 2595 3261 Hae
2625 3198 2927 3263 Pontifici

724 3304 894 3361 artes
925 3306 1096 3377 sunt,
1128 3298 1251 3361 hoc
1273 3298 1421 3381 jure
1448 3298 1519 3360 in
1551 3299 1762 3381 Reges
1789 3298 2016 3362 utitur.

788 3474 813 3498 ¹
847 3465 1037 3517 Girald.
1070 3465 1288 3516 Hibern.
1326 3465 1561 3531 Expugn.
1603 3482 1709 3531 cap.
1738 3470 1782 3518 1.
1873 3467 1979 3532 ejus
2002 3469 2167 3518 locum
2189 3469 2466 3530 substituit,
2490 3484 2761 3532 omnesque
2777 3469 2927 3520 Frau-

725 3531 880 3597 [apud
905 3531 1150 3582 camdeni
1171 3530 1404 3594 Anglica,
1428 3532 1475 3581 N
1482 3533 1786 3595 ermannica,
1874 3535 2077 3595 cigenas
2098 3549 2129 3583 a
2152 3533 2185 3583 J
2188 3538 2450 3584 uramenta
2482 3533 2760 3594 fidelitatis,
2790 3536 2927 3598 quod

723 3602 818 3648 ete.
875 3636 884 3644 .
911 3596 1044 3661 760.]
1874 3598 1954 3647 illi
1981 3598 2942 3659 fecemnt,absolvit.’'-DecretPar.ii.

791 3671 813 3703 5
867 3667 899 3689 “
916 3664 1064 3713 Alius
1096 3663 1222 3712 item
1256 3660 1511 3712 Romanus
1536 3663 1786 3724 Pontifex,
1877 3662 2119 3713 Causxv.
2142 3663 2327 3721 Quaest.
2344 3664 2409 3713 vi.
2433 3679 2541 3729 cap.
2556 3665 2628 3713 iii.
2656 3664 2931 3714 ‘Alius-’—

725 3728 991 3778 Zacharias
1014 3728 1223 3787 scilicet,
1253 3726 1444 3790 Regem
1476 3728 1782 3778 Francorum
1870 3727 2063 3791 Corp.J
2070 3744 2140 3779 ur.
2167 3728 2287 3778 Can.
2309 3732 2432 3778 tom.
2455 3729 2489 3778 i.
2514 3730 2606 3779 col.
2628 3728 2794 3806 1083]

726 3808 830 3843 non
867 3798 974 3844 tam
1010 3808 1101 3856 pro
1123 3794 1227 3841 suis
1249 3792 1606 3856 iniquitatibus
1628 3807 1780 3856 quam
1932 3801 1953 3825 ⁸
2017 3792 2146 3843 Vide
2169 3794 2256 3843 vii.
2286 3793 2533 3843 Decretal.
2567 3794 2655 3844 lib.
2680 3795 2713 3844 i.
2752 3799 2832 3843 tit.
2858 3795 2930 3844 ix.

726 3873 817 3922 pro
850 3873 909 3908 eo
944 3857 1079 3921 quod
1111 3862 1269 3908 tantae
1295 3858 1535 3922 potestati
1558 3862 1688 3907 esset
1710 3859 1781 3907 in·
1867 3872 1974 3921 cap.
2057 3859 2159 3907 uic.
2197 3857 2540 3908 ‘Alexanden’
2578 3859 2691 3909 coll.
2715 3861 2929 3911 28-31.

726 3922 884 3983 utilis,
918 3937 948 3972 a
979 3923 1154 3986 Regno
1186 3921 1434 3986 deposuit,
1457 3927 1510 3973 et
1540 3922 1782 3986 Pipinum
1867 3922 2002 3987 apud
2025 3922 2172 3988 corp.
2194 3922 2304 3973 Jur.
2329 3922 2448 3974 Cau.
2471 3927 2598 3974 tom.
2620 3922 2717 3988 iii.]

728 3987 893 4039 Caroli
918 3988 1098 4052 Magni
1133 3988 1457 4052 Imperatoris
1488 3991 1687 4052 patrem
1725 3988 1782 4038 in
