3165 4959
719 307 849 367 334
1345 322 1433 369 An
1476 322 1858 370 ommam
1902 321 2300 369 Bmfflmm

720 482 906 538 testes
927 477 1312 559 sinyulares⁶
1334 478 1526 542 modo
1549 477 1830 541 habendi
1855 479 2003 554 sint,
2028 498 2148 540 nec
2171 477 2427 559 plenam
2451 475 2645 538 fidem
2668 474 2942 550 faciant,

720 587 795 642 ut
825 601 1048 643 eorum
1078 582 1451 646 testimonio
1482 582 1717 646 deferri
1749 583 1831 645 sit
1862 601 2140 645 necesse.

786 697 896 746 Rex
930 701 1103 748 tamen
1136 714 1251 749 cum
1290 700 1508 751 fateatur
1541 700 1673 750 hanc
1703 716 1809 750 esse
1844 700 2054 749 Patr-nm
2088 698 2410 757 sententiam,
2444 701 2618 747 tamen
2658 697 2693 746 J
2699 695 2942 746 udaioem

849 778 1068 828 fabulam
1085 794 1187 829 non
1205 781 1359 830 semel
1381 780 1622 844 appellat,
1638 787 1691 830 et
1703 780 1820 830 huic
1844 785 2001 829 tantae
2024 780 2232 830 testium
2256 779 2382 827 nubi
2398 778 2709 842 conjecturas
2720 793 2840 826 snas
2854 814 2868 825 .
2890 814 2904 825 .
2929 813 2945 826 .

850 862 1196 923 anteponit—
1212 860 1367 925 [Bell.
1383 863 1531 926 Apol.
1554 878 1648 926 pro
1673 861 1841 926 Resp]
1865 876 1912 925 p.
1940 863 2047 910 140.
2087 861 2222 926 [Op.,
2248 864 2371 909 tom.
2391 860 2477 908 vii.
2501 859 2593 908 col.
2614 860 2726 910 783.
2752 858 2813 907 Β.
2834 858 2917 922 0.]

392 973 635 1087 {Utrum
810 951 977 1014 Cum
1007 972 1158 1015 vero
1189 953 1456 1014 Patrum
1487 974 1562 1016 ea
1590 954 1896 1016 sententia
1918 974 2052 1015 non
2083 952 2186 1029 sit,
2205 956 2601 1032 puqnaturos
2631 970 2770 1011 cum
2797 950 2942 1012 An-

394 1039 608 1152 ἷξὲὲξὸ
597 1038 697 1152 ⁸³3⁶
723 1054 1009 1116 tichristo
1032 1055 1259 1118 Enoch
1292 1061 1352 1117 et
1370 1056 1599 1135 Eliam,
1644 1056 1786 1137 (etsi
1818 1055 1897 1119 de
1925 1055 2071 1118 Elia
2098 1054 2392 1118 nonnulli
2422 1054 2589 1117 forte
2620 1054 2940 1128 sentiant,

396 1167 600 1216 Enoeho
624 1172 677 1217 et
724 1157 801 1220 de
838 1158 1104 1221 Enocho
1143 1165 1362 1221 autem
1407 1159 1511 1221 vix
1558 1159 1916 1242 quisquam,
1961 1157 2085 1221 nisi
2126 1179 2264 1221 esse
2301 1177 2449 1220 eum
2487 1156 2702 1220 denuo
2740 1159 2942 1219 mori-

398 1232 627 1346 ξξιζω,
723 1266 947 1339 turum,
982 1261 1114 1339 sed,
1152 1263 1251 1324 vel
1282 1261 1414 1339 ubi,
1447 1263 1548 1325 vel
1580 1262 1858 1345 quande,
1904 1261 2135 1324 incerti
2159 1262 2201 1343 ;)
2255 1282 2401 1324 cum
2435 1259 2570 1323 haec
2608 1260 2940 1343 (inquam)

395 1360 663 1425 venturis]
722 1365 991 1428 Patrum
1021 1388 1152 1429 non
1194 1367 1277 1429 sit
1320 1368 1628 1429 sententia
1647 1393 1668 1440 ;
1714 1387 1848 1429 non
1877 1387 2045 1449 aegre
2081 1365 2244 1429 feret
2280 1365 2664 1442 Cardinalis,
2697 1365 2749 1427 si
2793 1366 2936 1427 Rex

718 1469 1057 1531 Iudaicam
1070 1466 1361 1550 fabulam
1391 1469 1573 1532 dixit.
1666 1468 1842 1533 Dicit
1871 1468 2043 1532 idem
2074 1469 2196 1532 hoc
2237 1470 2432 1531 Pater
2465 1468 2936 1550 Hieronymus,

721 1571 821 1634 bis
853 1571 1028 1649 dicit,
1059 1572 1211 1634 Nisi
1242 1574 1379 1653 quis
1410 1572 1834 1653 'spiritualiter
1873 1572 2184 1654 intelligat
2230 1574 2426 1634 locum
2470 1572 2632 1632 hunc
2677 1570 2938 1651 Apoca-

721 1675 997 1755 IypsemS,
1020 1675 1310 1738 Judaicis
1340 1676 1397 1737 ei
1415 1675 1666 1756 sabulis
1697 1675 2203 1755 acquiescendum
2234 1695 2364 1737 esse
2382 1671 2418 1736 s.
2470 1673 2723 1737 Judoeos
2752 1674 2934 1736 enim

719 1785 780 1840 et
818 1778 1234 1840 Judaizantes
1278 1778 1623 1853 Haereticos
1673 1779 1766 1840 ita
1805 1778 2049 1859 quidem
2088 1784 2323 1859 putare
2341 1788 2385 1854 8,
2436 1798 2502 1840 se
2549 1798 2682 1840 non
2729 1776 2932 1839 item:

719 1901 846 1962 quo
887 1881 1023 1962 ejus
1069 1879 1242 1943 dicto
1288 1881 1566 1963 rejectus
1611 1888 1709 1943 est
1754 1903 1792 1943 a
1837 1881 2205 1962 Bulengero
2237 1886 2470 1957 vestro,
2510 1878 2690 1961 quasi
2734 1879 2811 1941 in
2856 1902 2936 1942 eo

720 2003 849 2044 non
891 1981 1248 2045 audiendus
1264 1980 1311 2044 ¹¹.
1402 1985 1494 2047 At
1539 1984 1979 2067 Hieronymus
2023 1983 2189 2045 nihil
2232 1982 2312 2045 de
2358 1982 2647 2044 Judaicis
2679 1980 2937 2062 fabulis

719 2082 1190 2160 subintulisset,
1242 2085 1295 2147 si
1346 2085 1618 2148 Patrum
1675 2087 2046 2148 sententiam
2099 2085 2401 2162 scivisset,
2464 2085 2574 2168 qui
2633 2086 2934 2149 omnium

717 2186 956 2268 optime
1013 2186 1082 2249 id
1134 2187 1295 2251 scire
1343 2190 1574 2272 potuit.
1667 2190 1760 2253 At
1811 2189 1919 2252 ille
1980 2188 2220 2252 sciebat
2271 2187 2523 2251 Hilario
2572 2189 2810 2251 Mosen
2865 2202 2936 2252 et

718 2289 965 2353 Eliami
994 2291 1243 2374 placere
1284 2294 1509 2376 magia,
1543 2294 1885 2376 dispuncto
1913 2294 2217 2366 Enoch03
2267 2292 2406 2355 aliis
2445 2293 2757 2356 Elizeum.
2838 2296 2935 2356 At

719 2392 1057 2458 Victorino
1118 2395 1161 2457 J
1163 2396 1485 2475 eremiam‚
1520 2404 1586 2459 et
1638 2418 1755 2479 pro
1801 2396 2126 2460 sententia
2174 2417 2290 2458 sua
2337 2403 2597 2459 strenue
2642 2417 2933 2459 asserere

718 2497 1146 2577 Victorinum,
1173 2501 1319 2581 quia
1353 2501 1503 2583 [leg.
1524 2521 1649 2581 per
1679 2500 1880 2583 quem]
1916 2521 2120 2563 omnes
2152 2506 2389 2562 veteres
2417 2501 2615 2563 nostri
2645 2500 2931 2562 tradide-

716 2607 867 2664 runt
895 2623 1026 2666 esse
1055 2604 1229 2665 illum
1259 2603 1652 2666 Jeremiami.
1746 2603 1994 2669 Quodsi
2041 2623 2246 2666 omnes
2285 2608 2537 2678 veteres,
2585 2624 2687 2666 11ae
2717 2610 2930 2666 vestra

719 2706 848 2784 illa,
885 2706 1153 2769 Patrum
1195 2710 1502 2771 sententia
1546 2729 1681 2771 non
1726 2715 1848 2771 est.
1939 2709 2026 2771 Et
2056 2708 2222 2771 male
2255 2708 2617 2772 Cardinalis
2654 2709 2930 2770 Testium

718 2810 935 2872 nubem
967 2810 1145 2889 dixit,
1178 2833 1321 2894 quae
1349 2812 1648 2875 nubecula
1679 2811 1872 2876 modo
1895 2819 2014 2889 est,
2041 2819 2106 2875 et
2137 2813 2357 2875 statim
2389 2811 2731 2876 evanescit.

785 2927 927 2976 Dicit
946 2927 1093 2991 (Rex)
1114 2943 1196 2978 me
1220 2929 1355 2978 mala
1370 2928 1471 2978 fide
1490 2943 1637 2991 agere
1660 2944 1776 2978 cum
1800 2928 2018 2987 Christo,
2041 2965 2054 2976 .
2081 2965 2092 2976 .
2119 2963 2131 2976 .
2156 2929 2277 2991 quia
2298 2929 2456 2978 malui
2481 2929 2635 2978 verba
2659 2927 2929 2990 Evangelii

847 3022 1096 3071 exponere
1132 3024 1246 3058 cum
1294 3009 1541 3068 Patribus,
1569 3047 1580 3058 .
1608 3046 1618 3057 .
1644 3046 1656 3057 .
1682 3015 1734 3058 et
1768 3009 1886 3058 aliis
1929 3010 2198 3068 vetet-ibae,
2238 3024 2391 3072 quam
2427 3024 2541 3059 cum
2585 3009 2930 3058 Noratoribus

848 3086 1147 3139 Bibliandro
1168 3094 1220 3138 et
1242 3088 1710 3155 obstruam—[Bell.
1732 3089 1878 3153 Apol.
1903 3104 1992 3153 pro
2019 3088 2186 3153 Resp]
2209 3105 2257 3153 p.
2275 3091 2384 3138 140.
2420 3090 2554 3156 [Op.,
2576 3095 2699 3140 tom.
2718 3090 2806 3139 vii.
2835 3090 2928 3139 col.

847 3167 876 3219 7
880 3170 959 3218 83.
984 3168 1038 3220 C.

395 3267 580 3332 [verba
809 3250 957 3315 Qua
970 3169 1107 3331 fide
1136 3272 1273 3314 cnm
1308 3253 1558 3316 Christo
1589 3257 1804 3336 efferii,
1830 3275 2023 3336 quam
2051 3253 2149 3316 vel
2184 3254 2401 3335 probe,
2443 3254 2544 3316 vel
2573 3255 2929 3335 prudenter

387 3331 607 3445 ((1,ξὲῗᾷ
720 3351 915 3415 verba
959 3353 1097 3436 ejus
1141 3356 1503 3437 exposuerit
1534 3356 1916 3434 CardinaIiS,
1950 3378 2083 3419 non
2127 3356 2384 3419 aliunde
2420 3355 2740 3440 judicium
2769 3357 2929 3420 ferri

784 3495 1019 3588 [Vide
1049 3496 1295 3547 Decretal.
1321 3499 1468 3561 Grcg.
1496 3498 1588 3549 IX.
1625 3500 1714 3548 lib.
1740 3500 1772 3548 i.
1925 3508 1950 3541 τ
1983 3498 2222 3564 [·‘Judaei
2257 3503 2311 3548 et
2338 3498 2664 3549 Judaizantes
2692 3498 2928 3549 haeretiei

720 3561 1076 3612 tit.v1.‘De
1116 3561 1404 3623 Electione,'
1459 3579 1564 3628 cap.
1610 3565 1773 3614 xxxii.
1861 3569 1979 3613 ante
2022 3564 2305 3625 ἠλειμμένον
2346 3579 2494 3612 suum
2543 3565 2705 3613 liliam
2739 3570 2930 3640 putant

722 3627 879 3676 ‘Cum
939 3627 1181 3676 dilectus!
1196 3656 1261 3663 —
1285 3630 1428 3692 Corp.
1482 3627 1593 3677 Jur.
1654 3629 1778 3678 Can.
1863 3633 2264 3686 csscventurum,
2282 3632 2335 3676 et
2356 3629 2709 3677 restituturum
2732 3630 2926 3678 omnia.

720 3695 844 3741 tom.
882 3691 936 3740 ii.
987 3692 1079 3742 col.
1123 3695 1260 3750 163.;
1311 3699 1363 3742 et
1406 3693 1495 3743 lib.
1531 3708 1576 3743 v.
1623 3695 1705 3742 tit.
1740 3693 1772 3740 i.
1870 3693 2013 3742 Unde
2049 3697 2101 3742 et
2135 3693 2337 3742 Christo
2369 3694 2426 3741 in
2451 3693 2726 3754 Evangelio
2748 3707 2928 3756 propo-

722 3756 830 3833 fDe
852 3759 1027 3805 accus!
1063 3772 1168 3820 cap.
1192 3729 1335 3806 xv’iii.
1377 3758 1537 3807 ‘Cum
1569 3757 1776 3816 dilecti,
1862 3759 2003 3805 nitur
2023 3758 2267 3819 quaestio·
2311 3757 2462 3831 ‚Quid
2493 3757 2630 3820 quod
2663 3757 2933 3806 Phari-nri

718 3820 1478 3949 ἐὶὶ-ωὶ
1501 3886 1630 3944 ω,
1863 3820 2404 3948 mmm
2392 3829 2690 3948 sum.
2649 3822 2933 3936 ..m

719 3955 954 3999 venturos
1002 3950 1333 4014 Apocalypsis
1376 3951 1527 4000 refert
1570 3956 1625 4000 et
1671 3965 1778 3999 esse
1863 3950 1982 4008 niet,
2005 3955 2064 4008 et,
2088 3950 2137 3999 ai
2158 3950 2377 4008 creditas,
2408 3951 2524 4013 jam
2548 3951 2698 4006 venit.
2730 3952 2786 3999 in
2812 3950 2931 4001 Elia

717 4015 1003 4073 morituros,
1025 4029 1128 4064 non
1150 4020 1227 4063 est
1247 4016 1394 4064 istius
1414 4015 1658 4079 temporis
1678 4015 1774 4064 dis-
1858 4013 1892 4063 J
1896 4030 2109 4064 oannem
2158 4015 2325 4064 intelli
2327 4030 2464 4077 gens.
2468 4015 2608 4064 ”—S.
2649 4015 2819 4079 Hier]
2871 4018 2931 4065 in

718 4078 931 4140 putatio,
976 4093 1130 4142 quum
1174 4081 1341 4129 omnis
1383 4081 1471 4130 ille
1515 4081 1645 4129 liber
1685 4084 1775 4128 aut
1861 4080 1982 4128 Mal.
1998 4080 2061 4128 iv.
2103 4083 2211 4138 5,.6
2231 4080 2323 4143 Op.
2326 4084 2477 4140 ,ιοιιι.
2493 4082 2559 4128 vi.
2574 4080 2666 4128 col.
2684 4083 2797 4129 986.
2821 4081 2911 4144 B.]

718 4143 1053 4204 spiritualiter
1086 4144 1447 4205 intelligendus
1480 4146 1563 4205 sit,
1593 4150 1653 4193 ut
1683 4158 1774 4193 nos
1926 4143 1947 4175 ¹³
2008 4144 2073 4192 Vi
2112 4159 2139 4193 e
2161 4159 2325 4206 supra,
2361 4159 2407 4207 p.
2435 4146 2547 4193 332.
2572 4149 2676 4193 not.
2700 4153 2735 4191 r.

719 4208 1087 4267 existimamus,
1116 4213 1219 4266 aut,
1255 4211 1303 4258 si
1335 4210 1589 4259 carnalem
1623 4211 1773 4258 inter·
1921 4208 1932 4239 ¹
2010 4209 2144 4259 Vide
2166 4223 2259 4271 sup
2262 4224 2330 4268 ra,
2390 4211 2538 4258 .332.
2562 4216 2667 4258 not.
2693 4212 2725 4257 ‘.

718 4273 1054 4333 pretationem
1077 4274 1349 4335 sequimur,
1378 4274 1608 4324 ,Iudaicis
1641 4275 1773 4323 fabu-
1920 4275 1935 4313 ³
1983 4274 2054 4338 [S.
2070 4223 2363 4322 Victorinus
2419 4274 2474 4322 in
2509 4273 2719 4336 Apocal.
2798 4275 2938 4389 Gall.

719 4335 783 4383 lis
815 4336 1229 4398 acquiescendum
1262 4339 1461 4389 sitm—S
1478 4338 1644 4402 Hier]
1680 4339 1769 4403 Ep.
1863 4337 1975 4387 Bib.
1998 4339 2102 4387 Pat.
2122 4343 2242 4386 tom.
2259 4338 2325 4385 iv.
2349 4354 2396 4400 p.
2415 4341 2493 4388 59.
2509 4339 2602 4388 col.
2618 4340 2663 4386 2.
2683 4339 2740 4387 C.

720 4397 830 4522 [lix.
872 4400 1007 4450 van.
1058 4402 1137 4461 (al.
1179 4403 1368 4452 cxlviii.
1373 4403 1413 4468 )]
1458 4404 1521 4453 ad
1568 4404 1770 4453 Marcel.
1858 4408 2028 4453 autom
2052 4408 2313 4465 corruptus
2336 4403 2576 4464 videtum]

741 4467 856 4511 sect.
882 4467 925 4512 3.
947 4464 1057 4526 Op„
1080 4470 1204 4515 tom.
1228 4467 1261 4515 i.
1287 4468 1378 4516 col.
1404 4468 1513 4519 327
1540 4469 1601 4516 Α.
1620 4468 1704 4530 B.]
