3165 4959
688 331 818 394 288
1318 344 1403 390 AD
1447 342 1828 391 cAamNAms
1871 342 2266 390 nmmum

688 500 756 562 in
776 499 1201 582 Purgatorio.)
1276 501 1428 572 Quis
1444 500 1781 581 prohibet?
1839 500 1986 562 Imo
2019 498 2160 581 quis
2183 496 2420 580 jubet?
2488 497 2617 560 Sed
2647 505 2891 573 tamen,

695 602 846 674 Quis
858 600 1145 682 prohibet
1166 604 1198 664 ?
1243 623 1457 666 annon
1464 603 1802 683 perspicua
1827 601 2269 663 demonstratio
2289 602 2322 660 ?
2366 600 2468 662 De
2489 600 2631 662 loco
2653 606 2892 677 autem,

690 704 746 767 si
783 705 879 786 (ut
924 704 1012 767 ait
1060 704 1439 787 Cardinalis)
1479 705 1829 769 consistere
1867 704 2067 788 possit
2111 702 2468 778 dubitati03
2516 725 2622 781 an,
2664 703 2778 766 abs
2824 723 2895 766 re

689 807 814 870 fuit
863 806 1184 870 dubitatio
1234 807 1446 890 Regis,
1500 816 1566 871 et
1620 808 1889 890 quaestio
1938 807 2016 870 de
2068 813 2303 869 natura
2343 805 2490 884 loci,
2539 807 2599 868 si
2642 826 2895 888 campus

690 911 933 988 viridis,
968 931 1173 973 annon
1200 911 1374 973 rimas
1402 910 1726 992 interfluat
1750 912 1781 972 ἓ
1827 919 1901 973 ut
1930 909 2160 973 illudat
2191 908 2368 972 vobis
2397 908 2653 983 merito,
2685 908 2795 991 qui
2827 915 2894 969 et

690 1015 905 1131 loc‘um
955 1015 1170 1097 ipsum
1217 1014 1596 1092 describitis,
1651 1016 1731 1078 de
1785 1035 1911 1097 quo
1962 1022 2182 1076 tamen
2235 1010 2623 1076 dubitationi
2675 1013 2891 1077 locum

689 1117 1071 1200 relinquitis,

755 1261 898 1319 Quod
934 1262 1122 1311 attinet
1155 1260 1220 1311 ad
1258 1262 1475 1312 viridem
1500 1297 1512 1310 .
1537 1298 1549 1310 .
1575 1297 1589 1311 .
1613 1276 1848 1325 campum
1885 1261 2189 1324 purgatorii,
2228 1262 2355 1311 sciat
2378 1298 2391 1309 .
2416 1297 2430 1310 .
2455 1297 2467 1309 .
2492 1262 2654 1312 relata
2690 1276 2795 1310 esse
2828 1277 2892 1310 ex

819 1342 1094 1393 venerabili
1120 1342 1257 1393 Beda
1274 1342 1531 1407 v.-[Ben.
1555 1343 1705 1406 Apol.
1731 1357 1820 1406 pro
1845 1342 1989 1405 Resp.
2027 1341 2140 1405 Op„
2164 1352 2290 1391 tom.
2311 1342 2398 1390 vii.
2423 1340 2516 1390 col.
2543 1341 2653 1394 771.
2681 1341 2760 1406 0.]

367 1465 520 1530 [Quae
775 1452 951 1514 Nam
1005 1450 1183 1513 Beda
1232 1456 1454 1512 noster
1501 1451 1768 1528 Auctor,
1815 1457 2048 1512 caetera
2091 1470 2224 1512 non
2276 1449 2505 1528 malus,
2555 1455 2629 1511 ut
2680 1470 2892 1532 neque

365 1531 588 1645 ffl⁸ffe
693 1555 1043 1636 Gregorius
1066 1563 1292 1632 vester,
1315 1561 1382 1617 at
1414 1554 1495 1617 ad
1526 1553 1806 1636 cujusvis
1836 1553 1915 1616 de
1944 1552 2130 1636 plebe
2162 1553 2414 1615 somnia
2443 1564 2510 1615 et
2540 1553 2676 1615 visa
2703 1554 2891 1617 vehe-

367 1660 550 1736 Pufgoe
648 1725 660 1737 ‚
690 1669 943 1721 menter
990 1658 1320 1733 credulus3
1391 1665 1457 1721 et
1510 1679 1587 1720 eo
1632 1658 1894 1720 nomine
1951 1663 2215 1721 notatus
2269 1679 2308 1719 a
2357 1657 2643 1721 vestrisq.
2751 1660 2892 1722 Nos

363 1729 664 1853 ffirssgfiffi¹
690 1770 906 1826 autem
938 1762 1195 1824 silentio
1222 1761 1334 1823 illa
1362 1760 1567 1842 premi
1599 1760 1973 1837 sineremus,
2005 1760 2131 1822 nisi
2161 1760 2522 1824 Cardinalis
2553 1782 2672 1825 nos
2703 1761 2796 1824 ita
2827 1763 2893 1823 in

690 1866 971 1944 apricum
1006 1864 1302 1944 Campum
1333 1862 1721 1926 deduxisset.
1796 1865 2150 1926 Gehennam
2177 1885 2427 1927 manere
2457 1886 2559 1927 eos
2589 1866 2695 1946 qui
2724 1866 2891 1927 Pur-

682 1971 999 2051 9atorium
1039 1990 1161 2030 non
1206 1969 1484 2043 credunt,
1517 1968 1788 2030 'Portum
1829 1968 1998 2031 olet:
2048 1989 2313 2051 quaeque
2363 1969 2650 2052 maligno
2696 1971 2892 2033 'Porto

691 2072 886 2154 digna
914 2092 1034 2134 vox
1066 2071 1169 2147 sit,
1199 2091 1333 2132 non
1366 2071 1607 2133 Sancto
1639 2070 1998 2147 Cardinale,
2031 2079 2106 2133 ut
2140 2071 2211 2133 in
2252 2093 2378 2153 qua
2423 2073 2639 2135 minus
2685 2072 2892 2135 adhuc

691 2174 974 2236 caritatis
1007 2172 1109 2252 sit,
1138 2194 1330 2255 quam
1361 2171 1512 2235 fidei
1542 2172 1610 2234 in
1640 2193 1711 2234 re
1741 2173 2125 2255 Purgatorii.
2192 2173 2432 2237 Caveat
2462 2196 2648 2238 vero:
2703 2175 2893 2237 Omen

690 2277 899 2360 ipsum
931 2297 1096 2359 saepe
1127 2275 1320 2339 rediit
1349 2275 1419 2337 in
1448 2277 1610 2338 male
1641 2276 2032 2338 ominantem.

757 2419 1131 2484 Supervacanea
1156 2419 1399 2483 cogitatio
1419 2422 1511 2479 est,
1534 2417 1960 2482 quemadmodum
1981 2433 2033 2467 se
2055 2417 2238 2468 habeat
2261 2418 2616 2482 Purgatorium
2639 2420 2771 2483 apud
2794 2435 2893 2479 eos,

819 2503 907 2564 qui
943 2507 1135 2565 negant
1170 2501 1540 2564 Purgatorium,
1582 2516 1700 2549 eum
1737 2500 1860 2550 satis
1895 2506 2108 2559 constet,
2147 2515 2232 2551 eos
2270 2515 2374 2550 non
2415 2500 2769 2563 Purgatorium
2805 2503 2893 2551 sed

820 2583 1113 2633 Gehennam
1157 2582 1600 2646 manere—[Bell.
1649 2582 1798 2646 Apol.
1844 2596 1935 2645 pro
1982 2581 2157 2645 Resp.]
2207 2597 2254 2646 p.
2295 2584 2405 2632 119.
2463 2582 2605 2647 [Op.,
2646 2589 2766 2633 tom.
2804 2584 2894 2632 vii.

819 2665 897 2715 eol
939 2666 1048 2717 771.
1075 2664 1154 2731 C.]

365 2786 651 2863 [speqpnr-
779 2775 819 2836 J
826 2774 1025 2837 ustior
1066 2780 1286 2836 autem
1323 2773 1488 2836 ratio
1524 2778 1646 2850 est,
1678 2780 1751 2834 ut
1786 2772 1895 2854 qui
1927 2772 2383 2854 Purgatorium
2421 2793 2558 2836 non
2598 2773 2892 2850 credunt,

363 2858 557 2965 ἓξὲξ,
689 2898 774 2940 ne
805 2898 913 2940 eos
949 2882 1210 2938 maneat
1249 2875 1729 2957 purgatorium:
1777 2873 1908 2950 sed,
1943 2895 2089 2937 cum
2127 2876 2361 2938 coelum
2404 2875 2689 2952 credant,
2721 2897 2797 2939 eo
2827 2897 2893 2938 se

364 2980 611 3056 gehennae
691 2985 1063 3062 comparent
1098 3004 1110 3041 ε
1181 2998 1329 3040 cum
1382 2984 1448 3039 et
1491 2979 1854 3059 yehennam,
1901 2976 2080 3039 omni
2131 2998 2273 3039 eam
2320 2977 2571 3041 ratione
2619 2978 2891 3060 fugiant.

365 3059 549 3171 ffiflffff
570 3060 651 3093 ‘³¹'
690 3082 803 3157 At,
837 3080 943 3162 qui
986 3079 1259 3142 creduut
1299 3079 1764 3160 purgatorium,
1807 3085 1995 3141 caute
2030 3078 2380 3142 admodum
2417 3079 2778 3157 attendant,
2810 3101 2894 3142 ne

692 3182 942 3264 decepti
999 3182 1261 3263 regione
1309 3180 1577 3257 viarum,
1633 3182 1977 3262 gehennam
2035 3181 2268 3244 adeant
2325 3203 2445 3264 pro
2491 3184 2892 3263 ρυηᾳαίονίο.

694 3286 853 3347 Sunt
893 3284 1054 3346 enim
1098 3284 1234 3345 loca
1271 3284 1476 3345 vicina
1488 3293 1529 3362 ¹,
1564 3283 1620 3345 si
1652 3282 1979 3347 Cardinali
2019 3283 2363 3347 credimus.
2452 3284 2724 3348 Vestros
2753 3284 2893 3367 qui-

693 3387 837 3449 dem
868 3385 1129 3462 multos,
1154 3385 1312 3447 dum
1330 3385 1612 3448 adeundi
1631 3385 1822 3448 modo
1840 3386 2213 3473 Puryaton'i
2243 3407 2351 3468 spe
2373 3385 2570 3449 lactat
2594 3387 2894 3450 Pontifex

690 3512 805 3573 per
834 3489 1265 3570 Indulyentias
1305 3510 1471 3565 suas,
1505 3487 1771 3551 deduxit
1803 3487 1883 3551 ad
1907 3490 2271 3570 ychennam,
2306 3487 2436 3570 qui,
2469 3487 2523 3550 si
2552 3491 2897 3570 yehevmam

691 3593 855 3655 forte
900 3592 1101 3655 solam
1149 3590 1537 3669 timuissent,
1577 3590 1970 3673 (timuissent
2018 3598 2255 3670 autem,
2287 3590 2414 3653 nisi
2462 3589 2897 3655 dementasset

692 3716 802 3757 eos
834 3715 977 3776 spes
1006 3693 1161 3775 illa‚)
1195 3695 1540 3774 yelzennam
1567 3694 1769 3756 vitare
1797 3692 2178 3775 potuissent.

760 3837 1037 3886 Primatum
1062 3835 1157 3899 [8.]
1176 3835 1311 3884 Petri
1336 3872 1348 3883 .
1374 3872 1386 3884 .
1412 3873 1423 3885 .
1448 3836 1761 3899 praecipuum
1784 3836 2054 3886 articulum
2079 3851 2185 3885 esse
2207 3835 2351 3895 dicit,
2377 3838 2431 3884 in
2456 3852 2556 3899 quo
2578 3852 2608 3886 a
2630 3836 2779 3886 nobis
2799 3837 2898 3886 dis-

808 3918 1012 3966 sentiat.
1037 3953 1049 3965 .
1074 3951 1087 3963 .
1112 3954 1124 3965 .
1153 3916 1233 3965 lta
1253 3921 1330 3966 est
1351 3919 1574 3974 omnino,
1601 3919 1687 3979 qui
1712 3922 1864 3979 negat
1889 3918 2131 3980 [negant]
2160 3915 2324 3980 Caput
2349 3916 2586 3967 Ecclesiae
2618 3917 2667 3966 S.
2687 3917 2895 3967 Petrum

820 4000 986 4060 fuisse,
1009 3997 1325 4061 eundemque
1354 4000 1631 4062 primatum
1666 3999 1721 4048 in
1746 3998 2015 4062 Apostolos
2041 3998 2291 4058 habuisse,
2313 4004 2464 4063 atque
2499 4000 2552 4048 in
2586 3999 2763 4049 eodem
2798 4000 2895 4063 pri·

758 4225 779 4256 Ρ
814 4214 990 4279 [Bedae
1008 4213 1143 4262 Hist.
1168 4212 1259 4262 lib.
1278 4228 1324 4261 v.
1349 4214 1543 4275 cap.13.
1568 4227 1620 4274 p.
1636 4213 1748 4260 416.
1833 4217 1887 4261 et
1899 4211 2232 4274 credita,qu1e
2247 4212 2396 4274 hujus
2419 4212 2702 4274 presertim
2720 4213 2895 4261 saeculi

699 4280 845 4330 Cant.
877 4281 1014 4329 1643.
1053 4284 1111 4326 ut
1133 4279 1271 4327 citat.
1303 4292 1333 4326 a
1357 4276 1481 4325 Bell.
1507 4276 1570 4325 de
1597 4276 1746 4336 Purg.
1836 4276 2117 4325 Aristarchi
2147 4278 2336 4325 incerta
2368 4291 2473 4324 esse
2509 4277 2788 4325 censebunt
2804 4278 2895 4313 '’—

698 4345 786 4392 lib.
804 4345 857 4392 ii.
889 4359 995 4406 cap.
1013 4347 1057 4393 6.
1082 4342 1194 4404 Op„
1218 4350 1335 4390 tom.
1359 4342 1409 4389 ii.
1436 4356 1483 4403 p.
1502 4343 1615 4389 410.
1634 4339 1715 4404 G.]
1838 4339 2020 4388 Melch.
2048 4340 2213 4390 Canus
2243 4340 2307 4389 de
2333 4339 2550 4389 Human.
2581 4339 2716 4388 Hist.
2743 4342 2892 4390 Auct-

761 4417 783 4447 Ἰ
820 4406 979 4471 [⁴‘Ille
1007 4406 1182 4468 (Beda)
1216 4407 1272 4454 in
1304 4405 1534 4453 Historia
1564 4406 1751 4466 Anglo·
1838 4404 1927 4454 lib.
1953 4405 2024 4453 xi.
2048 4420 2154 4468 cap.
2181 4407 2229 4453 6.
2263 4405 2374 4467 Op„
2400 4419 2448 4468 p.
2468 4402 2600 4480 540]

693 4485 823 4529 rum,
845 4471 930 4519 ille
955 4470 1265 4531 (Gregorius)
1289 4470 1344 4519 in
1369 4469 1598 4530 Dialogis
1621 4483 1752 4530 quae-
1904 4477 1922 4500 *
1986 4468 2110 4517 Bell.
2149 4467 2212 4518 de
2251 4468 2402 4530 Purg.
2445 4467 2556 4545 lib]
2583 4469 2635 4516 ii.
2674 4466 2894 4582 [caphe.

693 4533 811 4580 dam
844 4533 1083 4582 miracula
1108 4533 1339 4581 scribunt
1361 4533 1513 4594 vulgo
1544 4533 1751 4596 jactata,
1841 4530 1908 4596 [ξ]
1934 4535 1946 4558 ‘
2104 4537 2157 4583 ta
2176 4534 2188 4553 ’
2226 4532 2361 4597 [Op.,
2385 4538 2507 4583 tom.
2530 4533 2585 4582 ii.
2608 4546 2656 4596 p.
2676 4534 2788 4583 409.
2861 4532 2896 4598 .]
