3165 4959
896 354 1265 403 uomenm
1309 355 1680 403 nespoxsm.
2318 343 2404 403 45

175 508 389 573 arium
442 516 731 572 vestrum
779 508 1202 573 reformatum
1253 532 1294 573 a
1344 509 1544 586 vobiS,
1595 509 1885 587 Missale,
1946 509 2140 573 etiam
2192 510 2409 575 Biblia

175 620 394 676 vestra
436 610 764 695 vulgatab)
812 632 889 674 ea
924 633 1040 694 per
1084 612 1274 690 vitoe,
1320 632 1596 695 quorum
1635 633 1754 676 nos
1791 612 2107 696 poenitere
2151 612 2403 693 debeat,

175 718 568 802 neutiquam
619 716 969 798 reformata
1017 724 1138 781 est.
1238 718 1348 796 Et,
1404 716 1458 779 si
1505 724 1691 794 esset,
1741 717 1966 801 religio
2023 717 2212 781 nobis
2267 740 2405 784 non

177 831 373 902 esset,
409 824 652 900 Sacris,
682 821 785 885 vel
813 842 854 884 a
882 822 925 884 J
929 821 1058 884 ehu
1086 822 1227 904 ipso
1257 819 1638 902 reformatis,
1672 829 1784 884 aut
1813 822 1883 883 in
1920 822 2185 902 Templa,
2210 822 2406 887 etiam

178 950 217 991 a
248 926 470 992 Persis
498 924 888 989 reaedificato
924 924 1122 1007 (quod
1162 924 1319 988 olim
1362 925 1640 1007 populus
1679 925 1805 989 Dei
1843 924 2017 1007 fecit)
2060 926 2278 989 Sacri-9
2307 926 2407 989 vel

180 1031 459 1115 operari,
491 1030 594 1093 vel
623 1029 960 1092 interesse.

244 1168 517 1232 Accipiam
556 1165 974 1215 Intercessionem
1010 1163 1327 1224 Sanctorum,
1369 1179 1486 1214 cum
1523 1163 1872 1228 Reliquiarum
1910 1165 2246 1224 veneratione,
2294 1178 2408 1226 quae

312 1251 361 1300 si
396 1247 661 1299 ostendere
697 1253 907 1311 potuero
944 1262 976 1296 a
1015 1246 1267 1307 Patribus,
1295 1247 1384 1309 qui
1419 1248 1604 1311 primis
1638 1247 2039 1310 quadringentis,
2064 1248 2142 1297 vel
2167 1248 2409 1311 quinqua-

313 1327 489 1390 gentin
509 1326 658 1375 annis
679 1324 973 1383 floruerunt,
997 1324 1233 1373 unanimi
1255 1338 1500 1373 consensu
1533 1325 1818 1389 approbari,
1842 1324 1996 1373 simul
2017 1324 2226 1375 effecero
2254 1323 2407 1373 fidem

318 1406 477 1469 Regis
520 1405 808 1467 Anglorum
853 1418 957 1453 non
1000 1418 1107 1453 esso
1158 1402 1313 1452 fidem
1357 1404 1558 1452 Veteris
1601 1408 1654 1453 et
1689 1403 1977 1453 Primitivae
2023 1403 2275 1463 Ecclesiae,
2320 1402 2408 1452 scd

316 1489 567 1550 figmenta
599 1489 655 1535 ct
696 1485 911 1535 haereses
944 1484 1480 1550 novatorum—[Bell.
1526 1484 1678 1549 Apol.
1723 1499 1815 1549 pro
1855 1482 2025 1549 Resp]
2069 1498 2119 1548 p.
2146 1486 2222 1534 12.
2271 1484 2410 1549 [Op.,

315 1576 443 1618 tom.
467 1568 554 1617 vii.
588 1567 682 1617 col.
708 1567 819 1618 711.
843 1566 928 1631 C.]

274 1661 482 1724 Porro
516 1658 698 1722 litem
741 1659 880 1741 jam
930 1678 1165 1720 novam
1205 1656 1514 1735 intendit,
1548 1678 1678 1740 quo
1722 1656 1866 1720 loco
1911 1664 1977 1719 et
2014 1655 2241 1719 docere
2269 1655 2408 1719 vult
2434 1656 2608 1772 ἓξὲξ
2631 1736 2733 1770 non

187 1764 409 1826 Fidem
450 1783 635 1844 quam
678 1761 820 1823 Rex
859 1759 1153 1842 defendit,
1182 1761 1381 1843 fidem
1410 1780 1533 1823 non
1562 1780 1693 1822 esse
1720 1761 1945 1822 veteris
1973 1766 2033 1823 et
2061 1760 2410 1822 Primitivae
2433 1802 2606 1837 reeens

190 1867 513 1929 Eccleeiae.
606 1865 702 1928 Ut
734 1862 982 1941 doceat,
1015 1864 1295 1944 accipere
1340 1883 1407 1925 se
1449 1863 1662 1946 primo
1693 1862 1870 1940 dicit,
1902 1863 2409 1926 Intercessionem
2435 1850 2679 1914 inventa]

191 1973 588 2046 Sanctorum,
636 1988 774 2031 cum
825 1968 1256 2049 Reliquiarum
1306 1968 1715 2030 veneratione.
1808 1968 1897 2030 Et
1942 1987 2090 2031 vere
2151 1968 2410 2050 quidem

187 2078 491 2157 accipere,
541 2073 656 2137 sed
708 2094 749 2136 a
791 2094 860 2136 se
906 2073 1204 2153 accipere,
1237 2071 1434 2134 dante
1479 2071 1655 2134 enim
1696 2071 1997 2135 nemine:
2045 2092 2123 2134 eo
2168 2071 2410 2135 scilicet

189 2200 405 2255 sensu,
441 2197 569 2261 quo
601 2175 980 2240 scandalum
1011 2180 1329 2255 acceptum
1360 2173 1486 2237 dici
1515 2174 1700 2250 solet,
1733 2195 1870 2237 non
1900 2174 2143 2237 datum.
2233 2175 2410 2237 Nam

194 2285 334 2347 Rex
375 2283 835 2344 Invocationem
880 2281 1252 2343 Sanctorum
1295 2285 1497 2341 tutam
1537 2300 1660 2341 non
1690 2286 1883 2361 putat
1905 2289 1955 2342 ⁰.-
2004 2280 2081 2342 de
2117 2282 2409 2343 interces-

190 2391 364 2451 sione
391 2385 667 2449 verbum
693 2384 787 2448 ibi
814 2383 1066 2447 nullum
1093 2409 1107 2447 :
1155 2390 1222 2446 et
1266 2383 1692 2445 adorationem
1738 2384 2168 2465 Reliquiarum
2194 2405 2411 2467 repre-

192 2489 488 2569 henditd,
543 2511 676 2554 non
735 2489 1202 2552 venerationem.
1296 2488 1421 2565 Ita,
1481 2487 1788 2571 impingit
1845 2488 1916 2551 in
1974 2489 2113 2572 ipso
2164 2489 2409 2553 limine.

2517 1462 2550 1491 Q

194 2599 400 2662 Porro
446 2596 503 2658 si
549 2595 716 2658 nihil
774 2594 880 2658 hic
926 2593 1179 2671 addam,
1229 2614 1363 2656 uno
1414 2593 1537 2657 hoc
1586 2593 1938 2657 concidunt
1986 2596 2223 2673 omnia,
2271 2617 2412 2678 quae

193 2698 669 2765 consarcinavit
699 2698 804 2761 hic
836 2696 1234 2761 cardinalis:
1285 2696 1754 2759 Sciamachiam
1786 2698 1960 2760 enim
1990 2699 2097 2761 hic
2128 2699 2411 2776 molitur,

194 2811 260 2867 et
299 2804 549 2866 luctam
580 2822 731 2864 cum
760 2802 937 2863 larva
966 2820 1101 2863 sua.
1192 2798 1380 2862 Nihil
1409 2799 1675 2862 interim
1708 2819 1931 2862 eorum
1962 2799 2069 2863 hic
2099 2800 2181 2864 ab
2212 2821 2287 2865 eo
2317 2800 2412 2878 fit,

195 2926 342 2988 quae
373 2903 516 2967 fieri
549 2904 688 2966 Rex
717 2902 809 2966 ibi
838 2900 1141 2984 postulat.

288 3012 348 3072 1.
398 3009 500 3072 De
547 3007 934 3070 invocatione
962 3004 1263 3088 proponit
1310 3005 1486 3068 Rex:
1535 3005 1899 3070 cardinalis
1941 3006 2289 3090 respondet
2334 3007 2414 3071 de
2440 3015 2739 3082 [Im-ocutio-

194 3113 660 3175 intercessione.
747 3109 1142 3186 InterceseiO,
1198 3129 1360 3191 opus
1416 3110 1804 3173 Sanctorum
1832 3135 1846 3173 :
1909 3111 2250 3191 InvocatiO,
2299 3134 2412 3176 no·
2439 3081 2726 3210 ἲξῐῖῃῗῇω

195 3225 429 3278 strum.
519 3213 916 3276 Intercedere
976 3211 1262 3289 Sancto-3,
1324 3211 1555 3295 probat
1617 3213 2008 3278 cardinalis:
2081 3215 2223 3280 Rex
2282 3238 2417 3281 non

194 3327 418 3402 negat.
508 3316 898 3380 Invocandos
925 3322 1122 3398 negat
1155 3316 1330 3391 Rex;
1380 3316 1739 3380 cardinalis
1767 3337 1900 3381 non
1930 3320 2177 3402 probat.

280 3427 349 3488 2.
398 3422 501 3485 De
546 3420 1020 3502 quadringentis
1055 3419 1241 3481 annis
1274 3419 1414 3481 Rex
1457 3427 1816 3502 expectat⁰z
1877 3433 1964 3500 at,
1999 3445 2158 3506 quos
2191 3424 2414 3488 Cardi-
2442 3428 2555 3494 [per
2574 3441 2734 3476 annos

196 3526 366 3589 nalis
406 3523 696 3601 corrasit,
748 3530 895 3606 post
944 3522 1441 3584 trecentesimum
1486 3543 1711 3586 omnes
1739 3550 1752 3588 :
1817 3524 1930 3603 ita,
1982 3527 2299 3590 conclusit
2350 3549 2417 3589 se
2441 3491 2589 3555 ω’]

193 3630 376 3692 intra
404 3647 597 3689 unum
626 3625 821 3689 modo
851 3627 1294 3703 centetum-ium,
1323 3646 1604 3709 eumque
1631 3627 1960 3691 ultimum.
2051 3629 2153 3692 De
2191 3629 2416 3712 priori-

193 3732 320 3796 bus
369 3737 593 3795 autem
627 3730 925 3791 trecentis
953 3727 1216 3791 adducit
1246 3749 1367 3793 nec
1397 3729 1644 3812 apicem
1672 3755 1686 3793 z
1738 3729 1901 3793 Silet
1930 3729 2040 3808 ibi,
2074 3738 2140 3793 et
2171 3731 2420 3795 silendo

193 3836 499 3900 laborare
529 3854 791 3897 causam
823 3854 1006 3896 suam
1036 3833 1193 3895 satis
1221 3831 1489 3896 indicat.

281 3942 351 4001 3.
401 3938 506 4001 De
555 3956 653 4013 eo,
688 3935 859 4018 quod
887 3941 1242 3998 statuerunt
1283 3936 1531 4014 Patres,
1565 3935 1670 4018 agi
1697 3935 1836 3998 vult
1868 3936 2047 3998 Rex:
2097 3936 2221 4000 Ille
2254 3937 2414 4000 nihil
2445 3938 2644 4004 [Patres

195 4043 550 4126 quicquam
582 4039 663 4103 ab
692 4039 819 4102 inis
850 4044 1174 4118 statutum,
1206 4039 1370 4102 nihil
1402 4039 1783 4103 definitum:
1832 4039 1989 4123 quid
2019 4040 2275 4119 alieubi,
2302 4043 2415 4105 aii-
2447 4007 2749 4132 353⁸&

196 4147 365 4230 quie,
392 4142 765 4227 aliquando,
790 4149 959 4206 motu
974 4144 1240 4225 proprio
1272 4142 1502 4206 dixerit
1532 4142 1851 4222 feceritve,
1876 4144 1943 4205 id
1974 4144 2167 4207 modo
2195 4145 2413 4209 refert.
2552 4164 2638 4223 36

279 4256 349 4313 4.
395 4250 590 4325 Tum,
615 4248 965 4309 unanimem
996 4267 1352 4310 consensum
1381 4246 1667 4329 postulat
1693 4247 1854 4310 Rex.
1919 4248 2029 4325 At,
2051 4258 2115 4311 et
2147 4248 2255 4311 alii
2284 4270 2414 4312 non
2442 4268 2698 4332 [unanimi

262 4376 286 4409 ⁸
324 4374 570 4441 [Mimle
592 4377 647 4423 ct
670 4373 985 4422 Breviarium
1010 4373 1266 4424 eDecrcto
1421 4380 1441 4404 ⁶
1513 4373 1654 4421 Praef.
1682 4372 1862 4422 Monit.
1887 4388 1934 4437 p.
1956 4374 2062 4438 62]
2442 4336 2729 4398 couaemu']

197 4443 352 4492 Cone.
396 4440 631 4489 Trident.
668 4439 816 4500 jussu
863 4437 943 4486 Pii
969 4437 1030 4488 V.
1074 4444 1126 4488 ct
1165 4439 1269 4488 Clo·
1422 4437 1443 4468 ‘¹
1514 4437 1642 4486 Ibid.
1666 4453 1718 4500 p.
1736 4437 1842 4500 54.]

198 4513 360 4556 ment,
388 4503 541 4554 vm.
586 4502 757 4552 Biblia
790 4501 940 4551 Sacra
974 4518 1004 4553 a
1032 4502 1180 4553 Sixto
1208 4504 1270 4554 V.
1422 4511 1443 4534 ⁶
1480 4502 1639 4566 [ibid.
1667 4518 1713 4566 p.
1735 4503 1841 4566 48.]

198 4588 226 4621 e
252 4573 468 4623 Decrezo
503 4569 657 4618 Cone.
683 4565 942 4631 'ſtrident-J
