3165 4959
954 325 1318 373 stomoma
1363 326 1726 373 RESPONSIO.
2314 314 2440 373 435

226 475 469 540 merito
509 478 680 540 misit
723 478 822 540 illi
865 480 1038 542 Deus
1077 482 1491 561 operationem
1530 482 1785 558 mori-5,
1833 487 1902 542 ut
1955 481 2229 543 crederet
2275 501 2440 543 men-

225 580 414 643 dacio
437 580 458 618 ²
480 582 514 643 ἒ
604 583 695 645 At
745 602 880 645 non
931 582 1012 646 ab
1072 583 1214 645 aliia
1274 583 1396 647 hoe
1448 583 1837 665 impetrabit,
1885 584 1996 666 qui
2046 583 2189 666 plus
2234 583 2441 647 inesse

223 684 450 748 aolidae
495 684 643 748 fidei
684 686 756 748 in
809 686 1060 749 Tabulis
1084 686 1378 769 publicis,
1434 708 1625 769 quam
1674 687 1744 749 in
1795 687 2164 750 Jemitastri
2204 687 2441 769 (nescio

221 789 432 872 cujus)
473 788 958 872 scriptiunculiS,
994 811 1078 854 ne
1108 791 1425 854 vocabunt
1455 789 1713 873 quidem
1742 790 1813 852 in
1844 790 2132 853 dubium.
2228 790 2356 854 Sed
2386 791 2441 855 si

220 892 318 954 ita
365 900 495 954 stat
554 894 907 958 sententia:
955 894 1199 957 nullam
1251 915 1370 976 ego
1430 892 1689 976 quidem
1749 914 2006 976 operam
2067 901 2441 976 sumpturus

221 1017 389 1072 sum,
439 995 597 1079 quin
633 998 768 1059 sine
804 999 995 1060 rivali
1011 998 1042 1028 ¹¹
1088 996 1302 1060 credat
1332 996 1564 1060 dehinc
1595 996 1699 1060 cui
1728 996 1896 1060 volet
1927 1003 1992 1059 et
2038 997 2340 1075 mendaci,
2374 1004 2440 1060 et

284 1224 434 1283 Quod
458 1224 733 1275 Garnettus
756 1263 768 1275 .
793 1262 806 1275 .
832 1264 844 1276 .
869 1227 928 1276 in
948 1227 1060 1290 ipso
1078 1226 1276 1277 theatro
1289 1227 1506 1291 jamjam
1527 1226 1806 1275 moriturus
1824 1229 1998 1289 aperte
2018 1228 2438 1290 pronuntiaverit,

351 1323 408 1357 ae
430 1307 735 1371 proditionis
756 1309 896 1358 illiua
917 1310 1172 1360 oonacium
1195 1324 1297 1358 non
1320 1309 1488 1368 suinae,
1514 1308 1615 1357 nisi
1637 1309 1693 1358 in
1716 1308 2037 1358 Confessione
2059 1308 2438 1371 sacramentali,

355 1394 512 1440 testea
529 1391 699 1448 multi.
725 1427 737 1440 .
761 1428 775 1441 .
802 1428 814 1439 .
838 1406 970 1441 unua
991 1392 1244 1455 praecipue
1258 1392 1339 1441 vir
1358 1391 1545 1454 gravis,
1569 1427 1582 1439 .
1608 1427 1620 1440 .
1645 1427 1657 1439 .
1682 1390 1769 1452 qui
1787 1426 1799 1436 .
1819 1427 1832 1439 .
1851 1428 1862 1440 .
1882 1405 2037 1454 prope
2056 1426 2067 1439 .
2084 1427 2095 1439 .
2115 1427 2127 1439 .
2151 1391 2304 1454 (eum)
2322 1407 2437 1440 cum

352 1476 501 1531 esset,
524 1486 589 1521 ex
612 1486 697 1521 ore
721 1508 734 1521 .
759 1507 772 1520 .
796 1508 807 1520 .
825 1470 1059 1523 Garnetti
1082 1472 1135 1521 id
1161 1487 1213 1522 se
1235 1473 1482 1537 accepisse
1504 1471 1637 1521 mihi
1660 1476 1830 1521 sancte
1852 1471 2139 1522 affirmavit.
2177 1471 2320 1530 Quod
2345 1486 2438 1535 ego

350 1552 490 1601 sacili
515 1553 724 1613 credidi,
756 1553 845 1616 qui
866 1554 1144 1603 multorum
1164 1567 1409 1603 annorum
1431 1553 1664 1604 Gametti
1696 1552 2056 1603 consuetudine
2086 1568 2219 1612 usus,
2246 1555 2438 1617 optime

349 1636 473 1685 novi
506 1649 756 1685 summam
787 1635 896 1699 ejua
927 1635 1250 1699 probitatem,
1273 1640 1327 1685 et
1354 1635 1715 1694 innocentiam,
1739 1650 1855 1685 cum
1888 1649 2086 1685 summa
2120 1636 2316 1698 ingenii
2345 1672 2359 1685 .
2384 1672 2396 1684 .
2422 1673 2434 1685 .

349 1716 638 1766 eruditione
667 1717 1222 1782 conjunctam.-[Bell.
1259 1716 1407 1781 Apol.
1441 1732 1533 1782 pro
1570 1715 1742 1780 Resp]
1779 1731 1825 1779 p.
1854 1717 1963 1767 178.
2017 1717 2151 1781 [Op.,
2190 1720 2314 1765 tom.
2344 1718 2434 1766 vii.

347 1797 447 1846 eol.
477 1800 590 1848 804.
614 1797 759 1863 c.D.]

307 1898 409 1961 De
464 1898 752 1962 Garnetti
796 1900 864 1961 in
915 1900 1181 1961 Theatro
1212 1900 1356 1980 jam
1406 1900 1714 1976 morituri,
1760 1897 2168 1977 Confessione,
2218 1898 2430 1961 illudit
2458 1905 2726 1981 [Gar-netu·

221 2000 549 2064 cardinali
583 2002 684 2064 vir
711 2003 818 2064 ille
849 2003 1087 2084 gravis,
1137 2001 1411 2084 graviter
1440 2002 1672 2080 illudit,
1706 2001 2042 2084 aequivoca
2133 2003 2305 2065 Nam
2338 2002 2431 2064 ita
2454 1970 2605 2094 2¹¹1?AE
2628 2052 2692 2087 ex

222 2103 480 2184 quidem
511 2104 698 2168 initio
727 2105 925 2169 videri
955 2105 1178 2183 voluit,
1220 2106 1403 2186 (nihil
1427 2105 1547 2168 sibi
1576 2126 1650 2168 ea
1683 2106 1758 2167 de
1788 2126 1858 2167 re
1888 2105 2075 2167 aliter
2105 2126 2288 2186 quam
2318 2105 2429 2167 sub
2456 2099 2650 2175 02⁰an

220 2206 446 2289 Siqillo
481 2208 838 2272 constitisse
859 2208 928 2291 ',)
966 2230 1186 2272 verum
1224 2208 1588 2272 admonitus
1628 2208 1867 2286 statim,
1910 2209 2094 2271 aliter
2129 2208 2251 2272 sibi
2290 2229 2426 2272 rem
2454 2178 2725 2279 33ngan-

220 2318 463 2390 notam,
505 2333 639 2375 non
682 2313 877 2376 semel
921 2311 1161 2374 fassum
1215 2333 1350 2376 esse
1394 2333 1479 2389 se,
1526 2311 1718 2393 idque
1763 2311 1996 2393 scripto
2027 2313 2163 2395 ejus
2206 2311 2428 2375 haberi
2453 2294 2750 2424 {3¹ssng

219 2413 298 2476 ad
351 2416 601 2499 Regem
650 2415 800 2481 dato
827 2442 840 2479 :
886 2416 1029 2478 tu1'n
1075 2437 1224 2479 vero
1271 2436 1504 2499 negare
1555 2436 1689 2478 non
1746 2414 1957 2499 potuit
2016 2415 2209 2476 miser
2231 2441 2251 2494 3
2314 2415 2427 2478 sed
2678 2396 2690 2409 ’

219 2520 518 2602 quicquid
550 2523 783 2603 scripto
812 2542 923 2584 suo
954 2521 1302 2599 haberetur,
1345 2521 1418 2583 id
1442 2540 1586 2583 vero
1616 2520 2001 2582 vovi-ssimum
2031 2539 2160 2582 esse
2176 2529 2214 2556 W
2237 2546 2255 2580 :
2306 2540 2424 2582 nec

215 2623 481 2687 verbum
512 2624 773 2689 addidit.
867 2624 1163 2688 Habetur
1192 2633 1407 2688 autem
1439 2624 1673 2706 scripto
1702 2624 1858 2707 ejuS,
1890 2643 1957 2686 se
1987 2622 2213 2705 saepius
2242 2644 2319 2686 ea
2345 2622 2425 2686 de
2536 2626 2663 2687 315

216 2745 303 2802 re,
335 2727 652 2811 variisque
682 2728 753 2791 in
789 2727 966 2806 locist,
1009 2749 1218 2811 neque
1259 2727 1377 2791 sub
1409 2725 1823 2791 Confessione
1863 2725 2090 2803 solum,
2134 2724 2244 2789 sed
2272 2746 2424 2788 eon-

218 2828 341 2891 ailii
371 2830 568 2894 dandi
598 2830 1012 2914 capiendique
1040 2850 1248 2910 causa,
1282 2830 1669 2894 collocutum
1691 2849 1842 2892 esse.
1909 2829 2190 2905 Quaerat,
2223 2850 2262 2892 a
2289 2830 2424 2891 viro

219 2945 330 2996 su‘o
354 2936 562 3016 yravi,
593 2934 874 2998 haecoine
905 2935 997 2997 ita
1025 2955 1091 2998 se
1123 2934 1405 2998 habeant
1431 2933 1458 2996 ἲ
1552 2933 1624 2996 Si
1668 2940 1861 3016 neget
1905 2940 2143 3011 autem,
2187 2931 2423 2996 habeat

218 3055 330 3115 pro
360 3039 500 3101 levi.
589 3039 808 3102 Testes
852 3038 1024 3102 enim
1075 3037 1370 3101 astabant
1413 3044 1556 3099 tum
1591 3036 1823 3119 plures,
1855 3055 1932 3099 ex
1961 3035 2140 3099 omni
2170 3035 2423 3100 Civium

219 3139 460 3219 ordine,
487 3148 585 3204 sat
613 3140 761 3205 fidei
792 3141 964 3204 illius
981 3140 1317 3204 elevandae.
1366 3139 1558 3208 Quod
1576 3139 1747 3203 enim
1767 3137 1969 3219 facile
1987 3140 2257 3203 credidit
2280 3140 2428 3203 Car·

217 3239 471 3321 dinalis,
496 3244 682 3308 facile
713 3244 1062 3308 credimus:
1110 3242 1145 3307 ὅ
1169 3268 1265 3311 τις
1286 3241 1602 3321 βούλεται
1625 3245 1812 3307 τοῦτο
1838 3250 1944 3308 καὶ
1969 3242 2168 3308 οἴεται
2178 3244 2220 3315 ¹,
2243 3242 2428 3306 facile

218 3347 509 3427 credidit,
543 3348 712 3429 quod
753 3348 981 3411 misere
1011 3348 1228 3431 cupiit.
1318 3348 1494 3412 Nam
1527 3348 1697 3431 quod
1729 3347 2108 3428 probitatem
2147 3346 2427 3409 hominia

219 3448 469 3527 attinet,
503 3452 604 3513 cui
631 3451 844 3513 multis
872 3451 1053 3513 annis
1083 3452 1414 3528 consuevit,
1448 3449 1515 3512 id
1551 3459 1648 3513 est
1677 3450 1773 3512 illi
1802 3451 1967 3513 forte
1996 3449 2190 3530 probe
2218 3448 2424 3511 Jeme·-

219 3554 344 3614 tam
393 3574 601 3636 agere,
640 3553 810 3636 quod
860 3554 1046 3618 nobis
1097 3554 1440 3635 improbum
1470 3555 1663 3616 civem
1706 3573 1858 3615 esse.
1948 3550 2041 3615 At
2070 3551 2150 3614 de
2192 3552 2426 3634 ingenii

219 3658 580 3736 eruditione,
606 3658 788 3741 siqua
814 3658 958 3737 fuit,
980 3665 1317 3741 postquam
1343 3657 1667 3721 Catisbeio
1696 3655 2022 3720 consuevit
2051 3662 2116 3718 et
2145 3654 2424 3738 reliquis,

219 3766 282 3820 et
311 3761 621 3825 Politia-us
664 3761 1004 3844 derepente
1047 3760 1253 3826 factus
1290 3769 1405 3839 est,
1438 3759 1754 3824 exhalavit
1784 3759 1879 3821 illi
1910 3759 2128 3821 statim
2159 3757 2426 3821 eruditio

219 3865 444 3944 omniS,
480 3873 652 3928 certe
682 3873 750 3929 et
766 3867 1059 3947 probitas
1087 3887 1356 3948 quoque.

281 3989 520 4054 Sigillum
543 4007 661 4042 vero
681 3993 1008 4043 consessionis
1032 4031 1044 4042 .
1071 4029 1083 4042 .
1107 4030 1119 4041 .
1145 4007 1288 4056 poene
1312 3991 1483 4056 detegi
1504 3991 1568 4042 ad
1604 3992 1787 4056 ingena
1810 3990 2174 4043 detrimentum
2204 3996 2426 4042 averten-

344 4074 485 4132 dum,
521 4073 673 4124 modo
694 4089 907 4138 persona
928 4075 1219 4125 confitentia
1254 4075 1536 4133 reticeatur.
1573 4089 1678 4124 non
1712 4074 2125 4138 ignora—[Bell.
2149 4074 2297 4137 Apol.
2332 4088 2423 4137 pro

344 4154 514 4219 Beep]
547 4171 594 4218 p.
623 4157 732 4208 178.
774 4155 912 4220 [Op.,
937 4160 1058 4206 tom.
1082 4157 1171 4205 vii.
1195 4156 1289 4206 eol.
1314 4159 1423 4208 804.
1449 4155 1535 4221 D.]

281 4332 297 4360 ι
608 4338 640 4351 0·
1419 4348 1452 4369 v

282 4404 305 4428 ¹·
332 4337 823 4467 [irffissffidliir
847 4402 937 4452 nn.
963 4403 1096 4470 444]
1419 4411 1441 4435 ι
1476 4337 1928 4470 Fssissoii'ff'offlf.
1950 4400 2268 4463 olynth.111.
2291 4402 2410 4462 με.

280 4469 300 4490 '
403 4466 486 4518 ide
509 4466 683 4532 Suppl.
714 4467 872 4518 Henr.
897 4467 1122 4530 Garneti‚
1147 4484 1196 4532 p.
1219 4472 1264 4518 2.
1355 4483 1437 4532 pp.
1463 4470 1542 4518 ⁸8.
1565 4469 1643 4517 84.
1684 4466 1921 4530 Remu]

219 4527 279 4576 ad
302 4529 387 4581 fin.
411 4534 611 4583 Aetion.
630 4533 687 4582 in
700 4531 958 4596 eundem]

1712 4619 1893 4679 1⁷12
