3165 4959
968 350 1332 397 momorum
1376 350 1744 398 RESPONSIO.
2337 338 2463 399 285

260 520 453 583 perge
483 521 624 584 age,
655 502 872 579 adora,
908 511 1224 586 quantum
1256 505 1443 569 voles.
1536 506 1731 568 Certe
1761 512 1997 582 autem,
2031 524 2151 567 nec
2184 505 2224 566 J
2229 524 2473 567 oannes

259 602 608 685 Angelum,
661 625 782 668 nec
835 606 1142 684 Centurio
1190 609 1460 671 Petrum
1506 630 1625 691 pro
1672 608 1807 670 Deo
1862 607 2107 685 habuit,
2163 607 2275 670 sed
2337 608 2475 690 (per
2537 603 2546 606 ’

259 726 541 770 errorem
596 707 857 790 scilicet)
899 717 1186 773 sanctam
1232 732 1491 775 omnem
1522 719 1589 775 et
1623 711 1989 794 religiosam
2033 710 2473 774 adorationem

260 808 404 872 Deo
428 810 546 873 soli
576 832 707 874 non
737 812 1057 895 putabant
1089 812 1446 877 convenire.
1506 814 1722 880 Quem
1751 814 1857 877 hic
1889 834 2170 877 errorem
2200 812 2477 895 castigat

261 912 647 978 Cardinalis.

330 1079 388 1099 =
427 1055 525 1105 Sed
546 1062 603 1105 ut
626 1057 733 1120 ejus
751 1057 956 1107 vincula
976 1073 1097 1107 auro
1119 1059 1419 1122 pretiosiora
1445 1060 1788 1108 aestimentur:
1824 1025 2154 1122 religioseque
2173 1060 2226 1108 in
2246 1059 2478 1109 universa

395 1137 615 1188 Ecclesia
657 1140 1096 1190 colantur.-Bell.
1136 1140 1287 1204 Apol.
1329 1156 1420 1204 pro
1460 1141 1633 1205 Resp]
1683 1156 1732 1205 p.
1760 1145 1865 1193 118.
1906 1142 2045 1207 [Op.,
2087 1147 2209 1190 tom.
2247 1142 2336 1191 vii.
2381 1139 2475 1189 col.

396 1221 505 1270 770.
526 1219 605 1284 3.]

357 1329 456 1392 1)0
489 1330 701 1410 pretio
734 1337 951 1393 autem
993 1351 1186 1394 nemo
1231 1332 1602 1410 contendet,
1636 1333 1875 1395 scimus
1904 1333 2306 1397 vinculorum
2339 1352 2476 1396 sco-

259 1431 413 1495 bem
445 1432 742 1515 exiguam
775 1455 931 1497 auro
960 1456 1093 1498 non
1126 1435 1358 1517 exiguo
1388 1455 1552 1517 saepe
1582 1435 1930 1514 venditam,
1964 1443 2030 1498 et
2062 1435 2286 1499 Crucis
2316 1435 2473 1499 item

261 1534 527 1613 assidu,
558 1534 756 1597 etiam
793 1535 1019 1598 falsam
1070 1534 1348 1613 scobem,
1396 1556 1515 1598 nec
1566 1556 1748 1598 veras
1793 1536 2073 1599 assulas:
2120 1556 2241 1599 nec
2288 1536 2477 1618 proin

260 1659 371 1700 res
393 1637 569 1715 viles,
590 1638 702 1701 sed
724 1638 1001 1716 venales,
1026 1639 1080 1701 si
1103 1646 1460 1722 emptorem
1492 1639 1817 1721 reperiant
1848 1638 2012 1702 bene
2042 1646 2476 1716 nummatum,

259 1749 334 1803 et
372 1739 476 1802 cui
518 1741 686 1803 tanti
730 1741 969 1803 vitrum
1018 1742 1123 1820 sit,
1156 1742 1383 1823 quanti
1424 1740 1877 1823 Margaritum.
1970 1740 2145 1808 Quid
2176 1741 2228 1804 si
2259 1747 2477 1804 antem

260 1863 402 1906 non
431 1842 607 1920 vileS,
640 1864 879 1926 ergone
910 1844 1315 1908 adorandas?
1407 1844 1714 1927 Maleque
1747 1844 1983 1907 dicitur
2011 1850 2285 1926 spretam
2321 1844 2479 1906 Cru-

260 1965 417 2008 εεηι.
506 1947 661 2009 Non
693 1945 935 2029 spernit
961 1948 1120 2025 Rex,
1150 1967 1270 2009 nec
1300 1946 1525 2009 adorat
1545 1953 1802 2009 tamen:
1855 1945 1983 2009 Sed
2015 1967 2224 2030 neque
2247 1945 2476 2010 Cardi-

258 2047 433 2110 nalis
461 2047 595 2130 ipse
626 2043 860 2126 omnia,
895 2070 1037 2132 quae
1066 2070 1200 2112 non
1230 2051 1489 2130 spernit,
1523 2050 1752 2112 adorat
1784 2050 2097 2133 protinuS.

334 2192 455 2242 Post
470 2208 667 2242 crucem
685 2193 896 2243 Domini
917 2200 1153 2258 spretam,
1175 2197 1361 2244 transit
1378 2194 1530 2260 [Rex]
1551 2195 1617 2245 ad
1632 2195 1986 2257 Purgatorinm
2009 2193 2386 2258 [irridendum]
2403 2231 2414 2243 .
2431 2229 2443 2241 .
2463 2229 2476 2241 .

400 2272 602 2322 Falsum
626 2278 719 2332 est,
742 2310 754 2323 .
781 2310 795 2322 .
817 2310 830 2323 .
853 2290 884 2324 a
909 2273 1218 2325 Bellarmino
1239 2276 1439 2325 nullum
1455 2276 1845 2325 fundamentum
1867 2275 2162 2339 Purgatorio
2184 2290 2249 2325 ex
2270 2276 2479 2338 scriptu-

398 2355 470 2403 ris
500 2355 660 2404 astrui
693 2355 929 2418 potuisse.
997 2355 1259 2418 Siquidem
1288 2393 1299 2406 .
1323 2393 1334 2405 .
1361 2393 1373 2404 .
1403 2357 1609 2420 viginti,
1643 2356 1917 2418 Scripturas
1944 2356 2147 2420 [sacrae]
2173 2354 2482 2405 testimoniis

401 2474 413 2486 .
438 2474 450 2485 .
476 2474 489 2488 .
511 2435 944 2488 astruxit—Bell.
971 2437 1120 2503 Apol.
1146 2453 1237 2503 pro
1260 2439 1436 2504 Resp.]
1472 2453 1521 2503 p.
1546 2441 1652 2490 118.
1693 2438 1834 2503 [Op.,
1868 2444 1991 2489 tom.
2016 2438 2106 2488 vii.
2139 2437 2255 2488 coll.
2280 2437 2389 2490 770.
2415 2435 2479 2485 D.

402 2521 513 2571 771.
538 2518 623 2583 A.]

361 2618 403 2680 J
406 2640 509 2681 am
558 2617 640 2681 ad
669 2619 1039 2701 Puryatorii
1082 2621 1286 2703 iynem
1333 2621 1612 2684 calescit.
1703 2621 1902 2696 Nam,
1950 2618 2004 2680 si
2042 2618 2305 2700 frigeret
2349 2618 2478 2695 ille,
2510 2629 2777 2706 [purgato-

260 2720 534 2803 frigeret
563 2727 628 2785 et
652 2722 815 2784 alius
843 2723 915 2784 in
943 2722 1105 2800 foco,
1126 2723 1229 2786 cui
1253 2723 1367 2786 diu
1388 2724 1524 2806 jam
1548 2723 1919 2804 Paryatorii
1949 2720 2163 2803 opinio
2193 2720 2482 2783 fomenta
2507 2696 2786 2821 fflssfflffi

261 2823 675 2886 ministravit.
768 2826 1053 2888 Corrasit
1084 2826 1363 2908 quidem,
1407 2826 1558 2889 hinc
1603 2825 1776 2902 inde,
1811 2825 2153 2905 Scripturae
2185 2824 2340 2900 loca,
2372 2823 2485 2886 ubi
2509 2823 2707 2871 nullum

262 2925 404 2988 ulla
447 2927 630 3007 iynis,
677 2926 812 2989 ulla
846 2928 1171 3009 puryandi
1221 2928 1486 3005 menti0‚
1536 2927 1734 2989 etiam
1780 2926 1892 2990 ubi
1943 2925 2260 2988 neutrius.
2354 2925 2482 2989 Sed
2508 2887 2805 3001 ffi?‡ssd¹‡‘

265 3048 417 3110 quae
448 3028 843 3092 Matthaeum
873 3030 1145 3093 'Portum
1176 3030 1499 3107 decerent,
1530 3030 1625 3092 ita
1668 3029 1898 3092 misere
1943 3027 2214 3104 detorta,
2247 3034 2311 3090 et
2342 3049 2484 3111 quae
2506 3015 2774 3079 mentum]

263 3151 465 3193 nemo
493 3130 671 3213 legit,
705 3132 864 3214 quin
891 3132 1194 3195 misereat
1225 3154 1373 3196 eum
1405 3132 1648 3209 statim,
1674 3140 1740 3195 et
1764 3130 2143 3208 CardinaliS,
2169 3138 2234 3194 et
2253 3152 2481 3195 causae.

267 3233 535 3295 Nullum
577 3233 667 3296 ibi
697 3232 1201 3314 fundamentum,
1237 3237 1467 3299 merito
1511 3236 1650 3299 Rex
1694 3235 1873 3298 dixit.
1966 3234 2279 3317 Pleraque
2309 3234 2483 3298 enim

265 3343 407 3397 tam
440 3357 571 3398 non
601 3334 866 3418 liquida,
900 3345 971 3398 ut
1000 3337 1329 3420 integrum
1359 3339 1418 3401 ei
1448 3348 1643 3423 caput
1673 3338 2183 3402 consumendum
2217 3339 2322 3415 sit,
2357 3358 2483 3421 quo

269 3438 542 3520 affingat
573 3438 665 3500 eis
695 3438 976 3522 aliquam
1007 3438 1233 3502 saltem
1266 3441 1397 3504 veri
1432 3441 1944 3504 similitudinem.
2007 3440 2234 3523 Ipsum
2265 3440 2316 3501 si
2347 3440 2481 3521 pla-

268 3547 396 3617 cet,
439 3539 675 3603 audite.
773 3541 934 3613 Quia
972 3540 1172 3622 sorte,
1214 3550 1328 3605 aut
1380 3549 1563 3619 certe,
1616 3550 1726 3605 aut
1771 3545 1993 3605 saltem
2040 3540 2484 3605 existimabant

257 3662 448 3724 posse
473 3641 626 3722 fieri
643 3652 691 3704 ¹¹.
789 3645 1018 3706 Tamen
1057 3645 1351 3708 credibile
1394 3650 1488 3706 est
1510 3656 1554 3705 ⁰.
1652 3645 1799 3719 Hoec
1826 3643 2014 3706 verba
2043 3645 2218 3705 varie
2258 3644 2483 3722 exponi

339 3819 362 3841 ⁸
397 3810 546 3875 [⁴‘Ad
578 3812 813 3874 quintum
838 3811 967 3872 dico,
990 3817 1250 3875 peccatum
1275 3813 1331 3861 il·
1419 3812 1608 3861 Galaad
1624 3811 1798 3862 audita
1817 3815 1978 3862 morte
1993 3812 2111 3861 Saul
2124 3812 2484 3875 jejunaverunt

271 3876 439 3925 lorum
476 3875 610 3937 (vide
646 3879 675 3924 2
707 3876 862 3925 Mace.
902 3878 1012 3939 xii.)
1051 3881 1139 3927 aut
1182 3879 1332 3927 fuisse
1419 3884 1614 3939 septem
1637 3875 1758 3925 dice.
1805 3876 1872 3925 Et
1896 3879 1925 3924 2
1949 3876 2072 3938 Reg.
2097 3880 2140 3924 1.
2161 3875 2326 3925 David
2343 3877 2484 3926 flevit

271 3940 487 3998 veniale,
524 3942 644 4002 qnia
697 3940 824 3990 forte
867 3941 1169 4003 ignorabant
1205 3942 1334 4004 legis
1419 3946 1473 3990 et
1499 3940 1755 4004 jejunavit
1789 3957 1878 4004 pro
1917 3941 2065 3990 Saule
2101 3946 2154 3990 et
2186 3940 2409 3991 Jonatha
2431 3947 2485 3991 et
2529 3978 2532 3979 γ

312 4004 687 4065 rohibitionem,
711 4042 722 4054 .
750 4043 763 4054 .
786 4041 799 4053 .
822 4011 911 4054 aut
944 4006 1123 4055 saltem
1144 4005 1332 4055 Judam
1419 4006 1535 4055 aliis
1579 4006 1772 4064 occisis,
1828 4003 1961 4068 quod
2017 4004 2158 4054 idem
2211 4005 2333 4054 fecit
2391 4020 2482 4067 pro

308 4067 607 4118 iachabeum
639 4070 712 4118 ita
742 4070 1058 4119 existimasse
1083 4106 1095 4117 .
1116 4106 1128 4118 .
1146 4106 1159 4118 .
1186 4070 1333 4118 Adde
1421 4070 1611 4127 Abner,
1639 4072 1669 4118 2
1685 4069 1804 4131 ch.
1829 4071 1901 4118 iii.
1953 4069 2195 4126 Quamvis
2212 4070 2349 4118 enim
2374 4070 2484 4118 haec

274 4132 457 4182 ultimo
490 4133 670 4182 saltem
701 4134 950 4182 incertum
971 4135 1122 4183 fuisse
1146 4139 1335 4183 statum
1421 4134 1724 4183 videbantur
1744 4134 1855 4182 fieri
1889 4135 1944 4182 in
1982 4135 2188 4196 signum
2223 4133 2411 4182 doloris
2432 4139 2485 4183 et

274 4197 479 4246 illorum
518 4203 571 4246 et
609 4202 872 4260 propterea
906 4198 1106 4247 licuisse
1141 4213 1230 4261 pro
1263 4199 1338 4247 eis
1422 4198 1665 4257 tristitiae,
1679 4203 1848 4247 tamen
1871 4197 2113 4247 credibile
2136 4201 2213 4245 est
2235 4198 2486 4260 praecipue

275 4260 679 4325 orare.”-Bell.]
702 4261 765 4311 de
788 4262 937 4324 Purg.
993 4260 1103 4325 lib.]
1128 4262 1161 4312 i.
1187 4261 1337 4326 [cap]
1424 4262 1555 4311 facta
1599 4277 1703 4312 esse
1747 4262 1812 4312 ad
1859 4262 2111 4326 juvandas
2154 4262 2353 4311 animas
2406 4261 2486 4311 de-

278 4327 323 4372 3.
363 4324 430 4389 [5]
454 4325 569 4374 ‘Ad
615 4330 887 4388 quintum!
980 4325 1090 4389 Op„
1139 4332 1260 4376 tom.
1284 4327 1338 4376 ii.
1427 4326 1976 4390 functorum.”—Bell.]
2010 4326 2074 4376 de
2107 4327 2257 4389 Purg.
2294 4325 2425 4390 [lib.]
2451 4327 2485 4374 i.

278 4388 672 4503 afagissssius
704 4454 843 4504 locus
874 4459 952 4504 est
974 4457 997 4502 1
1029 4454 1137 4516 Reg
1173 4455 1323 4503 ultim
1430 4389 1600 4505 [0⁸35ss
1628 4393 1744 4519 3115]ς
1796 4390 2054 4441 ‘Tei-tius!
2110 4390 2240 4455 [Op-²
2284 4397 2406 4439 mm·
2430 4391 2484 4440 ii·

279 4516 366 4565 ubi
399 4453 641 4580 iegimus,
684 4519 818 4581 qnod
864 4492 1173 4569 habitatores
1191 4491 1345 4569 Jabes
1428 4470 1477 4519 p·
1607 4493 1617 4503 ⁶
1687 4493 1697 4504 ³
