3165 4959
381 992 647 1109 {Episcopi

417 1058 554 1108 urisd
557 1073 621 1106 ιο-

381 1126 574 1173 tionem
596 1137 626 1171 a

384 1188 489 1237 Deo
510 1187 591 1236 ha-

382 1250 547 1315 beat]

417 2423 450 2473 J
452 2422 629 2471 esuitue

430 2488 647 2537 mitane-

387 2551 649 2616 Papiam]

471 2629 593 2691 211

389 3823 661 3886 [Quaenam

385 3889 454 3936 sit
484 3888 621 3936 Puri-

385 3953 655 4080 rasm-

694 315 824 380 290
1322 323 1407 370 An
1452 322 1836 371 cfflnmms
1878 321 2276 370 ΒΜΔΒΜΙΝΙ

762 485 1033 549 Episcopos
1071 494 1176 530 esse
1210 479 1287 544 [in
1324 478 1567 543 Ecclesia]
1602 478 1803 539 debere,
1846 476 2000 541 idque
2029 477 2351 527 ordinatione
2385 477 2563 529 divina
2580 479 2713 544 ‘[nos
2745 482 2914 531 etiam

828 565 1015 615 scimus
1039 566 1091 611 et
1103 560 1385 625 docemus]:
1411 560 1498 611 sed
1521 561 1624 610 alia
1644 559 1858 623 quaestio
1880 553 1958 609 <ist
1978 565 2152 609 utrum
2175 595 2188 609 .
2213 596 2226 609 .
2252 596 2264 608 .
2291 561 2587 612 immediate
2594 562 2912 626 jurisdictio·

830 661 949 697 nem
982 661 1014 695 a
1042 645 1149 695 Deo
1181 645 1448 707 accipiant,
1472 658 1539 693 an
1559 657 1592 693 a
1613 642 1753 691 Petri
1786 655 2076 690 successore.
2152 640 2289 689 Nam
2312 639 2598 704 Presbyteri
2621 680 2632 691 .
2655 680 2669 692 .
2696 680 2709 692 .
2729 642 2916 694 divina

832 727 1153 777 ordinatione
1185 725 1374 775 debent
1406 739 1512 774 esse
1545 724 1602 772 in
1636 722 1874 781 Ecclesia,
1907 727 1960 772 et
1988 728 2162 771 tamen
2188 722 2600 785 jurisdictionem
2621 738 2723 774 non
2742 739 2776 774 a
2799 724 2915 775 Deo

835 808 1146 865 immediate,
1172 806 1279 871 [sed
1301 807 1365 856 ab
1387 802 1673 868 Episcopis]
1699 804 1969 867 accipiunt.
2037 803 2240 866 [ltaque
2274 803 2375 853 duo
2408 804 2508 854 ista
2541 820 2643 855 non
2675 810 2920 869 pugnant

835 891 969 940 inter
992 888 1257 939 se.—Bell.
1275 886 1421 951 Apol.
1447 901 1538 949 pro
1562 882 1732 948 Resp.]
1754 899 1802 948 p.
1824 886 1932 932 120.
1957 882 2091 948 [Op.,
2114 888 2234 932 tom.
2251 884 2337 933 vii.
2361 885 2456 934 col.
2481 887 2591 938 772.
2616 886 2707 949 A.]

794 991 988 1059 Quod
1017 988 1317 1071 Episcopi
1347 986 1701 1048 immediate
1730 1006 1769 1046 a
1799 984 1933 1047 Deo
1962 985 2110 1061 sint,
2140 1005 2276 1047 non
2314 993 2513 1068 negat
2543 986 2652 1050 hic
2681 987 2914 1051 Cardi-

704 1097 904 1160 nalis:
951 1093 1124 1177 quod
1146 1114 1186 1154 a
1208 1091 1342 1153 Deo
1370 1089 1726 1151 immediate
1737 1087 2245 1202 jurisdictionem
2274 1088 2562 1167 habeant,
2586 1090 2652 1153 id
2669 1098 2913 1173 negat3

706 1207 772 1265 et
802 1219 1021 1262 annon
1040 1199 1330 1276 puynant
1359 1194 1488 1254 liaec
1516 1193 1683 1253 inter
1705 1211 1805 1252 se.
1799 1192 1827 1239 2
1904 1191 2054 1255 Qua
2081 1188 2275 1266 enim,
2307 1197 2373 1253 et
2404 1192 2576 1254 unde
2608 1192 2914 1276 Episcopi

707 1309 879 1379 sunt,
893 1298 1404 1381 jurisdictionem
1448 1293 1729 1357 habent:
1775 1312 1916 1368 nec,
1946 1291 2049 1354 vel
2078 1311 2149 1354 re
2179 1291 2308 1355 duo
2338 1291 2494 1370 haec,
2525 1294 2628 1356 vel
2660 1294 2918 1358 ratione

708 1401 1102 1464 dividuntur.
1192 1398 1302 1460 An
1347 1395 1521 1459 enim
1554 1394 1834 1477 Spiritus
1879 1395 2154 1471 Sanctus
2182 1393 2529 1474 Epi-scopos
2558 1396 2764 1475 ponit,
2798 1395 2919 1458 dat

707 1511 783 1567 ut
814 1499 1113 1584 Episcopi
1153 1498 1304 1575 sint,
1338 1497 1452 1559 sed
1494 1496 1633 1559 sine
1658 1495 2125 1576 jurisdictione,
2158 1492 2363 1558 donec
2394 1496 2790 1578 gratificetur
2820 1497 2922 1561 eis

707 1606 822 1669 illa
860 1606 1194 1668 Romanus
1226 1600 1626 1685 Episcopus?
1711 1600 1838 1662 Par
1882 1606 1982 1662 est
2027 1607 2245 1661 autem
2290 1611 2357 1663 et
2403 1599 2482 1663 de
2519 1599 2924 1683 presbyteris

710 1708 910 1773 ratio:
959 1708 1039 1771 ad
1089 1727 1401 1769 manuum
1447 1702 1948 1787 impositionem,
1996 1701 2299 1786 quicquid
2347 1704 2449 1767 vel
2497 1703 2764 1783 habent,
2811 1705 2922 1768 vel

712 1815 885 1884 sunt,
932 1830 971 1869 a
1016 1809 1157 1872 Deo
1207 1806 1433 1869 itidem
1481 1810 1981 1886 consequuntur.
2073 1803 2285 1866 Locus
2335 1805 2701 1887 assignatur
2743 1806 2925 1869 forte

712 1919 926 1974 certus
967 1908 1218 1992 aliquis,
1248 1907 1383 1985 ubi,
1415 1914 1481 1970 et
1516 1907 1809 1989 populuS,
1840 1905 1911 1968 in
1942 1926 2134 1989 quem
2165 1904 2521 1970 exerceant.
2613 1909 2920 1973 Potestas

710 2012 849 2095 ipsa
878 2034 917 2075 a
947 2014 1089 2076 Deo
1118 2017 1237 2075 est.

776 2145 919 2205 Quod
944 2184 957 2195 .
992 2183 1004 2196 .
1042 2182 1053 2195 .
1090 2145 1198 2195 Rex
1223 2145 1492 2194 Puritanos
1523 2159 1642 2194 cum
1663 2144 1696 2195 J
1699 2146 1877 2195 esuitis
1896 2150 2168 2209 comparet,
2193 2147 2403 2197 omnino
2423 2147 2659 2197 mirabile
2678 2152 2771 2207 est,
2795 2163 2921 2197 cum

843 2227 1074 2277 Puritani
1096 2224 1402 2285 anarehiam,
1424 2224 1457 2275 J
1460 2226 1639 2276 esuitae
1663 2225 2014 2276 Monarchiam
2036 2226 2483 2292 [Ecclesiastieam]
2511 2265 2523 2277 .
2547 2265 2560 2278 .
2586 2264 2598 2277 .
2622 2227 2921 2279 defendant.

838 2308 1055 2373 —[Bell.
1079 2306 1228 2371 Apol.
1251 2321 1342 2372 pro
1366 2305 1537 2370 Resp]
1570 2321 1620 2370 p.
1641 2306 1751 2356 120.
1776 2305 1908 2371 [Op.,
1932 2310 2056 2357 tom.
2080 2307 2166 2355 vii.
2190 2307 2282 2357 col.
2307 2308 2337 2359 7
2341 2308 2371 2359 7
2375 2312 2420 2358 2.
2442 2307 2524 2372 B.]

798 2406 980 2471 Dixit
1038 2427 1206 2484 vero,
1267 2405 1547 2468 Jesuitas
1615 2405 1782 2468 nihil
1854 2405 2033 2469 aliud
2093 2428 2250 2486 esse,
2315 2428 2509 2490 quam
2567 2408 2921 2469 Puritano-

712 2508 1083 2588 Papistas¹:
1131 2505 1293 2568 dixit
1337 2504 1702 2587 aptissime3
1758 2505 1931 2588 quod
1980 2513 2202 2570 tamen
2254 2507 2534 2590 intelligi
2576 2507 2787 2571 noluit
2834 2509 2921 2574 de

714 2608 1097 2693 quibusdam
1139 2628 1219 2671 ex
1261 2608 1574 2670 Societate
1612 2607 1725 2670 illa
1759 2608 2010 2688 (contra
2047 2616 2286 2673 tamen.
2313 2617 2601 2672 mentem
2642 2610 2913 2694 Lo‘iolae)

713 2713 1185 2778 incardinatisr.
1280 2713 1407 2775 Pro
1436 2710 1679 2774 viribus
1707 2710 1802 2773 illi
1834 2711 2117 2794 quidem,
2150 2712 2346 2776 etiam
2376 2713 2552 2775 ultra
2581 2713 2765 2790 vires,
2796 2736 2921 2796 pro

711 2818 1093 2881 Monarchia
1121 2814 1481 2895 Pontificio.
1572 2816 1666 2877 At
1698 2835 1829 2877 non
1868 2835 2090 2877 omnes
2136 2815 2263 2893 alii,
2298 2815 2531 2898 quibus
2576 2816 2920 2882 decollavit

712 2942 856 3003 spes
883 2939 1184 3001 pmpurae
1204 2946 1223 2979 .-
1274 2939 1434 3000 quos
1463 2938 1599 2980 non
1633 2937 1827 2980 nemo
1872 2925 2236 2980 mussantes
2263 2919 2533 2996 audivit,
2565 2920 2816 2997 melius,
2849 2928 2921 2984 et

710 3022 916 3104 magis
963 3020 1042 3083 ad
1072 3019 1531 3102 Apostolorum
1576 3026 1644 3082 et
1687 3026 1993 3097 mentem,
2026 3027 2093 3081 et
2136 3021 2523 3103 exemplum,
2554 3042 2669 3104 per
2701 3021 2920 3086 Socie-

709 3129 913 3185 tatem
966 3121 1398 3187 administrari
1459 3141 1641 3203 posse
1699 3120 2078 3199 Ecclesiam,
2131 3121 2386 3202 (saltem
2438 3144 2553 3205 per
2595 3123 2921 3187 duodecim

710 3223 899 3305 viros)
929 3244 1122 3306 quam
1151 3244 1266 3305 per
1287 3243 1473 3283 unum
1504 3221 1876 3305 quemlibet.
1972 3223 2119 3300 Sed,
2144 3225 2292 3304 quia
2325 3225 2546 3288 desunt
2575 3227 2666 3288 eis
2694 3228 2897 3291 vire-8¹
2898 3275 2920 3304 ,

712 3333 1007 3389 mussant
1034 3326 1173 3390 haec
1204 3324 1431 3388 modo:
1480 3346 1629 3389 cum
1652 3327 1819 3388 vires
1848 3327 2134 3404 aderunt,
2167 3328 2450 3410 apertius
2478 3349 2615 3392 rem
2645 3332 2919 3413 gesturi.

779 3462 957 3526 Neque
1005 3462 1177 3511 minus
1218 3460 1518 3511 admirabile
1557 3465 1650 3522 est,
1684 3461 1818 3525 qnod
1852 3461 1962 3512 Rex
2010 3462 2105 3512 hoe
2149 3463 2257 3512 loeo
2304 3463 2536 3523 fateatur,
2582 3480 2613 3515 a
2657 3465 2923 3517 Puritanis

843 3542 1153 3593 Anarchiam
1175 3545 1228 3592 et
1250 3541 1560 3604 parilitatem
1578 3541 1696 3607 [leg.
1712 3541 2002 3606 paritatem]
2015 3543 2269 3605 quandam
2293 3544 2564 3605 introduci,
2577 3550 2630 3595 et
2644 3550 2819 3596 tamen
2837 3583 2850 3596 .
2868 3584 2884 3597 .
2905 3584 2920 3597 .

843 3625 997 3688 (post)
1022 3624 1291 3674 Puritanos
1321 3637 1424 3672 non
1450 3623 1717 3673 abhorrere
1744 3639 1774 3673 a
1802 3622 1835 3673 J
1837 3628 2100 3673 uramento
2122 3624 2418 3675 fidelitatis·
2442 3626 2564 3689 [leg.
2588 3627 2923 3690 primatus.—

842 3706 969 3756 Bell.
995 3705 1144 3770 Apol.
1168 3720 1260 3769 pro
1285 3703 1453 3768 Resp.]
1478 3718 1526 3767 p.
1547 3706 1655 3754 120.
1680 3703 1815 3769 [Op.,
1838 3709 1960 3753 tom.
1977 3705 2066 3753 vii.
2089 3705 2184 3755 col.
2202 3705 2316 3757 772.
2343 3705 2425 3770 3.]

800 3807 902 3870 De
936 3807 1272 3886 parilitate
1317 3814 1555 3884 autem,
1616 3805 1831 3888 (quam
1882 3806 2067 3870 valde
2113 3807 2354 3872 vellent
2402 3809 2727 3890 Puritam')
2785 3808 2921 3873 dis·

713 3906 970 3990 tinguat
994 3906 1371 3984 CardinaIiS,
1391 3907 1573 3985 velle,
1595 3908 1760 3970 inter
1781 3908 2102 3971 ministros
2123 3909 2334 3987 mod0‚
2360 3931 2475 3974 seu
2492 3910 2919 3992 presbyteros,

718 4011 992 4092 (nempe,
1024 4015 1099 4072 ut
1129 4010 1429 4090 Episcopi
1458 4029 1542 4072 ne
1571 4009 1721 4087 sint,
1756 4001 1988 4092 quibus
2021 4013 2294 4092 impares
2332 4033 2400 4077 se
2438 4014 2628 4076 inviti
2666 4014 2911 4098 ferunt)

712 4111 793 4174 ad
822 4112 1087 4194 Reyiam
1121 4119 1340 4175 autem
1367 4118 1743 4193 potestatem
1785 4135 1871 4176 ne
1907 4115 2252 4194 extendat3
2300 4123 2388 4194 et,
2424 4117 2646 4181 statim
2689 4119 2922 4181 mirari

712 4212 982 4277 desinet.
1074 4214 1449 4295 Distinguat
1494 4215 1741 4292 itidem,
1772 4215 1946 4279 inter
1990 4237 2093 4280 res
2127 4218 2311 4300 fidei,
2352 4218 2423 4281 in
2474 4219 2708 4302 quibus
2750 4242 2837 4284 ne
2869 4221 2921 4284 ii

775 4381 1063 4445 ¹.[Praefat
1090 4381 1271 4432 Monit.
1297 4398 1345 4445 p.
1366 4383 1466 4446 60.]
1862 4385 1974 4480 Op..,
1996 4390 2117 4434 tom.
2137 4386 2168 4434 i.
2195 4401 2243 4448 p.
2262 4389 2373 4436 235.
2393 4386 2450 4436 G.

855 4444 988 4494 Vide
1010 4461 1069 4494 sn
1200 4460 1248 4509 p.
1284 4450 1329 4495 6.
1355 4452 1460 4497 not.
1483 4446 1544 4511 ἱ]
1928 4449 2137 4514 ·[Vide
2170 4450 2399 4500 Mendae.
2466 4452 2565 4501 orti
2601 4451 2821 4515 Confut„
2854 4455 2921 4505 ad

776 4445 976 4567 ·{Beu.
1001 4460 1248 4558 deffirg’m.
1254 4511 1398 4559 Pont.
1422 4510 1512 4560 lib.
1523 4446 1579 4561 ]v.
1605 4526 1710 4576 cap.
1727 4512 1772 4563 7.
1861 4513 1979 4563 calc.
2004 4513 2147 4563 Praef.
2173 4514 2354 4564 Monit.
2390 4530 2438 4579 p.
2465 4516 2603 4579 180]
