3165 4959
669 322 803 383 240
1302 333 1387 381 Au
1432 332 1814 381 clamNAms
1859 333 2255 380 mmmmm

669 489 914 568 fuisset,
968 475 1293 572 spectrum
1341 495 1479 551 tam
1528 486 1786 571 insigne
1829 508 2165 570 nunquam
2194 485 2658 570 praeteriturus.
2753 486 2888 550 Sed

670 591 1024 656 Eusebium
1070 591 1282 670 latuit,
1336 589 1528 653 latuit
1578 596 1646 653 et
1697 590 1987 653 Nicenos
2045 596 2281 671 patres,
2331 589 2441 672 qui
2489 611 2569 653 ex
2613 610 2690 652 ea
2732 589 2887 652 fidei

670 695 967 773 formula,
1019 694 1076 757 si
1128 693 1291 758 coelo
1343 693 1698 772 cecidisset,
1752 715 1824 757 os
1868 693 2027 756 Ario
2077 699 2392 756 aeternum
2443 693 2881 757 occlusissent.

671 799 815 861 Nec
847 805 946 861 est
976 797 1395 878 apparitionis
1423 796 1557 858 ulla
1595 796 1766 878 apud
1795 803 2044 859 veteres
2083 795 2347 875 mentio,
2389 804 2543 859 ante
2574 795 2885 859 Germani

671 900 996 977 saeculum,
1029 907 1173 983 post
1203 919 1447 963 annum
1493 898 2189 982 septingentesimum‘.
2282 899 2425 982 Ego
2453 919 2591 961 rem
2620 898 2887 962 remitto

670 1003 754 1067 ad
799 1003 1089 1088 Criticos,
1121 1002 1362 1067 Vitane
1391 1002 1503 1066 illa
1530 1002 1817 1092 Nysseui
1876 1002 2311 1065 characterem
2359 1001 2615 1066 habeat.
2722 1003 2884 1066 Esto

671 1113 914 1184 tamen,
959 1105 1230 1170 habeat:
1277 1104 1599 1188 Apparuit
1643 1111 1711 1167 et
1755 1105 1952 1168 Saulo
1981 1104 2288 1181 Ananias,
2340 1104 2571 1166 Saulus
2611 1105 2770 1168 vidit
2816 1106 2886 1167 in

670 1211 905 1273 visione
933 1211 1343 1273 introeuntem
1366 1209 1455 1272 ad
1478 1229 1545 1272 se
1567 1209 1906 1286 Ananiam,
1932 1213 1994 1270 et
2016 1209 2424 1289 imponentem
2450 1208 2574 1270 sibi
2600 1218 2882 1288 manu-9¹¹,

671 1334 820 1377 cum
868 1313 991 1378 hoc
1035 1320 1258 1377 tamen
1306 1312 1597 1377 Ananias
1632 1312 1771 1394 ipse
1823 1311 2119 1389 nesciret,
2164 1332 2287 1375 nec
2335 1311 2566 1394 pedem
2608 1333 2884 1396 usquam

673 1417 1005 1480 extulisset
1036 1416 1247 1480 domo.
1338 1416 1524 1494 Tum,
1573 1414 1656 1477 ad
1684 1436 1823 1478 rem
1854 1414 2084 1478 seriam
2115 1413 2432 1497 apparuit,
2466 1421 2532 1478 et
2566 1416 2886 1480 momenti

672 1520 910 1603 magni,
942 1519 1103 1600 fidei
1122 1518 1471 1600 formulam
1502 1516 1907 1580 dictandam:
1954 1518 2042 1580 Et
2073 1517 2266 1580 unica
2286 1516 2440 1595 vice,
2472 1516 2615 1581 hoc.
2705 1518 2886 1584 Quid

672 1621 814 1699 hoc,
840 1621 922 1685 ad
944 1621 1232 1684 infinitas
1256 1621 1397 1696 illas
1417 1619 1589 1703 apud
1606 1619 2053 1698 vincentium,
2074 1619 2882 1702 Cantipratensem‚Caesa-

671 1725 862 1800 rium,
890 1725 930 1787 J
934 1745 991 1788 o.
1029 1724 1261 1787 Herolt
1279 1733 1326 1800 ¹,
1360 1724 1516 1788 alios
1544 1722 1763 1787 nescio
1795 1729 1972 1805 quot,
2004 1723 2472 1803 apparitiones?
2527 1723 2615 1785 Et
2644 1745 2887 1806 magna

672 1847 776 1889 res
823 1825 928 1889 hic
945 1851 965 1904 3
1013 1832 1081 1888 et
1127 1825 1351 1907 diqnus
1401 1826 1646 1888 vindice
1692 1827 1889 1888 nodus
1910 1835 1936 1876 5
1962 1852 1982 1888 .·
2033 1824 2183 1903 Sed,
2230 1846 2467 1908 ergone
2515 1824 2596 1888 ad
2642 1826 2886 1908 caligas

675 1929 937 1991 Thomae
966 1927 1386 2007 consuendas,
1412 1927 1495 1991 ad
1517 1928 1833 1991 Beatricis
1864 1928 2069 1992 claves
2100 1927 2458 2007 servandas,
2484 1927 2566 1992 ad
2596 1928 2887 1993 scabiosa

673 2051 1016 2113 puerorum
1092 2030 1319 2112 capita,
1382 2038 1449 2093 et
1507 2030 1592 2094 ad
1647 2031 1901 2094 luxatas
1959 2031 2320 2114 puellarum
2379 2030 2571 2095 tibias
2642 2053 2882 2115 perun-

673 2133 915 2214 gendas
937 2134 967 2195 Ρ
1987 2207 1992 2214 ,

737 2267 907 2318 Refert
935 2266 1152 2332 [quoque
1169 2267 1242 2332 S.]
1283 2254 1852 2339 Grego‘rius'l'nronicus
1879 2304 1893 2321 .
1914 2305 1928 2318 .
1954 2304 1967 2318 .
2003 2268 2062 2318 B.
2088 2268 2358 2332 Virginem
2381 2270 2668 2333 apparuisse
2702 2271 2883 2321 Archi-

799 2353 950 2409 tecto,
969 2365 1027 2400 se
1048 2349 1273 2399 docuisse
1294 2351 1543 2400 rationem
1576 2350 1927 2400 columnarum
1957 2349 2310 2414 erigendarum
2327 2358 2415 2399 ⁸.—
2432 2351 2588 2415 [Bell.
2614 2353 2763 2416 Apol.
2787 2368 2882 2417 pro

802 2430 972 2498 Resp]
995 2446 1042 2496 p.
1063 2433 1139 2483 95.
1164 2430 1300 2497 [Op.,
1322 2435 1446 2482 tom.
1465 2431 1553 2481 vii.
1577 2432 1670 2482 eol.
1690 2432 1719 2484 7
1727 2435 1803 2483 58.
1829 2431 1914 2498 A.]

373 2554 643 2618 etsnreg.
756 2532 1114 2597 Turonicus
1147 2539 1381 2612 autem,
1415 2540 1481 2595 et
1519 2539 1700 2596 extra
1743 2532 1914 2596 oleas
1958 2541 2056 2597 est
2074 2543 2099 2571 ⁸
2138 2534 2638 2617 quingentorum
2679 2557 2879 2599 anno-

346 2624 647 2748 timvgiiisf?
671 2659 837 2716 rum,
869 2644 935 2701 et
978 2659 1055 2702 eo
1099 2638 1361 2702 nomine
1398 2636 1665 2700 'notatus
1696 2659 1734 2700 a
1762 2636 2006 2715 vestris,
2040 2638 2213 2720 quod
2241 2637 2572 2702 fabulosus
2617 2648 2879 2719 auctor;

674 2741 785 2823 qui
836 2761 976 2805 sero
1027 2740 1219 2803 nimis
1263 2739 1464 2817 adest,
1510 2747 1586 2802 ut
1628 2738 1887 2816 referat,
1934 2738 2089 2821 quid
2153 2739 2585 2803 Constantino
2630 2742 2882 2825 Magno

673 2845 957 2908 evenerit
1015 2845 1082 2908 in
1137 2844 1388 2927 Templi
1440 2849 1785 2921 structura,
1835 2841 1914 2906 ab
1969 2841 2254 2906 Eusebio
2312 2843 2645 2926 (quitum
2693 2846 2878 2929 vixit)

434 2950 561 3014 178
674 2948 1045 3031 caeterisque
1096 2946 1618 3029 praetermissum.
1701 2942 1859 3031 Sed,
1906 2965 2021 3007 cur
2066 2951 2287 3007 tamen
2331 2945 2650 3010 rationem
2701 2948 2884 3011 illam

673 3071 808 3113 non
838 3049 1085 3112 addidit
1116 3047 1493 3126 Cardinalis,
1523 3049 1841 3111 immanes
1863 3048 2004 3111 illas
2035 3050 2352 3113 columnas
2374 3052 2653 3133 eriqendi
2672 3053 2706 3115 ?
2769 3053 2884 3117 An

674 3152 824 3235 quia
851 3150 1131 3234 puduit?
1222 3152 1384 3233 Eg0,
1414 3150 1588 3213 illius
1617 3151 1848 3228 vicem,
1882 3150 2199 3234 adjiciam.
2291 3153 2485 3215 Ratio
2523 3153 2662 3217 haec
2702 3163 2842 3219 erat
2860 3182 2880 3234 ς

672 3262 766 3334 ut,
811 3253 982 3337 quod
1025 3253 1363 3323 hominum
1403 3253 1588 3333 vires,
1636 3260 1702 3317 et
1746 3253 2046 3316 machina
2087 3255 2270 3318 nulla
2312 3262 2587 3339 poterat,
2632 3258 2702 3323 id
2748 3267 2883 3325 tres

672 3380 708 3422 e
768 3358 984 3422 schola
1042 3356 1231 3420 acciti
1297 3356 1481 3440 pueri
1541 3378 1796 3420 summa
1860 3357 2200 3421 velocitate
2258 3359 2561 3423 effectum
2627 3361 2879 3427 darent.

669 3464 945 3545 Diynum
961 3463 1207 3545 patella
1238 3463 1595 3545 operculum
1612 3460 1660 3527 ι’.

734 3599 943 3650 Sanctus
959 3600 1086 3650 alios
1100 3636 1111 3648 .
1132 3636 1143 3649 .
1161 3636 1173 3648 .
1188 3600 1476 3663 apparuisse
1490 3598 1785 3649 hominibus
1799 3600 2050 3647 testantur
2061 3599 2250 3662 passim
2269 3637 2281 3649 .
2299 3636 2311 3649 .
2329 3598 2505 3651 Patres
2521 3638 2533 3651 .
2553 3638 2565 3651 .
2582 3601 2881 3663 ansanus,

799 3715 812 3729 .
838 3715 851 3729 .
874 3715 887 3729 .
915 3679 995 3743 [S.
1014 3678 1183 3744 Greg]
1208 3679 1257 3729 N
1260 3681 1450 3730 azianz.
1471 3715 1484 3729 .
1509 3716 1522 3729 .
1547 3716 1559 3728 .
1587 3678 1851 3742 sulpitius,
1875 3714 1887 3726 .
1914 3713 1927 3727 .
1950 3714 1964 3727 .
1984 3678 2341 3742 Theodoretus,
2365 3717 2379 3730 .
2402 3718 2415 3731 .
2440 3718 2452 3730 .
2478 3681 2884 3745 Augustinus.—

802 3758 959 3824 [Bell.
978 3760 1129 3824 Apol.
1153 3774 1246 3824 pro
1269 3759 1441 3824 Resp.]
1465 3776 1514 3824 p.
1539 3762 1619 3810 95.
1654 3760 1789 3825 [Op.,
1810 3762 1932 3808 tom.
1950 3759 2041 3807 vii.
2064 3759 2156 3809 col.
2182 3759 2211 3812 7
2215 3763 2293 3811 58.
2318 3762 2381 3810 A.
2402 3760 2482 3826 B.]

347 3876 562 3942 [Utrum
759 3859 1057 3923 Instituit
1087 3860 1167 3923 de
1197 3860 1486 3943 Virgine.
1578 3860 1747 3922 Cum
1789 3857 2083 3922 deessent
2125 3867 2339 3925 autem
2380 3862 2461 3926 de
2492 3884 2587 3944 ea,
2621 3865 2880 3948 supplet

342 3942 635 4057 ῗιξξῃῗξξὲἑ
671 3982 749 4024 ex
797 3962 937 4024 aliis
988 3962 1260 4041 Sanctis,
1294 3983 1373 4026 ex
1417 3961 1641 4024 Basilii
1681 3961 2038 4040 Mamante,
2071 3963 2182 4045 qui
2212 3971 2451 4045 tamen,
2487 3987 2620 4029 non
2653 3967 2776 4029 nisi
2805 3968 2882 4031 in

345 4085 582 4132 apparue-

341 4134 492 4198 rim2]
737 4159 755 4189 ι
788 4156 944 4221 [vide
980 4156 1029 4207 S.
1063 4156 1303 4207 Germani
1342 4155 1575 4219 Archiep.
1614 4155 1740 4207 cp,
1894 4162 1916 4194 r
1977 4154 2152 4206 Horat.
2179 4157 2221 4206 E
2259 4158 2606 4209 ist.sdPison.
2632 4159 2879 4224 lin.191.]

673 4221 1014 4282 fragmentum
1038 4221 1131 4270 sub
1148 4222 1233 4270 fin.
1255 4220 1736 4277 Rer.Eccl.'l'heor.,
1891 4226 1910 4249 ⁸
1976 4219 2026 4268 S.
2053 4221 2199 4283 Greg.
2278 4238 2417 4273 uron.
2453 4224 2518 4273 de
2551 4225 2687 4273 Glor.
2725 4224 2879 4274 Mart.

672 4299 753 4347 ap.
780 4285 914 4335 Bibl.
942 4285 1076 4335 Patr.
1099 4285 1238 4335 Max.
1263 4289 1384 4335 tom.
1407 4285 1520 4334 xiii.
1554 4299 1606 4348 p.
1629 4283 1735 4348 62]
1824 4283 1911 4332 lib.
1932 4284 1962 4331 i.
1992 4299 2051 4333 ca
2089 4323 2099 4334 .
2127 4290 2170 4336 9.
2196 4286 2310 4350 Op„
2331 4288 2444 4337 coll.
2460 4289 2489 4341 7
2495 4291 2574 4338 30.
2599 4288 2660 4337 D.
2686 4288 2745 4338 Β.
2762 4290 2879 4341 781.

739 4358 764 4379 “
800 4350 914 4399 Act.
964 4348 1168 4413 Apost.]
1194 4350 1263 4398 ix.
1292 4351 1368 4398 12.
1821 4349 1886 4397 A.
1913 4348 2029 4398 Lut.
2087 4364 2157 4398 ar.
2176 4350 2341 4415 1699]

744 4419 768 4443 ⁸
805 4413 872 4475 [J.
955 4414 1097 4462 erolt.
1127 4414 1273 4462 From
1317 4414 1541 4463 tuarium
1579 4412 1737 4463 Disci-
1885 4420 1906 4443 ⁸
1939 4411 2152 4481 [Erasm.
2173 4415 2336 4477 Adsg.
2354 4430 2405 4479 p.
2420 4419 2516 4478 35„
2533 4431 2596 4467 ex
2611 4417 2878 4481 Aristoph.

672 4476 781 4536 puli
805 4476 868 4524 de
888 4477 1150 4525 Mil-aculis
1172 4477 1227 4526 B.
1248 4477 1279 4525 h
1304 4513 1316 4526 .
1337 4479 1477 4539 virg.
1501 4478 1733 4540 Magum..
1821 4475 1945 4529 Ran.
1973 4479 2108 4540 993]

678 4537 840 4598 1612.]
1885 4542 1906 4574 ¹⁸
1946 4544 2159 4608 [Erum.
2184 4543 2344 4607 Δάας.
2368 4559 2416 4609 p.
2437 4545 2570 4609 645]
