3165 4959
481 1255 610 1320 273

722 331 852 394 378
981 344 1067 391 An
1111 342 1493 392 cARmNAms
1533 343 1936 391 Bmfflmm
1979 342 2343 392 stomoma
2387 345 2750 393 aimonem.

720 501 881 564 Eliae
913 501 995 564 ad
1024 498 1408 583 exemplum,
1441 500 1884 565 conscendunt
1929 500 2110 582 quasi
2147 501 2414 564 Currum
2449 502 2934 583 Triumphalem,

722 615 916 687 atque
945 605 1016 668 in
1045 604 1318 668 sublime
1347 603 1586 668 ooelum
1613 604 1936 667 feruntur.
2027 602 2162 667 Ubi
2194 604 2378 686 quasi
2406 604 2476 668 in
2507 604 2744 669 throno
2773 625 2937 669 eon-

722 708 1005 771 sidentes
1063 706 1537 772 Antichristum
1597 706 1737 790 jam
1807 705 2022 788 ipsum
2082 725 2345 768 eausam
2397 706 2632 791 jubent
2693 707 2935 772 dieere.

724 811 968 874 Vident
988 810 1111 875 hoc
1127 809 1371 875 inimici
1391 810 1655 874 illorum
1666 835 1686 887 ;
1711 829 1948 891 magna
1965 828 2043 871 ex
2055 816 2241 890 parte
2260 810 2657 892 completum
2674 808 2934 873 vident:

722 913 940 977 vident
969 934 1240 996 regnare
1281 920 1348 977 et
1389 912 1792 996 triumphare
1820 917 2021 975 testes
2050 911 2169 974 hos
2200 909 2280 975 de
2311 911 2474 976 coelo
2513 912 2676 995 jam,
2706 912 2937 977 vident

727 1015 1038 1099 (inquam)
1098 1015 1307 1093 inviti,
1359 1014 1559 1079 etiam
1613 1013 1725 1097 qui
1765 1014 2004 1077 nolunt
2056 1013 2293 1078 videre.
2382 1017 2603 1097 Atque
2644 1014 2754 1078 hic
2791 1016 2936 1100 jam

724 1119 1084 1184 Cardinalis
1114 1119 1294 1183 nisus
1321 1119 1616 1199 ultimae,
1646 1118 1827 1182 nisus
1855 1118 2099 1181 irritus.

789 1254 968 1319 Neque
1005 1254 1131 1305 utile
1168 1255 1317 1305 nobis
1349 1259 1441 1314 est,
1476 1255 1540 1304 ob
1573 1269 1687 1305 eam
1726 1254 2068 1318 conjecturam
2101 1268 2133 1304 a
2161 1254 2422 1303 communi
2442 1253 2699 1304 sententia
2720 1252 2938 1304 Patrmn

851 1341 1136 1387 nostrorum
1160 1336 1494 1401 Ecclesioeque
1515 1336 1759 1387 recedere.
1836 1336 2035 1386 Omitto
2068 1350 2181 1399 quae
2199 1334 2439 1384 dicuntur
2470 1334 2534 1385 de
2555 1335 2657 1385 alia
2683 1336 2944 1398 signifiea-

850 1420 988 1468 tione
1008 1418 1224 1467 duorum
1246 1416 1629 1482 Prophetarum,
1652 1416 1892 1480 quoniam
1914 1430 2026 1467 eam
2059 1416 2117 1464 in
2146 1415 2293 1466 libris
2317 1415 2786 1466 controversiarum
2824 1452 2840 1465 .
2871 1454 2885 1466 .
2919 1452 2935 1467 .

849 1499 1118 1549 refutatam
1150 1497 1682 1563 reliquimus—[Bell.
1705 1497 1854 1562 Apol.
1879 1512 1972 1562 pro
1993 1494 2165 1561 Respsl
2186 1512 2236 1561 p.
2256 1498 2369 1549 151.
2421 1496 2557 1561 [Op.,
2577 1501 2703 1547 tom.
2725 1498 2819 1548 vii.
2842 1498 2937 1553 eol.

850 1579 963 1630 789.
989 1578 1044 1629 c.
1066 1579 1152 1644 n]
2373 1588 2378 1593 r

817 1681 982 1743 Utile
1024 1686 1246 1743 tamen
1289 1679 1410 1743 sibi
1451 1680 1701 1761 suisque
1739 1677 1916 1756 dicit,
1970 1699 2094 1741 non
2142 1677 2430 1741 recedere
2482 1677 2561 1741 ab
2618 1679 2742 1741 Ιιασ
2791 1697 2937 1741 εω-

723 1785 938 1861 ἰεηίία,
989 1783 1258 1851 Petrum
1302 1783 1543 1845 scilicet
1590 1782 1895 1845 communi
1947 1786 2008 1843 et
2055 1781 2381 1844 Eccleaiae.
2472 1780 2745 1842 Patr-um
2796 1802 2935 1845 non

723 1886 969 1963 damna,
990 1885 1091 1948 vel
1113 1884 1412 1948 Ecclesiae
1438 1886 1668 1948 veteris
1696 1904 2071 1947 communem
2094 1909 2116 1957 ,·
2148 1882 2262 1947 sed
2290 1884 2444 1945 utile
2471 1889 2698 1946 tamen
2717 1884 2933 1967 Papae,

719 1988 872 2049 utile
945 1984 1292 2064 cardinali,
1352 2006 1437 2049 ne
1495 1985 1577 2049 ab
1639 2005 1716 2050 ea
1793 1986 2109 2062 recedant,
2189 1984 2462 2067 Regiam
2552 1984 2933 2049 admittant.

718 2089 965 2151 Verum
1017 2088 1335 2150 honestum
1394 2088 1588 2152 modo
1649 2089 1753 2167 sit,
1809 2088 1890 2151 de
1947 2088 2094 2150 utili
2152 2087 2281 2170 ipsi
2323 2086 2623 2164 viderint,
2672 2087 2755 2151 de
2804 2110 2935 2171 quo

720 2188 1000 2274 quidem,
1034 2209 1227 2271 quam
1271 2189 1352 2253 de
1396 2191 1670 2270 honesto,
1703 2210 1871 2273 saepe
1913 2190 2120 2272 magis
2162 2188 2417 2253 solliciti
2462 2195 2635 2253 sunt.
2727 2191 2821 2253 At
2852 2191 2937 2255 de

721 2293 1113 2377 expositione
1162 2293 1357 2377 Regis
1408 2294 1630 2372 altera,
1678 2313 1800 2356 nee
1846 2293 2061 2356 minus
2107 2299 2383 2375 recepta,
2430 2292 2629 2357 refert
2679 2313 2801 2356 nos
2850 2293 2936 2357 ad

721 2397 947 2459 librum
976 2406 1242 2460 sunm⁸2
1296 2394 1387 2479 (id
1433 2396 1555 2479 est)
1608 2394 1966 2460 cardinalis
2011 2393 2093 2458 ad
2134 2394 2565 2473 Cardinalem,
2594 2393 2710 2457 ubi
2758 2395 2938 2478 quod

720 2499 1060 2584 refiatatum
1101 2502 1426 2584 reliquisse
1466 2521 1534 2564 se
1568 2500 1745 2580 dicit,
1787 2519 1903 2584 pro
1932 2501 2150 2562 relicto
2181 2498 2512 2577 habemuS,
2542 2520 2677 2562 non
2708 2507 2935 2564 antem

721 2626 837 2690 pro
866 2604 1161 2687 refutato.

854 2791 875 2813 ·
907 2781 1063 2847 [Vide
1086 2781 1212 2833 Bou.
1237 2781 1300 2832 de
1323 2781 1466 2832 Rom.
1490 2779 1638 2830 Pont.
1662 2779 1751 2829 lib.
1776 2779 1850 2829 iii.
1874 2793 1982 2842 etp.
2004 2781 2055 2830 6.
2087 2776 2199 2842 Op„
2222 2782 2344 2829 tom.
2368 2778 2402 2828 i.
2424 2791 2509 2843 pp.
2526 2779 2639 2837 188,
2663 2777 2802 2842 182]
