3165 4959
676 302 808 363 386
1304 319 1390 366 An
1432 316 1817 366 cmnmuls
1859 313 2257 364 smmum

680 472 994 554 Gregorio
1013 473 1045 534 Ρ
1137 472 1263 536 Sed
1294 475 1516 551 nullus,
1555 473 1808 557 (inquit,
1817 473 1842 555 )
1873 455 2258 534 decessorum
2285 490 2556 532 meorum
2599 473 2719 534 hoc
2765 480 2902 537 tam

665 575 944 656 profano
992 577 1285 639 vocabulo
1335 578 1433 639 uti
1484 575 1846 639 comensitd.
1934 575 2397 637 Anticlea-istum
2445 574 2705 656 quidem
2759 600 2899 641 non

677 680 829 742 facit
861 679 1070 741 oblata
1099 679 1364 760 superba
1395 682 1523 744 haec
1563 679 1919 761 appellatio,
1956 674 2344 763 profanum
2332 678 2448 739 hoc
2484 679 2896 743 vocabulum.-

676 804 847 846 non·
903 782 1015 844 sed
1058 788 1363 864 royatum,
1395 783 1507 845 sed
1536 803 1765 865 mayna
1793 782 2106 862 multaque
2134 781 2520 843 contentione
2546 783 2896 862 quaeeitum.

676 885 1013 949 Vincimus
1044 906 1196 968 ergo
1238 885 1346 950 hic
1383 888 1544 967 (cum
1574 887 1732 948 bona
1768 885 2130 947 Cardinalic
2169 884 2397 965 venia)
2433 892 2519 962 et,
2552 885 2606 947 si
2642 885 2897 969 Grego-

677 988 845 1051 rium
898 988 1209 1067 audimus,
1254 989 1427 1052 idem
1478 989 1636 1052 illud
1684 989 1763 1052 de
1811 987 2143 1051 Bonifacio
2187 986 2377 1064 dicet,
2422 995 2615 1071 atque
2661 988 2895 1053 iisdem

680 1092 907 1171 verbis,
934 1092 1166 1176 quibus
1193 1094 1351 1171 Rex,
1372 1093 1450 1155 In
1472 1095 1592 1155 hac
1622 1093 1755 1174 ejus
1781 1091 2091 1173 superbia,
2144 1090 2279 1173 (qui
2307 1091 2573 1154 titulum
2609 1091 2899 1156 Univer-

682 1195 831 1259 salis
859 1197 1157 1280 Episcopi
1191 1195 1556 1277 ambiebat)
1598 1196 1751 1277 quid
1777 1195 1971 1271 aliud,
2003 1195 2127 1256 nisi
2153 1193 2513 1274 propinqua
2526 1194 2672 1275 jam
2699 1196 2896 1258 Anti·

683 1301 906 1363 christi
936 1320 1067 1363 esse
1086 1306 1380 1381 tempora,
1415 1294 1779 1382 desiqnatur
1796 1307 1818 1337 ‘²
1838 1299 1871 1360 ‚2
1934 1296 2061 1360 Vel
2092 1296 2146 1358 si
2163 1316 2383 1359 vocem
2414 1296 2618 1379 ipsam
2651 1301 2900 1382 expetit

684 1404 1104 1467 Proecursmis
1133 1405 1532 1480 Antichristi,
1566 1402 1785 1465 audiat
1826 1401 2046 1482 igitur,
2085 1399 2227 1481 Eyo
2261 1447 2277 1463 .
2313 1446 2329 1463 .
2366 1446 2381 1461 .
2399 1399 2679 1479 fidenter
2730 1403 2897 1479 dico,

682 1509 829 1588 quia
860 1508 1136 1588 quisquis
1163 1526 1229 1568 se
1268 1506 1686 1568 Universalem
1710 1503 2108 1566 Sacerdotem
2129 1507 2328 1579 vocat,
2377 1504 2518 1584 (uec
2555 1502 2624 1566 id
2663 1504 2898 1583 solum,

681 1630 902 1672 verum
935 1611 1065 1692 qui)
1100 1611 1198 1671 vel
1222 1610 1435 1671 vocari
1467 1607 1801 1684 desiderat,
1844 1604 2244 1684 (desideravit
2273 1612 2490 1667 autem
2521 1606 2898 1671 Bonifacius

682 1713 979 1793 Tertius,)
1005 1714 1073 1775 in
1102 1714 1368 1775 elatione
1394 1732 1510 1775 sua
1533 1711 1990 1774 Antio-hristum
2007 1709 2348 1789 praecurrit
2365 1707 2401 1771 s.
2448 1710 2572 1786 En,
2594 1710 2898 1793 Gregorii

676 1814 920 1897 judicio
972 1814 1340 1878 Bonifacius
1394 1815 1552 1897 jam,
1604 1832 1963 1895 praecursor
2021 1812 2420 1875 Antichristi.
2513 1813 2613 1876 Ut
2664 1834 2897 1896 parum

683 1915 950 1978 idoneus
1009 1917 1216 1979 Testis
1275 1916 1380 1979 hic
1442 1916 1811 1999 Gregorius,
1880 1934 2000 1978 nec
2058 1921 2418 1997 opportuna
2490 1916 2647 1978 satis
2719 1916 2898 1979 illius

683 2018 948 2081 menti0.

751 2170 1068 2221 Bonifscium
1109 2186 1140 2221 a
1185 2170 1351 2221 Phoco
1388 2173 1610 2236 petiisse,
1634 2209 1646 2221 .
1673 2209 1686 2223 .
1710 2208 1723 2220 .
1746 2175 1806 2221 ut
1844 2169 2109 2234 cyriacum
2132 2206 2146 2219 .
2173 2207 2184 2219 .
2210 2207 2223 2220 .
2248 2175 2513 2233 coerceret,
2549 2172 2643 2235 qui
2681 2172 2901 2222 titulum

815 2252 1115 2303 universalis
1137 2253 1375 2317 Episcopi
1396 2290 1409 2302 .
1436 2291 1449 2304 .
1473 2290 1486 2303 .
1505 2255 1734 2304 indebite
1755 2255 2044 2319 usurpabat.
2090 2253 2188 2305 Sed
2211 2269 2371 2317 neque
2394 2254 2498 2314 ille,
2520 2269 2683 2318 neque
2696 2254 2903 2306 Sucoes-

817 2349 951 2384 sores
983 2334 1080 2384 hoc
1111 2335 1264 2385 titulo
1296 2336 1377 2384 usi
1409 2335 1760 2400 sunt—[Bell.
1785 2335 1935 2399 Apol.
1960 2351 2052 2400 pro
2073 2336 2245 2400 Resp.]
2290 2350 2338 2399 p.
2364 2337 2475 2387 153.
2500 2334 2634 2400 [Op.‚
2668 2341 2792 2387 tom.
2813 2339 2909 2388 vii.

819 2415 912 2466 col.
927 2417 1039 2469 791.
1058 2416 1144 2482 Ad
1323 2433 1326 2437 ’

367 2517 540 2632 [ῗέᾶᾷ
566 2582 644 2633 m
775 2517 950 2581 Inud
979 2540 1230 2603 quoque
1260 2540 1299 2581 a
1328 2517 1665 2583 Cardinale
1706 2517 1922 2581 minus
1963 2518 2073 2581 hic
2100 2538 2247 2581 vere
2287 2516 2540 2595 dicitur,
2583 2524 2802 2581 sctum
2833 2519 2908 2581 id

365 2598 565 2711 „⁸324
649 2619 663 2633 ‘
688 2621 880 2685 modo
911 2643 949 2684 a
978 2622 1327 2700 BonifaciO,
1358 2628 1429 2684 nt
1465 2622 1797 2703 cyriacum
1827 2626 2151 2698 coerceret,
2183 2640 2401 2682 nomen
2428 2620 2590 2682 illud
2617 2620 2905 2684 Univer-

366 2716 490 2777 tus]
690 2725 837 2788 salis
911 2726 1208 2809 Episcopi
1266 2725 1535 2788 indebite
1591 2730 2011 2805 usurpantem.
2100 2725 2344 2788 Actum
2400 2722 2469 2787 id
2526 2723 2788 2806 quidem
2865 2747 2906 2787 a

693 2828 1006 2911 Gregorio
1064 2850 1211 2892 cum
1240 2847 1241 2850 ’
1272 2828 1624 2891 Mauritio:
1687 2847 1771 2890 ne
1823 2827 2141 2910 cuiquam,
2193 2847 2277 2890 ne
2326 2826 2428 2889 vel
2475 2826 2616 2905 sibi,
2671 2827 2773 2889 uti
2823 2848 2904 2891 eo

689 2930 910 2994 liceret
928 2941 973 2994 ⁸.
1066 2933 1175 2994 An
1203 2932 1296 2994 ita
1326 2930 1697 2995 Bonifacius
1717 2931 1747 2993 Ρ
1837 2930 1994 2994 Nou
2010 2953 2031 3007 3
2080 2929 2191 2993 sed
2220 2928 2580 2992 detractum
2604 2929 2901 3011 Cyl-iace,

689 3034 955 3114 royavit,
987 3035 1132 3116 egit,
1165 3035 1497 3111 contendit,
1529 3053 1897 3116 maynopere
1926 3033 2260 3111 contendit,
2291 3033 2428 3114 ipse
2457 3039 2533 3094 ut
2564 3031 2687 3095 sibi
2727 3032 2902 3096 obti-

692 3140 875 3198 neret
924 3156 962 3197 a
1006 3136 1258 3199 Phoca:
1306 3143 1372 3199 et
1418 3157 1579 3219 oeyre
1628 3137 1912 3215 obtinuit,
1957 3157 2114 3215 non,
2163 3157 2248 3199 ne
2292 3135 2623 3219 Cyriacus,
2657 3136 2903 3200 aliusve

696 3238 1028 3322 quispiam,
1070 3238 1169 3302 vel
1213 3239 1366 3322 ipse,
1407 3240 1600 3322 (quod
1645 3240 1898 3304 fecisset
1946 3240 2297 3323 Gregorius
2324 3240 2363 3321 x)
2421 3238 2552 3317 sed,
2601 3259 2686 3302 ne
2733 3241 2906 3302 alius

696 3342 856 3427 quis,
888 3364 1081 3427 quam
1111 3344 1261 3425 ipse,
1294 3350 1440 3427 post
1469 3343 1632 3407 illud
1659 3351 2000 3428 usurparet
2016 3342 2065 3408 ¹¹.

759 3494 937 3547 Servos
974 3510 1028 3545 se
1070 3495 1240 3559 potius
1280 3510 1536 3547 servorum
1580 3495 1713 3546 Dei.
1739 3532 1752 3546 .
1776 3532 1790 3545 .
1812 3494 2368 3561 nominantes—[Bell.
2409 3496 2560 3561 Apol.
2596 3510 2691 3559 pro
2727 3494 2907 3561 Reep.]

823 3592 872 3642 p.
897 3578 1007 3628 154.
1044 3577 1177 3643 [Op.‚
1202 3581 1323 3627 tom.
1347 3577 1434 3626 vii.
1468 3578 1560 3628 col.
1588 3577 1701 3629 791.
1722 3576 1808 3641 Α.]

780 3677 874 3740 At
918 3676 1170 3759 scripsit
1214 3697 1281 3739 se
1327 3677 1585 3739 Servum
1639 3676 1971 3739 Servorum
2015 3677 2138 3739 Dei
2186 3674 2573 3754 Bonifacius,
2604 3677 2909 3760 exemplo

452 3763 582 3827 279
698 3778 1026 3862 Gregorii,
1083 3778 1499 3842 Universalem
1541 3779 1919 3860 Episcopum
1965 3800 2100 3843 non
2143 3779 2414 3862 scripsit.
2508 3778 2636 3843 Sed
2689 3801 2910 3864 neque

369 3884 670 3999 &3220oe
696 3902 1087 3945 successores
1132 3882 1270 3965 ejus
1308 3882 1402 3945 ita
1444 3903 1509 3944 se
1554 3881 1864 3945 scribunt.
1955 3882 2167 3946 Fucus
2212 3902 2448 3946 merus.
2539 3881 2698 3945 Nou
2743 3883 2910 3946 scri-

368 4029 623 4065 oervomm
693 3984 895 4062 bunt,
944 3983 1055 4047 sed
1104 3986 1352 4068 quoties
1389 3984 1671 4069 legunt?
1758 3986 1852 4050 Ni
1908 3985 2146 4068 legant,
2206 3984 2411 4048 futuri
2455 4005 2606 4048 mox
2657 3984 2730 4048 iu
2776 3985 2910 4049 fer-

758 4188 781 4221 ⁶
818 4189 887 4255 [S.
899 4188 1034 4251 Greg
1035 4187 1325 4252 ..Magnis
1344 4189 1409 4238 iv.
1426 4188 1524 4254 [Ep
1525 4188 1751 4253 .]xxxvi.
1904 4189 2021 4254 [S.
2048 4188 2195 4251 Greg.
2219 4188 2343 4252 Mag
2414 4189 2501 4238 lib.
2521 4189 2573 4237 vi
2615 4186 2910 4252 [EpMJxxx

698 4254 817 4318 [sec.
835 4258 959 4303 vett.
984 4202 1174 4310 Ecum
1211 4253 1302 4302 lib.
1315 4267 1361 4302 v.
1389 4253 1500 4302 Iud.
1516 4254 1627 4302 xiii.
1658 4254 1753 4318 Ep.
1842 4255 1967 4332 [sec.-
1974 4258 2096 4303 vett.
2122 4253 2316 4314 Editt.;
2388 4254 2437 4303 b.
2456 4252 2542 4302 vii.
2569 4252 2684 4302 Iud.
2705 4269 2792 4303 xv.
2810 4254 2909 4319 Ep.

697 4319 827 4415 ¹¹³0st
849 4318 968 4368 Ben.
1000 4317 1111 4381 Op..
1131 4321 1254 4366 tom.
1279 4319 1333 4366 ii.
1359 4318 1450 4368 col.
1472 4318 1581 4370 771.
1604 4317 1687 4381 0.]
1841 4319 2027 4369 xxxiii.
2052 4317 2175 4368 Ben.
2201 4318 2296 4381 Op
2298 4323 2440 4377 ‚tom
2485 4319 2538 4367 ii.
2560 4319 2655 4367 col.
2678 4320 2795 4369 881.
2820 4319 2912 4384 D.]

762 4382 879 4447 ·.[S
897 4382 1044 4443 Greg.
1062 4382 1184 4445 Mag
1184 4381 1324 4446 .]lib.
1339 4384 1404 4431 iv.
1422 4383 1754 4461 [Ep]xxxiv.
1988 4383 2120 4433 Vide
2142 4334 2280 4433 infrp
2282 4387 2384 4432 not.
2406 4355 2472 4446 ,J

695 4447 812 4510 [scc
835 4450 958 4494 vett.
988 4397 1184 4502 Editus:
1207 4447 1297 4496 lib.
1313 4462 1359 4495 v.
1398 4447 1513 4496 Iud.
1530 4448 1640 4496 xiii.
1661 4448 1753 4511 Ep.
2031 4448 2176 4498 iden
2135 4463 2176 4497 ει
2178 4462 2300 4511 mm,
2324 4461 2372 4510 p.
2390 4446 2523 4510 384]

696 4510 801 4556 xxi.
828 4507 949 4557 Ben.
973 4509 1082 4570 Op.
1111 4515 1232 4559 tom.
1258 4512 1310 4559 ii.
1335 4512 1426 4561 col.
1452 4513 1561 4561 751.
1581 4512 1663 4575 0.]
