3165 4959
955 330 1321 380 nomoum
1367 330 1732 379 arsroNsm.
2320 318 2450 379 319

333 486 579 555 Quodsi
602 493 668 551 et
698 487 779 550 de
814 487 961 549 Ceto
992 484 1374 550 dicendum:
1421 506 1541 549 nec
1570 485 1661 548 ibi
1691 483 1996 548 contrarii
2026 484 2201 566 quid.
2276 484 2452 547 Nam

241 592 387 673 quis
445 598 674 674 typum
734 589 936 653 fuisse
986 589 1196 653 nescit
1248 589 1625 667 Servatoris,
1675 588 1892 651 triduo
1943 586 2226 670 absorpti
2275 587 2456 669 quasi

241 717 284 757 a
326 694 637 778 sepulcro,
683 692 878 756 tertio
915 699 1061 776 post
1105 691 1209 755 die
1252 692 1425 770 inde,
1459 692 1642 775 quasi
1682 691 1762 756 de
1791 697 2015 754 ventre
2051 691 2206 769 Ceti,
2239 711 2453 754 erum-

239 797 501 879 pentis?
549 803 745 878 atque
771 795 914 873 hoc,
951 796 1330 859 Servatore¹
1360 794 1502 877 ipso
1531 794 1904 876 interprete.

312 939 381 990 Bi
416 942 505 1004 qni
541 941 704 990 corvis
742 940 1000 1003 praecepit,
1022 944 1082 989 ut
1116 938 1181 989 ad
1214 938 1380 988 Eliam
1416 953 1570 1003 panes
1603 944 1656 988 et
1686 953 1859 988 carnes
1881 938 1961 987 bis
1993 937 2050 986 in
2083 936 2166 987 die
2189 935 2455 987 deferrent.

376 1025 408 1072 3
432 1021 552 1085 Reg.
576 1021 923 1086 xvii-[Bell.
946 1021 1096 1085 Apol.
1120 1036 1212 1084 pro
1236 1019 1414 1084 Resp.]
1441 1035 1489 1084 p.
1517 1021 1627 1071 134.
1656 1019 1795 1083 [Op.,
1815 1023 1941 1069 tom.
1959 1018 2048 1072 vii.
2071 1019 2164 1068 col.
2191 1018 2300 1070 779.
2326 1017 2417 1082 D.]

334 1123 550 1186 Etiam
592 1123 664 1185 in
700 1123 917 1186 Corvi-s
948 1122 1198 1185 illustre
1239 1122 1472 1185 emicat
1519 1120 1749 1184 divinae
1793 1118 2210 1204 providentiae
2242 1141 2452 1183 exem-

244 1228 447 1310 plum,
482 1249 624 1310 quae
663 1248 795 1290 non
836 1225 1045 1290 solum
1075 1226 1288 1307 pullos
1328 1245 1650 1288 corvorum
1685 1225 1899 1306 pascit
1918 1234 1944 1274 Υ
1967 1248 1986 1285 .·
2035 1223 2150 1286 sed
2189 1243 2303 1306 per
2345 1242 2454 1285 eos

244 1330 467 1412 pascit,
500 1330 611 1413 qui
649 1331 861 1411 pluris
905 1331 1003 1393 illi
1048 1336 1209 1405 sunt,
1259 1350 1443 1410 quam
1495 1331 1666 1392 corvi
1709 1329 1891 1392 multi
1910 1340 1951 1391 ⁸.
2048 1328 2130 1391 Id
2177 1326 2348 1410 quod
2389 1332 2457 1391 et

248 1432 559 1515 singulari
600 1432 826 1497 solatio
864 1433 1168 1496 Ecclesiae
1197 1432 1342 1509 fuit,
1375 1439 1441 1496 et
1486 1432 1672 1496 nobis
1719 1440 1852 1495 est:
1900 1431 1982 1495 Ei
2025 1453 2143 1494 nos
2175 1430 2456 1523 Domino

249 1556 508 1618 operam
545 1556 802 1619 ponere,
835 1536 940 1600 cui
980 1557 1184 1619 usque
1235 1535 1393 1599 adeo
1434 1535 1611 1598 cordi
1654 1540 1720 1598 et
1767 1555 1938 1598 curae
1969 1554 2208 1610 sumus,
2242 1534 2457 1615 potius

252 1648 347 1717 ut,
394 1662 509 1723 per
565 1641 852 1704 volucres
897 1662 1154 1704 voraces
1204 1640 1366 1718 illas,
1424 1641 1620 1721 (notae
1679 1638 1940 1717 infimae,
2002 1646 2068 1702 et
2125 1638 2451 1718 infaustae)

250 1743 573 1825 pascendi,
607 1765 800 1827 quam
843 1753 920 1807 ut
962 1744 1133 1808 fame
1163 1742 1349 1807 nobis
1377 1743 1780 1826 pereundum
1812 1742 1918 1806 sit.
1990 1742 2182 1808 Quod
2211 1749 2277 1805 et
2308 1748 2456 1823 apte

250 1866 385 1907 non
433 1846 649 1909 minus
702 1847 874 1930 apud
922 1848 965 1911 J
967 1846 1166 1911 obum
1220 1846 1474 1925 dicitur,
1534 1847 1654 1909 Ubi
1703 1845 1845 1930 quis
1899 1846 2039 1910 Deo
2084 1844 2453 1923 famulatur,

250 1948 441 2010 etiam
463 1969 602 2011 eum
631 1951 944 2031 lapidibus
973 1953 1115 2033 ayri
1145 1952 1222 2029 ei,
1242 1952 1432 2013 etiam
1463 1970 1601 2013 cum
1616 1948 1807 2030 seris,
1828 1970 2053 2030 pacem
2067 1946 2268 2030 fore⁸.
2328 1946 2458 2011 Sed

250 2072 460 2133 neque
514 2053 715 2131 Cetus,
765 2055 1128 2137 (postquam
1181 2062 1392 2118 rectus
1439 2054 1578 2138 jam
1621 2053 1692 2115 in
1735 2053 1953 2117 littore
1999 2053 2220 2134 staret)
2269 2052 2312 2115 J
2315 2070 2458 2114 onae

251 2154 584 2218 discedens
612 2156 944 2220 inclinavit
975 2179 1080 2222 se:
1128 2157 1360 2240 Neque
1397 2157 1601 2234 Corvi,
1635 2166 1986 2240 antequam
2022 2178 2231 2221 escam
2262 2176 2456 2238 appo-

253 2268 503 2336 nerent,
535 2260 747 2323 Eliam
793 2261 1078 2325 venerati
1123 2268 1311 2325 sunt:
1367 2267 1442 2323 nt
1489 2260 1655 2323 desit
1703 2281 1973 2342 semper,
2008 2259 2177 2341 quod
2221 2258 2292 2320 in
2336 2257 2457 2320 hac

252 2361 592 2426 collatione
622 2373 815 2448 caput
845 2372 961 2428 est.

320 2497 387 2547 Et
419 2498 507 2560 qui
541 2499 771 2570 leonibus
806 2536 818 2549 .
844 2536 856 2548 .
883 2537 895 2549 .
922 2500 1094 2563 jussit,
1120 2504 1177 2548 ut
1201 2499 1467 2549 Danielem
1493 2535 1506 2547 .
1531 2535 1544 2548 .
1569 2535 1581 2547 .
1608 2513 1711 2547 non
1731 2496 2279 2561 attingerent.—-[Bell.
2305 2496 2456 2559 Apol.

383 2594 476 2644 pro
499 2579 667 2645 Resp.]
701 2596 751 2656 p.
781 2582 884 2631 134.
922 2581 1056 2646 [Op.,
1077 2587 1201 2631 tom.
1224 2581 1312 2629 vii.
1337 2580 1430 2630 col.
1455 2578 1673 2644 779.1).]

343 2681 384 2742 J
388 2701 494 2743 am
528 2701 567 2742 a
593 2680 870 2744 Leonum
910 2681 1179 2759 insultu,
1213 2680 1294 2744 ab
1340 2680 1683 2744 hominum
1715 2679 1923 2742 Leone
1967 2678 2191 2761 quovis
2237 2677 2459 2740 effera-

254 2782 495 2845 tiorum
534 2784 837 2866 pernicie,
869 2783 1126 2848 liberati
1165 2782 1386 2867 populi
1416 2783 1542 2847 Dei
1587 2782 1826 2865 passim
1872 2788 2128 2844 exstant
2172 2780 2464 2864 exempla

254 2906 370 2968 per
428 2907 674 2949 sacram
735 2893 1076 2970 utramque
1134 2887 1437 2970 paginam
1469 2911 1489 2964 3
1552 2895 1630 2950 ut
1681 2885 1919 2949 mirum
1975 2884 2162 2947 Pauli
2210 2904 2463 2966 quoque

269 2992 562 3072 Viperam
606 3013 840 3074 agmen
885 3014 1020 3055 non
1064 2991 1388 3055 clausisse.
1479 2992 1572 3056 At
1607 2990 1676 3054 id
1724 2991 1886 3053 scire
1915 2990 2211 3053 volumus
2243 2987 2462 3053 Cardi-

256 3095 494 3172 nalem,
526 3094 715 3158 nobis
756 3095 862 3158 hic
893 3095 1186 3159 Danielis
1232 3102 1298 3158 et
1343 3095 1548 3173 Pauli,
1588 3096 1679 3177 (et
1728 3095 1926 3176 siquae
1977 3099 2288 3176 praeterea
2333 3092 2465 3154 sint

2479 500 2555 614 Sin
2579 504 2688 550 ceto

2515 580 2664 615 onam

2480 629 2779 694 evomente,]

2501 1130 2557 1179 in
2578 1130 2739 1179 eorvis

2479 1196 2482 1197 ⁷
2526 1195 2646 1245 liam
2675 1210 2784 1258 pas-

2480 1259 2747 1323 centibus,]

2569 2266 2693 2329 231

2509 2691 2565 2740 in
2589 2691 2740 2740 leoni·

2524 2755 2789 2805 uaDanieli

2487 2822 2730 2949 fflrcffnti·

256 3196 551 3280 ejusdem
605 3198 859 3280 generis
919 3196 999 3261 ab
1061 3198 1293 3262 ultimo
1337 3183 1734 3280 discrimine)
1794 3197 2230 3275 liberationes,
2282 3196 2465 3259 nullo
2517 3218 2522 3221 ·

258 3300 454 3364 modo
514 3300 826 3365 doctrinae
886 3322 1082 3364 sacrae
1141 3302 1491 3365 contrarias
1548 3302 1772 3366 videri.
1871 3300 2081 3365 Nobis
2145 3300 2456 3383 (inquam)

262 3403 661 3466 Sereni-ssimi
691 3404 883 3486 Περὶ-9
914 3406 955 3467 J
959 3420 1148 3467 ACOBI
1183 3404 1481 3482 subditis,
1516 3405 1646 3488 qui,
1681 3404 1800 3467 sub
1848 3405 2025 3487 Rege
2070 3403 2176 3467 hic
2222 3410 2463 3478 nostru,

261 3515 329 3571 et
358 3527 506 3570 cum
539 3508 739 3591 Rege,
772 3507 984 3571 adhuc
1014 3508 1307 3572 vivimus.
1393 3509 1515 3573 Cui
1545 3508 1721 3570 enim
1752 3507 1819 3570 id
1851 3516 2148 3570 nostrum
2177 3526 2466 3588 unquam

261 3609 563 3674 excidet?
610 3610 715 3673 cui
744 3611 814 3674 in
844 3612 1158 3674 memoria
1189 3631 1442 3694 semper
1470 3632 1602 3673 non
1632 3609 1954 3673 haerebit?
2000 3610 2144 3692 quis
2172 3616 2468 3672 nostrum

259 3716 729 3778 misericordias
774 3716 1030 3778 Domini
1083 3736 1207 3779 non
1251 3714 1532 3777 cantabit
1577 3715 1646 3775 in
1695 3710 2027 3775 aeternumb
2047 3713 2079 3774 ,9
2150 3712 2282 3777 Qui
2327 3732 2466 3788 nos,

261 3839 400 3882 non
428 3818 524 3881 ita
550 3817 799 3901 pridem
831 3818 1076 3902 insigni
1104 3817 1418 3881 miraculo
1455 3816 1712 3900 (cuique
1743 3815 1952 3878 simile
1983 3814 2084 3877 vel
2114 3813 2470 3877 secundum

262 3942 382 4004 per
418 3922 785 3985 universam
825 3921 1207 3986 saeculorum
1252 3921 1502 3998 seriem,
1533 3941 1656 3983 nec
1699 3918 2171 4004 praecedentem
2204 3917 2469 3994 exstitit,

262 4046 388 4089 nec
431 4025 929 4109 subsequentem
975 4011 1253 4089 exstabit
1297 4025 1639 4107 unquam),
1691 4045 1808 4087 nos
1863 4023 2197 4106 (inquam‚)
2243 4022 2472 4103 Reyem

264 4139 419 4194 ante
472 4152 715 4208 omnes,
771 4131 1078 4212 Reyinam
1130 4151 1169 4192 a
1223 4129 1485 4206 dextriS,
1552 4130 1837 4191 Summae
1896 4127 2031 4210 spei
2091 4126 2470 4207 Principem,

269 4233 540 4315 Regiam
572 4232 874 4310 sobolem,
902 4232 1262 4311 Familiam,
1291 4231 1504 4314 Regni
1537 4230 1816 4314 denique
1839 4230 2118 4295 Ordines
2151 4249 2375 4292 omnes
2406 4235 2474 4291 et

337 4426 360 4448 ¹
396 4418 545 4468 Mati„
571 4418 660 4467 xii.
685 4421 763 4468 40.
1486 4425 1508 4448 ⁸
1540 4417 1653 4467 Job.
1679 4434 1724 4466 v.
1750 4419 1829 4467 23.

336 4492 353 4520 ,v
394 4481 471 4532 ΡΒ.
495 4483 663 4532 cxlvii.
689 4487 732 4531 9.
1486 4480 1508 4513 ⁵
1559 4482 1723 4546 [Vide
1795 4482 1873 4532 Pe.
1942 4482 2141 4530 lxxxix.
2218 4480 2472 4544 (lxxxviii.

336 4557 353 4577 ²
392 4546 546 4612 [Vide
571 4547 754 4599 Matth.
783 4564 829 4596 x.
858 4547 957 4612 31.]
1422 4547 1595 4612 vulg.)
1635 4548 1707 4609 1.]
