3165 4959
976 343 1336 392 stomoma
1381 344 1747 393 mzsroxsm.
2358 328 2480 390 137

262 514 443 556 suam
479 501 684 572 curet,
710 516 847 558 rem
876 495 967 559 ibi
999 497 1282 560 divinam
1313 498 1526 578 faciat,
1546 499 1873 582 praedieet,
1899 497 2201 582 baptizet,
2235 517 2479 559 sacram

260 599 536 680 synaxin
589 599 871 663 celebret
888 625 907 678 3
977 603 1138 666 Haec
1187 603 1360 684 oriyo
1406 608 1525 681 est,
1563 611 1630 666 et
1674 603 2004 679 institutae,
2054 603 2196 665 haee
2227 600 2478 682 ficnctio

263 701 787 765 Paroeciensium.
876 705 978 766 Ex
1015 704 1346 768 accidente
1390 705 1642 788 reliqua
1671 712 1825 768 sunt
1852 731 1864 769 :
1916 706 2126 769 Multi
2156 706 2308 783 sint,
2343 705 2477 768 sint

260 805 470 887 pauci,
491 806 682 869 aliam
707 806 806 869 vel
828 808 1279 871 institutionem
1300 809 1401 872 vel
1408 807 1803 890 functionem
1823 830 1958 873 non
1974 810 2237 874 habent.
2282 808 2479 871 Ultra

261 929 407 971 eam
440 909 495 971 si
535 909 688 972 elati
729 918 902 988 sunt,
946 911 1035 992 (et
1065 911 1422 993 prodigiose
1471 912 1729 995 quidem
1761 920 1915 976 sunt
1945 913 2121 995 elati)
2159 933 2472 976 annume-

263 1009 455 1073 randi
491 1020 633 1075 tum
679 1013 772 1075 eis
804 1020 979 1091 sunt,
1013 1035 1171 1095 quos
1205 1015 1247 1076 J
1251 1014 1409 1077 udas
1439 1015 1789 1097 Apostolus
1819 1014 2130 1098 perhibet,
2160 1012 2251 1095 μὴ
2281 1015 2474 1099 τηρῆ-

262 1137 384 1176 σαι
414 1113 530 1193 τὴν
559 1113 800 1178 ἑαυτῶν
827 1111 1038 1202 ἀρχὴν
1055 1126 1102 1195 ⁸,
1133 1138 1257 1180 non
1283 1138 1563 1180 servasse
1593 1139 1696 1181 eos
1735 1119 2035 1200 oriyinem
2064 1119 2475 1182 institutionis
2591 1125 2712 1188 105

260 1238 411 1279 succ.

330 1361 430 1412 Sed
453 1366 627 1427 postea
646 1369 964 1415 excrescente
986 1366 1206 1416 nimium
1228 1366 1661 1429 Presbyterorum‚
1683 1371 1735 1418 et
1758 1368 2097 1418 Diaconorum
2125 1366 2474 1424 multitudine,

397 1444 643 1506 paulatim
683 1445 791 1494 haec
819 1446 1013 1497 functio
1048 1447 1112 1497 ad
1149 1463 1332 1511 paucos
1365 1448 1567 1498 redacta
1601 1454 1692 1498 est.
1761 1449 1843 1499 Ita
1877 1451 2021 1513 pauci
2057 1449 2134 1499 illi
2169 1464 2320 1511 super
2351 1449 2477 1498 alios

396 1526 617 1575 eminere
638 1531 914 1589 coeperunt,
940 1532 997 1577 ut
1021 1527 1327 1590 cardinales,
1351 1528 1406 1577 id
1427 1533 1519 1590 est,
1542 1530 1850 1593 principales
1873 1530 2147 1595 [Episcopi‚
2173 1529 2474 1591 Presbyteri,

395 1611 449 1656 et
483 1606 733 1672 Diaconi,]
766 1614 917 1673 atque
949 1610 1074 1661 adeo
1098 1610 1360 1675 Principes
1382 1611 1725 1661 Ecclesiastici
1750 1611 1866 1675 jure
1899 1612 2002 1662 diei
2035 1610 2474 1675 possent—[Bell.

397 1687 546 1751 Apol.
564 1704 655 1752 pro
670 1688 840 1754 Resp]
860 1706 910 1754 p.
928 1693 1006 1741 38.
1033 1690 1163 1756 [Op.,
1188 1696 1310 1741 tom.
1326 1692 1414 1741 vii.
1438 1693 1531 1743 col.
1550 1694 1660 1744 726.
1688 1691 1768 1755 Β.]

355 1804 524 1868 Cum
574 1806 663 1867 ad
694 1827 930 1887 paucos
977 1808 1119 1870 illos
1150 1810 1469 1889 paulatim
1510 1810 1776 1887 redacti,
1818 1830 1966 1873 cum
2014 1808 2324 1892 paulatim
2369 1829 2473 1872 su·
2501 1809 2608 1873 [sed
2634 1825 2770 1885 13¹2?ss

255 1929 389 1988 pra
435 1914 687 1970 caeteros
730 1911 996 1973 eminere
1041 1916 1369 1992 coeperunt‚
1403 1933 1550 1975 cum
1584 1912 1790 1994 primo
1822 1913 2218 1994 Principales
2261 1913 2472 1989 mod0,
2499 1881 2804 1987 ἑᾝᾎῗξὲἷβ

264 2019 410 2093 post
469 2011 567 2092 (ut
618 2011 736 2093 ais)
791 2013 1122 2095 Principes
1168 2013 1320 2077 facti
1337 2040 1357 2092 5
1409 2021 1649 2096 proeter
1686 2035 1995 2097 supraque
2047 2016 2308 2097 oriqinis
2349 2036 2475 2078 suoe
2501 2003 2654 2067 nem]

263 2118 591 2195 rationem,
636 2119 952 2208 paulatim
1001 2119 1280 2201 quidem,
1337 2120 1450 2183 sed
1499 2141 1633 2183 non
1669 2122 1998 2201 paululum
2043 2120 2245 2184 evecti
2298 2129 2472 2183 sunt.

265 2220 540 2283 Factum
570 2229 791 2284 narrat
822 2222 1202 2286 CardiualiS.
1263 2225 1418 2285 Rem
1449 2224 1538 2286 ad
1555 2244 1798 2304 paucos
1827 2225 2170 2286 redactam.
2227 2225 2475 2287 Paucos

265 2327 408 2387 illos
451 2345 637 2405 super
679 2327 949 2407 reliquos
994 2328 1258 2389 eminere
1303 2329 1557 2408 coepisse
1577 2353 1596 2389 .·
1670 2329 1762 2390 ita
1803 2328 2088 2406 eminere,
2120 2332 2191 2389 ut
2222 2328 2474 2389 Princi-

216 2433 224 2440 '
251 2431 458 2511 pales,
492 2435 676 2511 atque
707 2430 860 2493 adeo
892 2430 1224 2513 Principes
1272 2432 1631 2495 dicerentur
1655 2457 1674 2494 .·
1726 2431 1873 2497 Quo
1910 2432 2057 2517 jure
2101 2431 2366 2511 sactum,
2402 2440 2476 2495 ut

263 2534 358 2597 ita
396 2535 614 2615 pauci,
669 2534 761 2597 sic
807 2555 993 2616 super
1043 2536 1333 2619 reliquos,
1379 2536 1475 2599 ita
1523 2537 1870 2617 Principes,
1929 2558 2062 2599 non
2105 2543 2345 2613 narrat,
2391 2557 2476 2599 ne

262 2644 479 2721 potest
503 2636 782 2719 quidem.
831 2637 1206 2701 Ambitione
1226 2639 1402 2702 enim
1427 2638 1598 2702 sola:
1629 2640 1784 2719 jure
1813 2638 2014 2701 nullo.
2063 2639 2219 2700 Non
2238 2643 2477 2718 prceter

264 2742 573 2804 rationem
603 2741 818 2823 itaque
849 2748 1040 2823 atque
1054 2741 1170 2822 jus
1199 2742 1472 2825 cogendi
1501 2742 1571 2804 in
1604 2742 1917 2819 ordinem,
1950 2749 2016 2804 et
2046 2741 2127 2803 ad
2150 2740 2332 2803 initia
2362 2761 2478 2803 sua

267 2844 485 2907 denuo
536 2844 895 2922 revocandi,
944 2864 1065 2907 nec
1104 2846 1423 2925 paulatim
1453 2851 1716 2907 tamen:
1775 2844 2130 2925 (momento
2161 2843 2321 2906 cinis
2352 2844 2465 2905 fiat

268 2946 379 3030 qui
410 2946 521 3010 diu
552 2946 729 3030 sylva
754 2947 792 3029 :)
853 2947 1116 3025 Saltem,
1149 2945 1373 3011 altiore
1413 2946 1554 3010 loco
1602 2968 1686 3011 ne
1732 2946 1866 3009 sint
1898 2946 2057 3030 jam,
2088 2946 2189 3009 vel
2221 2945 2472 3029 spiritu,

267 3071 465 3133 quam
508 3050 616 3133 qui
656 3049 736 3113 ab
768 3050 1034 3133 antiquo
1065 3050 1373 3132 paroecias
1401 3050 1545 3113 illas
1576 3048 1909 3128 curabant,
1942 3070 2211 3133 quarum
2241 3048 2310 3112 hi
2334 3050 2473 3134 jam

274 3155 493 3216 titulos
522 3160 773 3236 gerunt.

336 3288 411 3337 Dc
446 3288 736 3351 aequalitate
774 3303 887 3338 cum
914 3287 1137 3351 Regibus
1166 3286 1582 3350 distinguendum
1619 3284 1764 3353 [esse]
1794 3302 1998 3348 cense03
2033 3286 2185 3349 Nam,
2220 3288 2263 3337 si
2294 3288 2357 3338 de
2391 3304 2474 3352 po·

397 3374 579 3419 testate
624 3370 890 3432 temporali
934 3384 1098 3418 sermo
1142 3370 1228 3427 sit,
1264 3403 1277 3417 .
1312 3405 1324 3417 .
1361 3405 1372 3418 .
1409 3369 1605 3432 opibus,
1643 3406 1655 3419 .
1689 3405 1701 3418 .
1737 3404 1749 3418 .
1785 3371 1956 3429 armis,
1993 3369 2204 3419 dubium
2244 3384 2348 3419 non
2381 3374 2474 3429 est,

399 3451 524 3514 quin
558 3451 719 3513 Reges
748 3451 897 3514 longe
929 3486 942 3499 .
978 3487 990 3499 .
1027 3487 1038 3500 .
1076 3449 1430 3500 Cardinalibus
1463 3454 1739 3514 praestent:
1773 3452 1817 3500 si
1841 3450 1904 3501 de
1935 3454 2183 3513 potestate
2215 3451 2474 3514 spirituali

400 3567 414 3582 .
451 3569 464 3582 .
500 3569 513 3582 .
549 3538 743 3595 agatur,
776 3547 880 3582 non
912 3533 1045 3582 solos
1079 3531 1386 3589 Cardinales,
1420 3531 1506 3580 sed
1539 3546 1715 3581 omnes
1747 3531 2038 3595 Episcopus,
2063 3529 2401 3592 Presbyteros,
2423 3532 2477 3579 et

399 3613 660 3674 Diaconos,
700 3613 923 3676 Regibus
950 3613 1229 3677 superiores
1261 3612 1597 3677 essa—[Bell.
1633 3612 1780 3675 Apol.
1818 3626 1910 3674 pro
1943 3609 2115 3674 Resp.]
2151 3626 2201 3674 p.
2227 3612 2304 3661 38.
2341 3610 2479 3674 [Op.,

396 3700 521 3744 tom.
542 3695 630 3745 vii.
653 3696 746 3744 eol.
771 3696 881 3746 726.
908 3693 985 3758 C.]

349 3803 815 3884 AEqualitatem
862 3802 945 3865 ad
996 3803 1206 3885 Reges
1248 3808 1324 3865 ut
1388 3802 1686 3884 abneget,
1734 3797 1993 3887 adduciv
2025 3819 2159 3862 non
2213 3804 2472 3881 potest3
2508 3820 2706 3887 [Cardi-

261 3906 521 3970 mollire
549 3912 770 3970 tamen
799 3905 1035 3969 nititur
1066 3905 1576 3968 distinctiuncula
1625 3902 1920 3986 quadam,
1954 3903 2150 3963 armis
2190 3900 2477 3982 opibusve
2504 3887 2787 4002 ξῧῐεθξῃξῗέἰ·

255 4016 569 4092 preestare
611 4011 831 4092 Reqes,
875 4030 952 4072 ac
998 4015 1315 4091 potestate
1360 4007 1707 4088 temporali,
1755 4005 1821 4069 id
1869 4004 2042 4087 quod
2101 4003 2475 4067 Cardinales
2503 4017 2690 4080 pares,]

260 4114 537 4177 fortasse
571 4114 740 4177 male
774 4113 995 4176 habet.
1086 4113 1376 4195 AEquum
1421 4111 1616 4188 enim,
1653 4115 1747 4187 ut,
1796 4109 1906 4191 qui
1948 4108 2270 4190 spirituali
2313 4127 2475 4190 prae-

262 4225 479 4294 stant,·
513 4223 822 4299 praestent
879 4221 945 4279 et
998 4216 1346 4297 temporali.
1438 4218 1530 4278 At
1571 4218 1887 4293 potestate
1930 4212 2253 4294 spirituali
2296 4231 2473 4290 supe-

257 4324 466 4384 riores
494 4322 767 4403 Reyibus
803 4321 1194 4383 Cardinales.
1286 4318 1470 4381 Adeo
1516 4316 1621 4380 hic
1653 4337 1904 4399 quoque
1934 4314 2175 4393 infelix,
2199 4321 2276 4378 ut
2306 4313 2474 4378 solos

258 4423 641 4489 cardinales
661 4445 791 4488 non
820 4422 1045 4507 possit,
1067 4420 1192 4484 nisi
1211 4441 1356 4484 cum
1379 4421 1508 4483 illis
1529 4440 1781 4502 quoque
1802 4420 1993 4482 totius
2018 4418 2184 4480 Cleri
2215 4419 2478 4481 caudam

1097 4558 1118 4589 Ι
1152 4548 1244 4612 Ep.
1269 4548 1302 4597 J
1306 4548 1420 4598 udae
1442 4562 1566 4597 vere.
1595 4550 1639 4595 6.
