3165 4959
390 714 663 784 [Quamdiu

388 786 688 845 regnaturus

392 848 462 896 sit
483 846 629 894 Anti-

392 908 646 974 christum]

713 338 843 399 324
1339 349 1423 396 AD
1468 348 1852 396 CARDINALIS
1867 417 1878 427 ·
1896 347 2292 395 BELLAnmNt

846 511 976 557 turoe
1009 543 1023 556 .
1058 544 1072 557 .
1105 507 1395 564 sententias,
1417 506 1551 570 quod
1584 507 1642 556 in
1670 507 1743 555 eis
1776 520 2015 555 numerus
2049 508 2215 554 certus
2247 518 2338 568 pro
2372 507 2565 554 incerto
2598 502 2935 567 accipiendus

846 588 1146 653 site-[Bell.
1170 588 1320 652 Apol.
1344 603 1435 652 pro
1457 587 1630 652 Raep]
1652 601 1702 651 p.
1718 588 1828 637 136.
1865 586 1998 651 [Op.‚
2020 590 2140 635 tom.
2160 585 2247 634 vii.
2272 585 2365 634 eol.
2390 584 2501 635 781.
2521 582 2607 648 A.]

809 697 911 761 De
958 698 1304 775 duratione,
1346 702 1674 760 certamen
1714 696 1854 778 jam
1897 714 2158 770 novum,
2188 691 2300 756 ubi
2348 693 2602 755 biennii
2629 692 2933 773 spatium,

720 806 782 863 et
807 802 1122 863 semestris
1150 799 1430 883 ponitur.
1498 798 1684 862 Dixit
1711 797 1803 861 ibi
1834 798 1995 874 Rex,
2025 817 2342 859 numerum
2359 796 2518 877 poni
2547 801 2785 858 certum
2803 815 2937 875 pro

722 913 978 989 incerto,
1012 912 1185 994 quod
1214 917 1312 973 est
1344 909 1515 993 apud
1545 909 1902 992 Prophetas
1930 929 2066 972 non
2093 907 2488 990 infrequens.
2565 892 2936 988 Non⁰apud

724 1015 1099 1097 Prophetas.
1191 1014 1334 1077 Nec
1379 1012 1550 1096 apud
1599 1013 1642 1076 J
1645 1032 1920 1075 oannem
1965 1011 2201 1094 ipsum.
2295 1010 2490 1075 Quod
2535 1009 2780 1072 fatetur
2825 1009 2937 1071 hic

723 1117 1178 1195 Reum-minus»,
1216 1117 1359 1197 (nee
1408 1116 1451 1179 J
1453 1114 1676 1179 esuitae
1726 1116 1994 1197 negant)
2029 1114 2142 1177 ubi
2190 1114 2578 1175 millenarius
2623 1133 2938 1175 annorum

734 1221 904 1304 (post
955 1241 1149 1303 quem
1199 1219 1538 1284 solvendus
1590 1219 1802 1282 Draco
1822 1229 1848 1256 ⁰
1880 1218 1921 1299 ε)
1998 1216 2115 1280 ubi
2171 1218 2451 1294 144,000
2515 1216 2767 1297 (eornm
2824 1215 2937 1297 qui

725 1324 962 1407 signati
1013 1324 1083 1386 in
1134 1322 1370 1401 fronte)
1429 1326 1636 1384 certus
1684 1320 1756 1383 in
1817 1319 2094 1403 speciem
2153 1339 2482 1395 numerus,
2529 1338 2602 1381 re
2653 1319 2939 1380 incertus

726 1436 948 1491 tamen
958 1440 1007 1490 Ρ.
1099 1427 1311 1509 AEque
1341 1429 1560 1488 autem
1589 1424 1826 1487 horum
1856 1429 2127 1505 uterque
2142 1488 2149 1496 ,
2162 1422 2425 1486 definite
2455 1420 2706 1504 positus
2737 1428 2938 1504 atque

722 1531 855 1595 ille.
946 1530 1080 1594 Cur
1101 1549 1253 1611 ergo
1280 1528 1352 1590 hi
1378 1527 1606 1590 incerti
1636 1526 1786 1604 sint,
1817 1525 1926 1589 ille
1954 1546 2038 1589 ne
2070 1525 2153 1588 sit
2174 1526 2208 1587 ‚2

791 1666 889 1716 Sed
922 1664 978 1714 id
1011 1666 1140 1715 solet
1169 1665 1351 1715 habere
1386 1663 1570 1723 locum,
1594 1677 1710 1713 eum
1744 1675 1875 1711 unus
1907 1662 2092 1725 aliquis
2125 1675 2378 1721 numerus,
2403 1660 2547 1723 isque
2579 1660 2835 1723 perfectus
2857 1660 2940 1710 ad·

856 1747 1106 1797 scribitur.
1142 1784 1154 1795 .
1193 1783 1205 1794 .
1240 1782 1252 1793 .
1288 1747 1363 1794 At.
1393 1744 1489 1794 hoe
1520 1745 1630 1794 loeo
1663 1758 1779 1793 eum
1800 1747 2003 1806 tempus
2025 1741 2333 1791 Antichristi
2354 1742 2731 1791 accuratissime
2754 1740 2939 1790 descri-

856 1829 1019 1884 batur,
1042 1842 1134 1890 per
1153 1841 1324 1885 annos,
1341 1841 1431 1890 per
1451 1840 1660 1883 menses,
1681 1827 1735 1874 et
1755 1838 1844 1887 per
1866 1823 1990 1882 dios,
2007 1823 2195 1872 mirum
2219 1826 2314 1885 est,
2337 1823 2380 1871 si
2403 1822 2484 1871 eui
2507 1836 2749 1872 numerus
2770 1828 2940 1871 certus

857 1922 948 1970 pro
978 1909 1172 1957 incerto
1194 1907 1314 1970 poni
1336 1904 1799 1968 videatur.—{Be11.
1829 1903 1980 1967 Apol.
2005 1918 2097 1968 pro
2119 1901 2288 1967 Resp]
2323 1918 2372 1967 p.
2398 1905 2507 1952 136.
2548 1903 2682 1967 [Op.,
2705 1908 2835 1952 tom.
2850 1904 2938 1952 vii.

857 1989 950 2039 σοι.
975 1989 1086 2039 781.
1105 1989 1168 2038 A.
1186 1988 1273 2052 13.]

815 2090 1133 2170 Magnum
1162 2107 1312 2149 vero
1360 2086 1726 2162 discrimen,
1770 2086 1865 2149 ait
1896 2086 2273 2150 CardinaIiS.
2371 2085 2731 2148 Triennium
2773 2087 2941 2147 em'm

729 2194 862 2265 hoc,
894 2196 953 2253 et
981 2190 1167 2252 semis
1195 2189 1600 2265 Macar-isti,
1647 2190 1836 2251 etiam
1864 2209 1988 2270 per
2031 2190 2456 2271 quadrayinta
2502 2189 2657 2250 duos
2701 2210 2944 2251 menses

724 2295 1081 2375 &plicatur
1140 2293 1345 2374 mayt’s
1375 2320 1394 2353 .·
1467 2312 1664 2373 quare
1714 2292 1823 2355 hic
1884 2292 2023 2355 sine
2076 2292 2272 2355 dubio
2331 2299 2564 2354 certus,
2658 2292 2944 2374 Colligat

731 2418 878 2460 vero
909 2417 975 2460 se
1004 2396 1356 2479 paululum,
1387 2416 1618 2477 parum
1649 2395 1752 2458 hie
1780 2395 2092 2458 interesse
2121 2395 2374 2458 sentiet.
2466 2396 2710 2457 Nonne
2741 2395 2943 2457 etiam

732 2510 798 2564 et
828 2501 1225 2585 signatorum
1257 2520 1587 2574 numeruS‚
1619 2506 1961 2580 postquam
2005 2499 2382 2562 summatim
2426 2498 2692 2580 positus,
2729 2498 2938 2581 quoad

732 2605 939 2667 tribus
982 2603 1331 2681 universas,
1364 2603 1623 2679 iterum,
1666 2610 1829 2684 post,
1876 2622 1992 2684 per
2034 2608 2248 2685 partes
2293 2600 2627 2684 sigillatim
2671 2622 2938 2664 enume-

733 2716 933 2785 ratur,
996 2706 1206 2790 quoad
1264 2706 1553 2788 singulas
1587 2704 1614 2767 ἲ
1720 2705 2011 2767 Nomina
2069 2712 2287 2768 autem
2344 2702 2482 2787 ipsa
2539 2703 2939 2785 singularum

733 2811 1021 2874 tribuum
1068 2830 1365 2892 expresse
1409 2815 1741 2892 ponuntur
1779 2807 1890 2885 ibi,
1927 2814 1990 2870 et
2035 2806 2116 2870 ad
2159 2807 2425 2870 nomina
2468 2806 2724 2889 singula.
2765 2807 2940 2889 sigil-

734 2914 919 2977 latim
948 2914 1204 2991 12,000,
1227 2922 1374 2996 post
1405 2919 1642 2988 autem,
1676 2910 1945 2974 summis
1973 2910 2335 2995 conjunctis
2366 2909 2599 2986 denu0,
2637 2913 2940 2987 144,000.

735 3017 895 3079 Tam
948 3036 1098 3079 vero
1156 3021 1455 3078 accurate
1514 3014 1655 3091 hoo,
1710 3020 1777 3077 et
1837 3014 2018 3095 quasi
2068 3034 2184 3097 per
2233 3013 2565 3090 minutias,
2619 3012 2820 3075 cuivis
2869 3022 2943 3075 ut

736 3117 1146 3200 perspicuum
1174 3118 1277 3195 sit,
1309 3136 1440 3180 non
1483 3118 1701 3182 minus
1747 3125 1966 3181 exacte
2011 3117 2410 3199 signatorum
2456 3137 2799 3193 summam,
2831 3139 2944 3198 per

738 3226 952 3302 partes
1004 3241 1171 3298 suas,
1224 3240 1417 3303 quam
1461 3220 1851 3283 Antichristi
1898 3241 2122 3295 annOS,
2177 3242 2292 3304 per
2340 3240 2590 3283 menses
2632 3240 2784 3282 suos
2839 3241 2946 3283 ex·

739 3321 976 3404 plicari.
1071 3322 1262 3388 Quod
1310 3329 1525 3385 autem
1582 3323 1657 3384 id
1702 3325 1898 3386 soleat
1951 3323 2176 3385 habere
2235 3324 2452 3400 locum,
2508 3330 2584 3385 ut
2636 3343 2949 3386 numerus

738 3426 991 3508 integer
1036 3446 1151 3489 seu
1194 3425 1516 3508 perfectus
1556 3426 1894 3490 habendus
1937 3426 2023 3489 sit
2066 3447 2182 3509 pro
2227 3427 2491 3503 incerto,
2529 3427 2626 3508 (ut
2675 3426 2947 3508 quadra-

740 3529 925 3612 ginta
974 3550 1246 3607 menses,
1295 3536 1371 3592 ut
1418 3529 1800 3610 triennium)
1855 3529 2096 3592 stactus
2149 3536 2366 3592 autem
2425 3550 2543 3613 pro
2594 3538 2793 3605 certe,
2851 3532 2949 3610 (ut

736 3632 1167 3717 quadraginta
1188 3633 1329 3696 ‘duo
1354 3654 1627 3711 menses,
1659 3640 1736 3695 ut
1769 3632 2127 3695 triennium
2169 3653 2317 3695 eum
2363 3632 2690 3712 semestre)
2732 3632 2950 3695 minus

736 3735 915 3798 enim
973 3736 1046 3799 in
1103 3736 1380 3819 speciem
1433 3736 1594 3800 certi
1651 3734 1924 3812 numeri,
1987 3736 2096 3817 qui
2154 3735 2346 3798 fracti
2378 3760 2392 3796 ι
2461 3734 2787 3812 certiores,
2838 3735 2950 3816 qni

738 3838 1011 3920 integri:
1059 3840 1258 3921 gratis
1287 3839 1356 3902 id
1383 3839 1618 3903 dicitur
1640 3859 1679 3901 a
1698 3837 2071 3902 Cardinale:
2120 3859 2239 3901 nec
2270 3838 2432 3901 solet
2460 3837 2698 3901 habere
2728 3838 2948 3914 fidem,

740 3942 866 4004 nisi
910 3941 1021 4004 ubi
1052 3942 1410 4005 Cardinalis
1448 3964 1563 4025 pro
1594 3942 1982 4026 Pythagora.
2072 3943 2168 4004 At
2211 3941 2325 4004 illa
2365 3941 2572 4024 magis
2604 3942 2949 4004 Lectorem

742 4097 972 4156 tempora
992 4097 1045 4142 et
1073 4092 1349 4142 dimidium
1382 4093 1654 4156 temporis*
1687 4129 1699 4141 .
1736 4130 1747 4143 .
1784 4129 1796 4141 .
1884 4092 2337 4155 gorieosquoadam
2354 4107 2528 4142 sensus
2551 4092 2605 4141 in
2628 4092 2952 4141 monumen>

744 4158 964 4220 Tempus
995 4171 1214 4220 namque
1246 4163 1299 4207 et
1329 4162 1559 4220 tempora
1579 4161 1633 4207 et
1654 4156 1801 4206 dimi·
1887 4158 2044 4206 latere
2064 4156 2365 4220 contendit]

745 4221 890 4270 dium
927 4221 1170 4285 temporis
1213 4226 1316 4271 tres
1357 4227 1411 4271 et
1454 4223 1607 4272 semis
1643 4236 1801 4271 annos
1955 4230 1978 4254 ⁰
2014 4220 2183 4286 [Cous.
2210 4221 2342 4270 Blas.
2379 4220 2442 4271 de
2481 4220 2627 4282 Vieg.
2648 4219 2853 4271 Comm.
2895 4222 2953 4270 in

745 4285 1340 4349 intelligimus-'’—Rup.
1377 4286 1512 4335 Tuit.
1553 4288 1610 4335 in
1644 4287 1799 4348 Apoc.
1889 4286 2045 4348 Apoe.
2090 4300 2198 4348 cap.
2231 4301 2317 4334 xx.
2355 4285 2388 4350 ξ
2416 4288 2458 4334 1.
2501 4300 2640 4334 num.
2666 4288 2712 4335 1.
2762 4300 2812 4348 p.
2836 4288 2949 4335 851.

748 4351 874 4413 (cap.
899 4352 988 4410 xi.)
1015 4350 1295 4399 Commeat..
1322 4349 1409 4399 lib.
1434 4351 1501 4399 vi.
1537 4349 1654 4414 Op.,
1678 4356 1800 4399 tom.
1891 4349 2053 4413 Lugd.
2079 4350 2248 4413 1602]

747 4414 800 4461 ii.
836 4428 883 4476 p.
911 4417 1021 4464 526.
1055 4414 1148 4463 col.
1175 4417 1219 4463 1.
1289 4414 1445 4464 Paulo
1468 4419 1638 4465 autem
1674 4419 1802 4478 post,
1956 4423 1977 4454 Ρ
2012 4413 2175 4479 [Idem
2203 4415 2256 4463 in
2280 4415 2436 4477 Apoe.
2461 4430 2569 4478 cap.
2593 4415 2681 4463 vii.
2730 4414 2877 4465 Com.
2903 4430 2950 4464 r.

746 4475 811 4524 de
876 4479 1070 4527 ratione
1139 4479 1390 4527 mensium
1467 4479 1806 4542 quadraginta.
1890 4478 1990 4543 §7-
2015 4494 2153 4529 num.
2179 4482 2225 4528 1.
2260 4493 2308 4542 p.
2333 4478 2473 4542 360]

747 4539 962 4588 duorum
1017 4541 1253 4589 subtilius
1302 4542 1547 4605 disputat,
1593 4550 1645 4592 et
1688 4543 1804 4593 alle·
