3165 4959
474 3315 601 3376 2529

712 331 841 393 316
1342 347 1428 393 An
1473 346 1854 394 cAnnmAms
1896 346 2293 395 nummum

777 501 991 566 Oportet
1014 538 1025 549 .
1051 537 1064 549 .
1087 537 1099 550 .
1123 500 1271 551 valde
1289 501 1510 552 debilem
1531 503 1676 566 (esee)
1695 503 1934 567 spiritum
1955 503 2058 552 oria
2080 501 2289 560 christi,
2306 501 2351 550 si
2366 499 2745 549 Antiehrietum
2768 514 2932 565 supra

841 584 985 633 mille
1000 581 1164 633 ‘annos
1181 590 1477 646 regnantem
1501 622 1515 635 .
1540 622 1552 634 .
1575 582 1590 635 .
1615 623 1627 635 .
1653 584 1894 634 conficere
1916 599 2019 634 non
2041 581 2455 649 potuit.—-[Bell.
2473 582 2622 646 Apol.
2635 597 2728 646 pro
2747 581 2927 647 Resp]

842 681 890 730 p.
917 668 1025 715 132.
1076 666 1209 730 [Op.,
1232 670 1354 716 tom.
1371 668 1456 716 vii.
1480 668 1573 717 col.
1595 668 1706 720 778.
1734 666 1819 731 D.]

798 766 985 843 Tum,
1016 765 1176 828 illud
1221 766 1498 829 alterum
1547 767 1623 829 de
1670 768 1916 848 Spiritu
1962 766 2199 828 Christi
2243 764 2450 841 debili,
2497 764 2602 845 qni
2651 769 2745 826 tot
2775 764 2928 845 jam

715 890 909 932 annos
954 870 1416 932 Antichristum
1474 891 1599 933 non
1655 871 2055 946 interemerit,
2109 867 2446 932 Gladiator
2503 866 2626 930 hoc
2686 867 2925 950 aliquis

711 972 876 1036 forte
909 972 1143 1055 culpet,
1179 973 1287 1055 qui
1325 995 1456 1037 uno
1489 974 1710 1037 statim
1750 973 2083 1036 machaerae
2124 971 2260 1034 ictu
2298 991 2435 1033 rem
2471 970 2753 1045 conficit,
2788 992 2918 1033 non

714 1077 1090 1156 cardinalia,
1123 1079 1235 1161 qui
1270 1079 1448 1141 lenta
1492 1088 1700 1142 morte
1729 1086 1865 1141 tam
1908 1078 2027 1141 scit
2067 1076 2331 1140 interire
2376 1075 2689 1153 homines»,
2725 1098 2924 1158 quam

710 1184 1066 1266 repentina,
1099 1204 1220 1246 nec
1263 1183 1541 1246 interfici
1579 1183 1790 1261 modo,
1826 1183 1935 1265 qui
1976 1181 2198 1245 statim
2231 1179 2531 1257 concidit,
2565 1180 2678 1243 sed
2708 1189 2777 1243 et
2807 1180 2923 1263 qui

711 1287 942 1350 hausto
973 1286 1164 1350 odore
1197 1307 1384 1369 saepe,
1415 1287 1513 1349 vel
1552 1286 1783 1369 spiritu
1812 1306 1945 1348 non
1984 1284 2174 1363 bon0,
2207 1283 2327 1347 etsi
2357 1289 2503 1366 post
2535 1283 2922 1347 diuturnum

711 1389 1109 1472 languorem,
1163 1388 1429 1451 tandem
1490 1396 1709 1452 tamen
1768 1388 2062 1450 moritur.
2156 1386 2505 1449 Pontifices
2565 1385 2688 1449 hoc
2749 1407 2922 1469 saepe

712 1500 1069 1570 senserunt,
1124 1498 1198 1553 ut
1243 1491 1366 1553 toti
1413 1492 1638 1553 Romae
1688 1489 2040 1553 ludibrium
2102 1487 2352 1565 debeat,
2404 1488 2460 1550 si
2515 1488 2639 1551 hoc
2698 1499 2919 1571 neget.

714 1597 998 1660 Omnino
1028 1595 1300 1678 languor
1337 1594 1466 1673 ille,
1506 1596 1647 1675 (seu
1677 1594 1861 1656 malis
1893 1593 2272 1655 debilitatem
2304 1590 2544 1672 dicere)
2576 1592 2676 1655 via
2704 1602 2804 1654 est
2839 1592 2922 1655 ad

711 1688 1069 1764 interitum.
1161 1700 1353 1763 Viam
1385 1699 1497 1783 qui
1538 1699 1863 1780 ingressus
1908 1703 2028 1774 est,
2062 1696 2182 1759 etsi
2225 1716 2359 1758 non
2399 1704 2696 1778 properat
2726 1696 2918 1774 forte,

711 1804 974 1867 tandem
1020 1811 1239 1867 tamen
1279 1803 1360 1866 ad
1390 1804 1508 1865 viae
1553 1802 1904 1865 terminum
1944 1808 2366 1884 perventurus
2407 1806 2524 1861 est.
2616 1799 2919 1877 Interim,

713 1931 751 1971 a
780 1906 1056 1970 termino
1095 1906 1176 1969 ad
1207 1927 1420 1989 quem,
1455 1913 1669 1969 motus
1710 1904 2111 1967 denominari
2153 1903 2334 1965 solet.
2426 1903 2514 1965 Et
2556 1903 2921 1967 Cardinalis

711 2010 872 2073 ludit
901 2011 1054 2092 ipse,
1081 2009 1235 2072 dum
1266 2010 1355 2071 sic
1380 2009 1665 2091 opponit,
1686 2029 1808 2073 non
1838 2008 2018 2084 dicit5
2034 2007 2399 2084 debilitabit,
2423 2007 2536 2069 sed
2561 2006 2917 2087 interficiet.

712 2115 1080 2196 Utrumque
1131 2113 1321 2190 dicit,
1369 2112 1664 2195 opposita
1706 2112 1844 2175 haec
1888 2133 2021 2175 non
2066 2120 2220 2174 sunt
2239 2137 2256 2187 ς
2306 2111 2685 2173 debilitando
2737 2112 2916 2175 enim

714 2218 1060 2299 interficiet.
1156 2218 1291 2281 Scit
1335 2217 1528 2295 enim,
1573 2218 1684 2300 qui
1727 2216 1950 2279 multis
1993 2215 2364 2278 vulneribus
2410 2214 2761 2293 confossuS,
2803 2218 2918 2299 qui

712 2322 779 2385 in
812 2323 1015 2405 gradu
1044 2322 1274 2386 ultimo
1305 2322 1388 2384 sit
1419 2321 1782 2397 debilitatis,
1817 2342 1855 2383 a
1883 2328 2090 2382 morte
2120 2340 2253 2382 non
2284 2319 2560 2382 multum
2590 2318 2827 2382 abesse.

779 2458 948 2509 Satius
973 2497 984 2509 .
1009 2496 1023 2509 .
1059 2462 1138 2509 est
1169 2457 1344 2510 audire
1368 2496 1379 2507 .
1409 2496 1420 2507 .
1445 2496 1458 2510 .
1485 2456 1675 2516 Patres,
1706 2457 1794 2520 qui
1828 2470 1921 2520 per
1954 2455 2192 2520 spiritum
2229 2457 2332 2506 orie
2354 2494 2366 2505 .
2391 2494 2404 2506 .
2430 2493 2460 2517 .,
2483 2471 2587 2506 non
2615 2457 2924 2520 intelligunt

841 2541 1251 2605 praedicationem
1285 2540 1425 2589 verbi
1450 2576 1462 2589 .
1487 2576 1498 2588 .
1523 2576 1552 2599 .,
1577 2553 1692 2601 quae
1724 2538 1788 2587 ad
1821 2537 2052 2598 salutem,
2076 2551 2178 2587 non
2204 2575 2215 2587 .
2240 2574 2253 2586 .
2279 2575 2291 2587 .
2315 2537 2652 2601 perditionem
2685 2538 2921 2589 adhiberi

840 2623 982 2681 solet,
1000 2621 1085 2671 sed
1104 2626 1403 2686 potestatem
1429 2658 1440 2670 .
1467 2658 1478 2669 .
1507 2658 1519 2669 .
1544 2617 1973 2683 Christi.—[Bell.
1992 2619 2141 2681 Apol.
2156 2633 2247 2683 pro
2267 2618 2436 2684 Resp]
2455 2619 2779 2684 p.132.[Op.,
2795 2624 2918 2669 tom.

839 2706 924 2753 vii.
949 2705 1060 2754 coll.
1086 2705 1196 2756 779.
1221 2704 1306 2769 Α.]

802 2805 1024 2868 Simile
1065 2811 1130 2867 et
1165 2803 1345 2881 illud,
1379 2803 1900 2866 Praedicationem
1928 2801 2100 2864 verbi
2142 2803 2266 2865 Dei
2307 2802 2590 2865 adhiberi
2619 2802 2709 2865 ad
2746 2804 2922 2865 salu-

714 2915 853 2982 tem,
913 2929 1035 2970 non
1080 2907 1497 2988 perditionem
1519 2933 1537 2968 :
1616 2905 1797 2989 quasi
1855 2926 1991 2968 non
2047 2904 2296 2987 legerit,
2359 2906 2622 2969 Odorem
2682 2926 2921 2988 quoque

713 3012 933 3075 mortis
963 3011 1052 3073 ad
1084 3017 1340 3074 mortem
1371 3030 1501 3073 esee
1530 3011 1598 3072 in
1627 3011 1728 3086 iis,
1761 3010 1868 3090 qui
1890 3006 2245 3090 pereunth,·
2289 3008 2436 3087 nisi,
2469 3009 2523 3072 si
2555 3010 2695 3092 jam
2726 3009 2823 3072 illi
2851 3009 2921 3072 in

713 3114 929 3176 animo
957 3120 1077 3188 est,
1108 3115 1371 3175 salutem
1400 3112 1597 3175 etiam
1629 3112 1857 3175 afferre
1898 3111 1973 3193 (si
2003 3112 2238 3194 potest)
2274 3113 2686 3175 Antichristo.
2735 3112 2915 3175 Nam

714 3215 793 3278 de
837 3213 1271 3298 Hieronymoi
1318 3235 1461 3297 quae
1508 3215 1716 3292 affert,
1770 3221 1835 3278 et
1878 3214 2337 3299 Chrysostomo
2354 3213 2404 3292 k,
2452 3223 2626 3278 recte
2673 3215 2919 3278 consis-

714 3326 900 3382 tunt:
947 3317 1080 3395 ubi,
1110 3319 1276 3381 vires
1307 3319 1446 3402 ejus
1475 3317 1589 3380 diu
1629 3318 1893 3395 attrivit,
1927 3325 2256 3381 momento
2286 3319 2548 3381 tandem
2591 3317 2670 3381 de
2700 3318 2919 3381 medio

712 3422 915 3486 tollet.
1007 3422 1150 3485 Nec
1179 3421 1285 3484 hic
1317 3421 1576 3504 quidem
1608 3421 1809 3504 igitur
1839 3422 1940 3485 vel
1980 3421 2328 3484 debilitavit
2360 3420 2738 3499 cardinalia,
2772 3442 2918 3505 quae

714 3531 854 3592 Rex
884 3526 1123 3590 attulit.

776 3665 1022 3731 [Conatur
1042 3663 1302 3714 ostendere
1324 3662 1601 3713 Ecclesiam
1635 3667 1858 3713 nostram
1891 3677 1996 3712 esse
2019 3663 2493 3724 Antichristianam,
2516 3662 2636 3725 quia
2660 3662 2823 3725 jactet
2846 3663 2922 3712 in·

842 3749 1178 3800 numerabilia
1203 3748 1459 3805 miracula,
1499 3762 1613 3810 quae
1649 3751 1821 3795 tamen
1859 3747 1966 3795 sint
2003 3749 2256 3798 contraria
2293 3762 2397 3797 eune
2436 3748 2596 3811 ipsius
2640 3747 2913 3796 doctrinm.

843 3831 1038 3881 -Ben
1060 3830 1207 3893 Apol.
1232 3844 1323 3894 pro
1344 3828 1490 3893 Resp.
1513 3842 1561 3890 p.
1593 3830 1712 3888 1323
1745 3832 1797 3876 et
1820 3827 1932 3892 Op„
1951 3832 2075 3877 tom.
2098 3829 2186 3877 vii.
2211 3829 2304 3878 col.
2327 3829 2439 3881 779.
2467 3827 2547 3892 Β.]

776 4051 801 4084 ¹¹
834 4053 864 4100 2
889 4049 1002 4100 Cor.
1024 4050 1077 4099 ii.
1103 4052 1179 4098 16.
1858 4046 1994 4096 Van.
2037 4047 2120 4109 (al.
2156 4045 2261 4109 cli.)
2295 4045 2361 4096 ad
2399 4045 2467 4094 Al
2610 4044 2798 4103 Quaest.
2841 4046 2920 4094 11.

777 4115 798 4193 ¹·
837 4117 888 4193 [“
903 4114 1334 4192 QueniDoniinue
1344 4112 1497 4191 fle-eus
1510 4112 1771 4190 interfipiet
1859 4112 1970 4173 Op„
1995 4117 2118 4161 tom.
2143 4111 2177 4160 i.
2201 4111 2315 4161 coll.
2338 4113 2450 4190 882.
2517 4149 2530 4170 ,
2555 4112 2664 4161 883.
2684 4109 2772 4174 Α.]

712 4189 907 4246 ερατ-ιω
960 4197 1067 4230 orta
1119 4196 1202 4228 em
1217 4195 1239 4238 ‚·
1307 4178 1481 4227 divina
1534 4177 1771 4227 videlicet
1922 4175 1945 4207 ¹¹
1985 4178 2068 4241 [Ὀ
2100 4177 2306 4240 Χριστὸς
2338 4196 2407 4238 τῳ
2429 4176 2717 4236 ἐπιτάγματα
2749 4173 2917 4235 μόνον,

712 4251 977 4311 potestate,
1005 4251 1057 4295 et
1089 4260 1192 4293 suae
1228 4243 1507 4305 majestatis
1539 4243 1771 4306 imperio,
1859 4242 1940 4290 καὶ
1962 4244 2026 4306 τῇ
2054 4240 2288 4306 παρουσίᾳ
2322 4240 2409 4290 τὸν
2441 4241 2777 4303 ’Animum-ov
2810 4242 2922 4290 &ru-

713 4313 854 4376 cujua
869 4311 1090 4374 jussisse,
1109 4309 1280 4359 secisse
1299 4313 1375 4357 est
1389 4325 1402 4367 ;
1437 4308 1612 4356 nonin
1635 4322 1770 4356 exer·
1860 4304 2023 4355 λῶσει.
2063 4307 2202 4370 ἀρκεῖ
2224 4309 2438 4369 παρεῖναι
2467 4307 2628 4364 αὑτὸν,
2655 4306 2734 4354 καὶ
2763 4309 2921 4354 ταῦτα

711 4377 842 4426 citus
865 4374 1213 4433 multitudine,
1237 4388 1339 4422 non
1362 4373 1420 4421 in
1441 4373 1617 4421 robore
1640 4372 1771 4421 mili·
1861 4371 2018 4420 πάντα
2038 4373 2280 4421 ἀπόλωλε·
2302 4370 2472 4427 στήσει
2496 4373 2591 4430 τὴν
2612 4369 2817 4429 ἀπάτην,
2839 4373 2922 4419 καὶ

711 4446 841 4499 tum,
869 4454 971 4488 non
998 4441 1054 4488 in
1082 4440 1164 4487 An
1203 4439 1395 4487 elotum
1428 4437 1649 4496 auxili03
1683 4437 1769 4487 sed
1857 4439 2023 4499 φανεὶς
2059 4431 2336 4497 advers-S.
2371 4435 2626 4499 chrysost.
2653 4434 2809 4484 Hom.
2849 4436 2918 4484 iv.

710 4505 885 4551 statim
922 4506 979 4550 ut
1014 4502 1101 4550 illo
1139 4517 1167 4551 a
1206 4503 1415 4560 venerit,
1439 4501 1773 4551 interficietur
1857 4502 1911 4549 in
1953 4504 1983 4549 2
2016 4501 2186 4552 These.
2212 4501 2325 4565 Op„
2359 4506 2480 4551 tom.
2517 4501 2584 4549 iv.
2608 4515 2656 4564 p.
2683 4502 2795 4550 235.
2823 4499 2920 4549 lin.

711 4566 1187 4614 Antichristus.'’-—
1213 4565 1263 4612 S.
1312 4566 1455 4614 Hier.
1496 4565 1591 4628 Ep.
1636 4568 1770 4616 cxxi.
1860 4565 1960 4629 40.]
