3165 4959
989 360 1351 409 APOLOGIAM
1396 360 1762 410 RESPONSIO.
2404 351 2489 411 83

266 530 325 553 =
344 510 437 563 sed
460 549 473 561 .
494 548 506 562 .
522 549 535 562 .
552 511 685 577 qnod
701 512 794 562 sub
809 513 976 576 specie
993 513 1161 564 civilis
1181 514 1448 565 fidelitatis
1464 514 1853 577 abnegationem
1874 514 2155 565 Pontificiae
2171 517 2489 567 auctoritatis
2624 514 2711 575 64

396 594 933 659 continebat-[Bell.
957 596 1106 659 Apol.
1124 610 1216 660 pro
1238 595 1414 660 Resp]
1439 611 1487 659 p.
1509 598 1586 645 22.
1627 596 1765 660 [op.,
1789 601 1912 645 tom.
1930 597 2015 646 vii.
2034 597 2126 646 col.
2152 598 2263 650 717.
2289 598 2374 663 Α.]

353 713 382 773 l
398 759 416 774 .
465 710 643 775 Illud
683 711 1027 793 improbum
1063 719 1180 791 est,
1223 711 1387 775 illud
1416 711 1911 793 improbandum,
1957 712 2071 776 ubi
2123 714 2236 775 sub
2281 715 2486 795 specie
2511 724 2691 840 §gualo
2761 789 2773 801 ⁵

258 815 474 877 civilis
498 815 842 897 fidelitatis
889 814 1205 878 delitescit
1251 815 1579 899 abnegatio
1641 816 1992 897 Pontificiae
2052 819 2479 882 auctoritatis.
2507 805 2674 918 guffi
2693 804 2795 839 ⁶³¹·

258 918 516 982 Verum
538 918 724 981 irrito
747 926 984 982 conatu
1007 919 1128 982 hoc
1155 945 1167 982 ε
1196 920 1280 982 In
1301 919 1343 981 J
1345 926 1686 982 uramento
1710 919 1883 982 enim
1909 920 2116 1002 Regio
2141 928 2361 1004 aperte
2379 943 2481 985 res
2655 912 2672 919 ”

256 1022 531 1105 geritur,
557 1021 875 1086 delitescit
905 1022 1104 1085 nihil:
1145 1023 1495 1086 auctoritas
1524 1023 1855 1105 Pontzficis
1877 1023 2056 1087 nulla
2085 1024 2476 1107 abnegatum

256 1125 445 1188 nulla
478 1125 790 1208 (inquam)
826 1145 971 1209 quae
990 1145 1139 1189 vere
1169 1124 1502 1188 Pontificis
1533 1126 1637 1203 sit,
1659 1145 1879 1208 quaeve
1909 1126 1992 1189 ad
2013 1125 2200 1189 illum
2221 1127 2305 1191 de
2327 1129 2476 1212 jure

258 1235 549 1312 spectet:
594 1235 872 1311 negatur
923 1235 1159 1306 autem,
1208 1226 1380 1310 quod
1430 1228 1519 1291 ad
1556 1229 1763 1292 decem
1811 1229 1928 1291 illa
1994 1230 2160 1313 (quae
2211 1232 2475 1295 recitavi

259 1331 479 1412 modo)
515 1337 803 1414 potestas
834 1329 1135 1395 Pontifici
1162 1331 1298 1394 ulla
1326 1330 1432 1410 sit,
1457 1331 1538 1395 de
1561 1332 1710 1415 jure
1749 1331 2060 1414 (inquam)
2098 1333 2221 1396 sit:
2264 1334 2390 1398 nisi
2422 1334 2475 1397 si

257 1434 321 1498 ei
360 1435 470 1519 jus
520 1434 624 1513 sit,
680 1434 802 1498 sibi
848 1433 969 1518 ipsi
1011 1434 1120 1518 jus
1148 1434 1249 1498 vel
1295 1432 1592 1513 faciendi,
1625 1435 1723 1498 vel
1765 1434 2062 1498 dicendi:
2111 1435 2228 1499 ubi
2258 1438 2474 1501 Caesar

257 1537 418 1620 quid
469 1537 890 1616 contradicat,
919 1537 1021 1600 vel
1070 1537 1397 1621 Princeps,
1446 1536 1741 1615 tonandi,
1794 1536 2202 1616 fulminandi,
2255 1539 2472 1603 Chris-

255 1641 512 1703 tianum
544 1641 762 1704 orbem
794 1639 1224 1724 permiscendi
1242 1650 1292 1703 ¹¹.
1383 1641 1737 1723 Arrogasse
1767 1661 1911 1703 cam
1941 1640 2061 1704 sibi
2085 1641 2472 1725 jamdudum

255 1743 476 1807 sciunt
522 1764 766 1821 omnes,
812 1751 881 1807 at
930 1743 1042 1806 ubi
1095 1743 1380 1807 exseruit
1429 1764 1740 1825 unquam,
1790 1743 2209 1807 intercessum
2256 1765 2392 1808 esse
2433 1767 2473 1808 a

253 1848 511 1911 Caesare
533 1855 600 1910 et
633 1847 954 1931 Regibus:
1000 1846 1112 1910 ubi
1134 1868 1425 1931 unquam
1454 1853 1723 1925 exseret,
1746 1866 1998 1930 semper
2019 1846 2247 1912 itidem
2267 1847 2467 1913 inter-

251 1970 512 2013 cessum
541 1949 643 2014 ἰπὶ.

322 2093 502 2158 Neque
526 2093 701 2156 Beges,
723 2100 775 2144 et
798 2094 1059 2159 Principes
1087 2093 1336 2145 Catholici
1360 2093 1435 2144 ita
1460 2094 1558 2144 sibi
1586 2094 1749 2157 jurari
1774 2095 1952 2144 volunt
1974 2109 2004 2145 a
2026 2095 2229 2159 populis
2255 2095 2467 2146 fidelita-
2571 2105 2578 2110 ·

385 2178 508 2235 tem,
531 2180 590 2224 ιιι
623 2174 821 2225 Summi
853 2175 1117 2225 Pontificis
1145 2175 1420 2226 auctoritas
1452 2175 1963 2240 abnegetur.——[Bcll.
1990 2176 2139 2239 Apol.
2176 2191 2267 2240 pro
2288 2176 2461 2242 Resp.]

384 2271 433 2319 p.
451 2258 531 2305 22.
557 2256 690 2321 [Op.,
709 2260 830 2306 tom.
855 2257 943 2306 vii.
962 2256 1053 2307 col.
1080 2257 1190 2310 717.
1217 2254 1302 2320 Α.]

339 2374 402 2435 2.
472 2372 698 2435 Volunt
720 2394 870 2437 vero
899 2373 994 2435 ita
1023 2372 1145 2436 sibi
1158 2373 1382 2453 jurari
1419 2373 1629 2435 Coesar
1659 2379 1725 2436 et
1755 2373 1956 2455 Reyes
1987 2393 2210 2451 omnes,
2230 2381 2306 2436 ut
2338 2375 2465 2436 Izaec

249 2477 321 2537 ἱπ
371 2474 740 2539 Juramento
789 2482 1077 2557 potestas
1135 2475 1437 2540 Pontifici
1514 2475 1889 2559 denegetur,
1952 2477 2079 2539 hoec
2148 2476 2458 2561 (inquam)

238 2584 552 2659 potestas,
584 2599 727 2662 quae
758 2578 930 2658 facit,
956 2585 1030 2641 ut
1063 2578 1318 2657 Caesari,
1349 2586 1426 2641 ut
1455 2578 1609 2662 ipsis
1637 2586 1927 2663 potestas
1973 2579 2155 2641 nulla.
2202 2580 2306 2657 sit,
2339 2579 2466 2641 nisi

252 2681 340 2744 ad
385 2681 696 2765 placitum
725 2682 1079 2760 Pontificis,
1127 2682 1254 2744 nisi
1300 2682 1617 2765 tantisper
1664 2681 1820 2744 dum
1869 2682 1965 2743 illi
2014 2702 2079 2744 se
2119 2680 2200 2743 ad
2252 2681 2469 2744 omnia

253 2785 612 2869 morigeros
648 2785 1001 2870 praebeant.
1092 2785 1181 2849 Et
1224 2785 1331 2849 hic
1377 2783 1774 2849 conserenda
1802 2783 2015 2846 fuerat
2051 2804 2282 2846 manus
2312 2784 2465 2846 Car-

327 3030 452 3090 Quae
484 3031 583 3083 duo
614 3032 659 3082 si
691 3032 1037 3083 demonstrare
1065 3036 1292 3096 potuero,
1314 3031 1512 3081 nemini
1546 3030 1761 3080 dubium
1796 3030 2126 3093 relinquetur,
2162 3030 2286 3092 quin
2321 3045 2468 3081 causa

390 3111 543 3177 Regis
558 3113 765 3177 Angliae
785 3112 989 3179 propria
1010 3114 1170 3178 ipsius
1192 3113 1274 3173 sit,
1289 3127 1451 3176 neque
1473 3110 1669 3176 aliquid
1693 3126 1960 3161 commune
1981 3110 2164 3161 habeat
2188 3125 2303 3161 cum
2321 3127 2467 3162 causa

387 3193 601 3258 Regum,
639 3200 693 3246 et
738 3195 1035 3259 Principum
1078 3194 1533 3245 Catholicorume-
1545 3192 1701 3258 [Bell.
1740 3194 1892 3257 Apol.
1937 3207 2030 3257 pro
2075 3191 2247 3257 Resp]
2293 3207 2344 3257 p.
2386 3195 2464 3242 22.

391 3276 531 3341 [Op.‚
552 3280 676 3326 tom.
692 3277 780 3327 vii.
803 3276 898 3327 coL
918 3277 1030 3329 717.
1055 3276 1120 3326 A.
1148 3275 1232 3340 B.]

344 3392 541 3471 Nam,
564 3393 694 3456 nisi
716 3393 1143 3475 decemplicem
1172 3413 1317 3455 eam
1339 3397 1723 3475 potestatem
1744 3391 2042 3456 Pontifici
2074 3412 2189 3456 suo
2219 3412 2464 3454 asseru-

253 3497 421 3561 erit:
469 3495 723 3560 etiamsi
753 3496 873 3559 duo
919 3497 1034 3559 illa
1079 3496 1614 3573 demonstraverit,
1646 3515 1789 3578 quae
1834 3495 1956 3558 sibi
2001 3494 2209 3571 finxit,
2251 3514 2335 3557 ne
2377 3494 2467 3556 sic

251 3600 518 3684 quidem
578 3600 921 3684 quicquam
968 3598 1190 3683 egerit.
1282 3599 1592 3676 Potestas,
1646 3618 1789 3680 quae
1842 3598 2112 3678 propria
2165 3595 2467 3658 Pontifici

252 3703 359 3782 sit,
389 3703 494 3767 vel
532 3724 670 3782 sua,
713 3703 889 3767 haud
932 3702 1068 3766 ulla
1116 3701 1210 3766 ibi
1254 3707 1535 3784 negatur.
1629 3701 1805 3763 Nam
1859 3720 2001 3782 quae
2039 3703 2324 3780 necatur,
2374 3698 2469 3760 ita

250 3807 444 3890 plane
478 3807 558 3870 de
588 3805 1157 3890 extravagantibus
1190 3811 1307 3883 est,
1340 3811 1521 3869 extra
1558 3803 1670 3887 jus
1701 3808 1768 3866 et
1790 3801 1958 3886 juris
1986 3801 2261 3883 regulae,
2307 3821 2469 3883 prae-

250 3910 479 3974 sertim
525 3910 983 3989 Ecclesiastici,
1028 3917 1106 3973 ut
1164 3930 1284 3972 nec
1338 3906 1699 3972 cardinalis
1757 3905 1896 3988 ipse
1943 3903 2279 3968 Pontificis
2330 3924 2468 3967 esse

251 4034 397 4077 eam
420 4013 632 4077 adhuc
663 4034 858 4077 ausus
883 4013 966 4077 sit
998 4014 1312 4076 affirmare
1339 4038 1352 4074 ε
1385 4008 1675 4086 Exorari,
1706 4008 1942 4092 urgeri,
1975 4007 2148 4090 adigi
2176 4007 2467 4070 nondum

246 4119 487 4201 potuit,
519 4118 797 4182 necdum
826 4123 1060 4201 potest,
1090 4123 1167 4180 ut
1196 4114 1562 4199 oppositum
1604 4118 1846 4175 asserat
1880 4110 2073 4174 ullius
2123 4111 2198 4173 de
2231 4130 2465 4191 propo-

249 4223 583 4285 sitionibus
625 4223 729 4301 iis,
761 4241 905 4304 quae
942 4220 1159 4283 nativa
1209 4217 1502 4283 membra
1552 4221 1705 4279 sunt
1751 4215 2106 4278 Juramenti
2149 4214 2353 4296 Reyii,
2400 4221 2467 4277 et

250 4324 485 4408 quibus
508 4345 770 4390 omnem
792 4330 1180 4407 potestatem
1199 4343 1343 4385 eam
1363 4319 1733 4402 complexus
1752 4325 1871 4396 est,
1897 4338 2089 4400 quam
2113 4339 2151 4380 a
2174 4317 2304 4379 suis
2327 4317 2465 4380 vult

247 4429 577 4513 abnegari.
670 4429 1055 4492 Pete-etatem
1100 4424 1502 4529 POMfficiam
1532 4420 1851 4504 abnegari,
1875 4421 2162 4485 inculcat
2192 4442 2462 4503 semper,

938 4604 960 4627 υ
995 4595 1091 4660 [οε.
1116 4594 1375 4659 Aristoph.
1402 4593 1622 4645 Acharn.
1649 4592 1781 4657 505]

1814 4691 1856 4739 o
1902 4679 1943 4740 2
