3165 4959
980 349 1346 402 Aromcmu
1390 352 1752 402 RESPONSIO.
2341 340 2467 403 235

249 511 591 590 salutetur,
624 511 917 575 devotius
957 510 1291 576 invocetur
1332 511 1411 574 B.
1436 510 1661 594 Virgo,
1711 529 1905 594 quam
1936 510 2038 573 vel
2083 505 2283 573 Filius
2328 511 2470 593 ejus

248 613 442 696 ipse?
531 614 759 693 Aiunt,
795 614 907 697 qui
935 613 1089 677 inde
1140 614 1268 677 huc
1303 612 1384 676 ad
1419 633 1538 677 nos
1568 612 1879 677 redeunt:
1925 633 2046 676 nec
2073 613 2208 676 ulla
2235 633 2307 676 re
2334 612 2471 676 laesi

250 717 463 800 magis
494 738 718 781 eorum
759 716 978 796 animi,
1012 738 1206 800 quam
1244 716 1381 799 (ubi
1419 716 1717 799 legerunt
1748 715 2177 795 cardinalem,
2211 715 2470 781 delicias

249 822 349 884 ita
375 820 768 904 facientem,)
806 820 978 903 quod
1013 829 1152 884 tam
1193 841 1478 884 crassam
1506 820 1601 884 ibi
1628 819 1851 903 populi
1883 819 2085 884 totius
2126 818 2470 903 superstio-

252 944 413 987 nem
462 923 768 989 videant:
844 932 911 987 et
969 923 1218 1007 praxin,
1280 943 1360 986 ex
1416 930 1559 988 tota
1616 922 1956 1004 diametro,
2015 922 2270 1006 scriptis
2328 922 2467 1006 ejus

258 1026 679 1091 contrariam.

326 1163 401 1212 At
416 1161 688 1226 prudentes
705 1166 757 1212 et
771 1162 898 1212 bene
916 1162 1142 1211 instituti
1157 1160 1426 1223 Catholici,
1447 1175 1610 1224 neque
1625 1159 1826 1222 Divam,
1850 1176 2013 1225 neque
2027 1160 2187 1211 Deam
2208 1164 2472 1212 vocant.—

393 1243 541 1309 [Bell.
557 1243 705 1308 Apol.
721 1259 813 1308 pro
836 1242 1006 1308 Resp]
1029 1258 1079 1307 p.
1094 1243 1172 1293 94.
1199 1243 1333 1307 [Op.,
1350 1248 1458 1293 tom
1480 1243 1568 1291 vii.
1596 1243 1687 1292 col.
1712 1244 1827 1295 757.
1846 1242 1927 1307 B.]

347 1343 593 1407 Verum
626 1344 990 1425 prudentes,
1028 1348 1090 1406 et
1131 1342 1279 1405 bene
1324 1343 1603 1405 instituti
1639 1343 1967 1421 Catholici,
2001 1343 2171 1426 apud
2201 1364 2330 1420 vos,
2360 1364 2473 1406 nec
2531 1359 2690 1422 Virgo

262 1446 495 1508 Divam
533 1451 775 1524 vocant,
806 1466 918 1508 nec
952 1446 1174 1509 Deam.
1263 1446 1422 1509 Non
1465 1446 1698 1507 Divam
1716 1447 1750 1508 ?
1840 1447 2052 1524 Certe,
2099 1445 2204 1510 cui
2247 1445 2474 1529 religio
2498 1426 2762 1539 Βζζζζζᾶ,

261 1549 371 1627 sit,
413 1550 584 1629 (cum
626 1550 706 1613 de
749 1548 1005 1612 Sanctis
1050 1548 1284 1632 agitur)
1323 1548 1477 1611 Divi
1519 1568 1763 1626 vocem,
1795 1549 1895 1613 vel
1923 1550 2101 1611 Divae
2142 1570 2471 1632 usurpare,
2499 1552 2620 1617 tun]

258 1651 369 1715 vix
410 1651 645 1735 (credo)
680 1651 980 1734 reperias.
1071 1649 1348 1714 Incessit
1391 1672 1598 1734 nuper
1638 1651 2046 1715 Cardinalem
2084 1652 2472 1735 superstitio,

259 1763 339 1818 ut
370 1775 489 1818 sua
517 1775 1004 1838 recognoscens,
1028 1775 1250 1818 vocem
1273 1754 1452 1817 illam
1480 1755 1560 1817 de
1593 1754 1844 1837 scriptis
1877 1754 2009 1818 suis
2039 1755 2472 1839 dispungeret,

262 1858 439 1941 quod
485 1879 623 1921 eam
667 1880 790 1922 non
828 1859 1132 1921 inveniret
1173 1858 1345 1939 apud
1377 1863 1615 1921 veteres
1653 1858 1920 1921 Latinos
1962 1857 2247 1922 Patr-esd.
2341 1857 2476 1922 Ubi

261 1983 438 2045 erg0,
470 1963 567 2044 (ut
594 1961 867 2046 videtur)
896 1961 1167 2025 subinde
1197 1961 1258 2026 ei
1288 1962 1565 2026 occurrit
1592 1961 2304 2026 Transubstantiationis
2331 1984 2474 2040 vox,

262 2075 330 2129 et
367 2066 890 2143 Concomitantiae,
923 2073 989 2128 et
1020 2065 1449 2146 Hyperduliae.
1541 2064 1739 2128 Ridet
1789 2066 2110 2130 rationem
2161 2064 2472 2129 SerariuS.

270 2170 500 2233 AEdem
542 2190 792 2233 sacram
836 2189 957 2231 non
1000 2170 1281 2249 reperias
1325 2168 1496 2250 apud
1539 2168 1773 2232 Patres
1816 2170 2128 2252 Templum
2169 2175 2476 2232 vocatam.

264 2274 359 2336 Et
389 2279 596 2336 tamen
625 2274 765 2354 quis
804 2274 919 2335 hoc
962 2272 1230 2334 nominis
1258 2271 1535 2354 reficyiat
1565 2273 1782 2335 hodiee
1805 2273 1839 2335 ?
1926 2273 2111 2352 Tum,
2145 2273 2311 2355 quod
2331 2271 2479 2334 Diis

266 2361 507 2441 tantum
538 2377 732 2439 tribui
773 2377 970 2439 soleat
987 2373 1023 2454 f,
1058 2395 1202 2458 quse
1235 2382 1456 2438 tamen
1485 2375 1683 2439 etiam
1714 2375 1952 2440 Caesari
1994 2376 2260 2455 tributa,
2293 2377 2478 2459 cujus

266 2483 525 2546 Divales
554 2483 781 2563 apices,
814 2489 879 2543 et
914 2481 1177 2543 Sacram
1206 2479 1514 2555 Divalm,
1548 2478 1877 2545 Cardinali
1913 2479 2146 2563 (credo)
2187 2481 2478 2544 nondum

266 2586 590 2673 excidisse.
676 2581 1073 2649 Ἰδιοπάθεια
1101 2585 1240 2649 haec
1271 2585 1631 2649 Cardinalis
1664 2592 1779 2647 est.
1870 2585 2037 2648 Aliis
2069 2584 2264 2663 enim,
2298 2605 2475 2648 scru-

264 2690 457 2773 pulus
485 2690 721 2765 nullus,
753 2690 987 2754 Divam
1016 2687 1307 2752 vocandi.
1377 2687 1548 2750 Vide
1582 2686 1927 2750 Serarium.
2003 2688 2230 2750 Vocari
2245 2692 2477 2767 potest,

263 2798 641 2870 sanctorum,
672 2793 801 2855 sive
823 2793 1154 2870 hominum,
1184 2792 1314 2854 sive
1332 2791 1714 2873 Angelorum
1745 2789 2018 2871 quilibet,
2050 2790 2271 2853 Divus.
2328 2790 2480 2851 Cam

266 2896 390 2958 Dei
418 2896 549 2957 veri
579 2897 912 2977 proprium
956 2895 1327 2958 attributum
1365 2914 1487 2956 non
1515 2894 1621 2971 sit,
1652 2899 1822 2955 recte
1851 2898 2065 2975 potest
2102 2894 2265 2955 veris
2298 2893 2481 2974 hujus

249 2998 541 3079 famulis,
562 2999 897 3080 amicisque
926 2998 1119 3061 tribui
1130 3006 1174 3061 8.
1239 2996 1408 3060 Vide
1431 2997 1528 3060 vel
1550 2996 1843 3079 Lipsium
1876 2996 2225 3080 (sapientiae
2255 2996 2480 3079 utique

266 3109 333 3165 et
363 3102 696 3164 literarum
728 3101 1136 3183 Antistitem)
1174 3107 1367 3184 atque
1400 3101 1541 3184 ejus
1571 3100 1802 3162 Divam
1834 3099 2184 3183 geminam,
2216 3100 2479 3162 Hallen-

265 3202 451 3283 semh,
485 3211 551 3268 et
580 3202 1038 3285 Aspricollemi.
1128 3204 1337 3267 -Frons
1382 3203 1525 3287 ipsa
1565 3224 1791 3267 vocem
1833 3202 2111 3286 praefert,
2151 3210 2217 3267 et
2259 3209 2481 3267 vertex

268 3309 581 3392 cujusque
627 3306 899 3390 paginae.
1016 3307 1226 3389 Legas
1271 3306 1364 3370 ibi
1416 3307 1558 3390 plus
1610 3308 1869 3385 centies,
1922 3330 2006 3371 ne
2057 3308 2483 3389 imprudenter

256 3416 447 3492 putes
476 3409 825 3489 excidissej,
859 3418 926 3474 et
954 3431 1107 3474 voce
1137 3409 1411 3492 integra,
1440 3431 1526 3473 ne
1556 3409 1816 3493 capitali
1842 3411 2030 3474 litera
2059 3410 2383 3493 scriptam,
2405 3432 2481 3474 ne

266 3516 353 3579 D.
374 3536 501 3595 pro
527 3515 608 3577 B.
647 3515 1088 3596 Typoyraphos
1117 3515 1256 3595 quis
1274 3519 1457 3594 putet
1486 3513 1877 3576 substituisse
1889 3512 1936 3592 ¹¹,
1967 3512 2166 3595 legas,
2199 3533 2234 3575 ο
2265 3513 2433 3574 Diva
2457 3539 2475 3573 .-

269 3625 356 3697 et,
389 3639 424 3681 ο
453 3619 624 3681 Diva
649 3618 977 3681 Divaram.
1067 3616 1385 3700 Denique,
1416 3637 1628 3699 neque
1658 3637 1735 3679 ea
1762 3636 1915 3679 voce
1958 3616 2057 3678 uti
2086 3615 2346 3693 veritus,
2377 3614 2480 3679 vel

267 3730 434 3801 tum,
466 3744 614 3786 cum
646 3722 728 3785 ad
759 3722 1029 3785 Paulum
1054 3722 1192 3805 jam
1225 3720 1606 3785 Pontificem
1636 3718 1943 3782 scriberet
1961 3716 1996 3781 ¹.
2086 3723 2306 3801 Atque
2341 3717 2481 3782 haec

335 3867 358 3899 ⁴
392 3866 563 3996 [gelu]
598 3867 778 3930 Recog.
818 3882 867 3931 p.
893 3868 939 3915 2.
977 3866 1109 3931 [Op.,
1144 3869 1268 3915 tom.
1291 3866 1327 3914 i.
1414 3862 1609 3993 [p'hssff
1639 3927 1761 3991 Lips

268 3948 318 3997 p.
337 3934 363 4031 Ξ
382 3997 435 4062 [“
452 3971 538 4045 An
559 3995 693 4060 apud
715 3998 910 4046 veteres
929 3995 1137 4045 Latinos
1157 3995 1330 4044 Patres
1416 3993 1669 4043 Beneficia
1701 3993 1808 4056 ejus
1842 3998 1895 4041 et
1919 3991 2164 4041 Miracula
2193 3991 2294 4040 fide
2326 3995 2480 4054 atque

269 4078 411 4113 sacra
432 4062 835 4111 Christianorum
858 4059 1008 4120 aedes,
1027 4060 1329 4120 Ecclesiave,
1415 4059 1593 4108 ordine
1615 4059 1882 4121 descripta.
1916 4058 2070 4106 Antv.
2098 4054 2270 4120 1604]

1763 3928 1802 3977 ii
1841 3926 1974 3976 Diva
2009 3925 2170 3989 Virgo
2206 3920 2480 3976 Hallensis.

268 4126 520 4191 templum
548 4128 759 4202 vocata?
824 4125 893 4175 Bt.
919 4125 1136 4202 tamen?
1169 4130 1330 4174 etc.—
1446 4122 1491 4201 '¹
1527 4123 1579 4187 [J
1585 4161 1595 4172 .
1622 4123 1784 4199 Lipsii
1812 4122 1944 4199 Diva
1966 4121 2145 4197 Virgo·
2167 4120 2479 4197 Sichemien-

270 4192 387 4242 Nic.
425 4190 609 4241 Sex-arii
648 4191 901 4241 Limnen&
937 4190 1025 4238 hb.
1050 4191 1104 4238 ix.
1142 4189 1329 4247 Quaest.
1418 4203 1487 4238 sis
1503 4204 1591 4237 seu
1615 4187 1926 4251 Aspricollm
1951 4201 2082 4236 nova
2103 4201 2209 4248 ejus
2227 4185 2483 4235 Beneficus

270 4258 412 4353 νὴ).
431 4258 508 4305 64.
535 4255 640 4305 Col.
662 4256 876 4320 Agripp.
902 4253 1069 4318 1609]
1168 4317 1191 4349 d
1419 4257 1473 4303 ct
1487 4252 1804 4357 ³admiranda.
1842 4251 1997 4300 Antv.
2024 4250 2188 4315 1605]

336 4395 361 4427 .
399 4319 847 4451 {Pegassoe‘zffi
858 4320 1335 4434 ⁸2335333..31..1.
1424 4388 1529 4432 n...
1552 4316 1731 4458 235¹*
1777 4315 1956 4378 ΒΜ·
2007 4330 2056 4379 ¹²·
2093 4319 2138 4365 ²³·
2190 4315 2277 4379 [¹¹²
2316 4328 2483 4378 ‘m’

268 4466 413 4530 mum
436 4449 579 4527 falsis
607 4450 713 4499 suis
748 4450 863 4526 Diis
895 4450 1184 4534 tribuerunt
1208 4449 1335 4525 Gen·
1489 4446 1513 4478 ¹¹
1573 4445 1736 4523 lb1d.]·
1770 4511 1781 4524 ·
2178 4510 2188 4523 .

268 4518 402 4576 tiles,
439 4514 494 4563 nd
537 4530 654 4564 cum
690 4530 798 4564 ven
833 4514 946 4574 Dei,
1012 4519 1105 4563 etc.
1128 4540 1194 4550 —-
1219 4514 1334 4562 Nic.
1487 4511 1501 4544 ¹
1569 4516 1600 4538 “
1626 4512 1787 4560 Em1s1
1831 4509 1927 4561 hoc
1969 4524 2102 4561 anno
2153 4510 2311 4560 libros
2345 4509 2485 4569 duos,

269 4580 484 4643 Sem-ii]
518 4580 686 4630 Litan.
740 4580 848 4643 [lib.
888 4579 963 4643 ii]
1003 4578 1235 4643 Quaest]
1270 4581 1334 4629 vi.
1424 4578 1663 4641 priorem,
1686 4592 1786 4641 quo
1809 4576 2052 4627 miracula
2072 4582 2125 4627 et
2145 4576 2319 4626 laudes
2341 4568 2488 4625 Divoe
