3165 4959
735 312 868 372 434
1364 327 1449 372 ΑΒ
1493 318 1875 372 malumus
1918 324 2317 372 samnium

743 478 916 542 Saul.
1028 478 1435 541 Auctoritate
1495 478 1669 541 enim
1739 499 1853 539 sua
1921 477 2270 541 exercitum
2329 476 2727 559 conscripsit,
2788 496 2940 538 con-

742 582 978 665 scripto
1024 582 1215 665 plena
1258 588 1576 665 potestate
1629 580 1899 665 praefuit.
2013 580 2281 660 Victori,
2337 580 2507 664 quod
2557 580 2628 641 in
2680 578 2943 660 Mispha

733 686 871 769 jam
900 685 1129 748 habuit
1158 706 1450 767 regnum,
1498 685 1568 747 in
1602 684 1819 767 Gilgal
1853 705 2020 747 novo
2066 684 2198 747 ritu
2242 684 2709 747 confirmatum.
2800 682 2942 744 Nec

741 808 862 850 vox
911 786 1155 868 ‘facere
1177 790 1197 819 ³
1245 787 1338 850 ibi
1381 787 1720 872 quicquam
1769 794 1955 850 sonat
1999 786 2192 864 aliud,
2242 808 2435 870 quam
2477 786 2822 848 innovare:
2866 792 2939 846 ut

740 911 862 954 nec
894 912 1013 954 vox
1045 896 1063 924 ‘
1082 891 1386 973 Eleyistis
1403 892 1422 921 ’
1470 890 1765 973 sequenti
1796 890 2023 973 capite,
2058 911 2270 971 quam,
2318 889 2411 952 sic
2448 890 2520 951 in
2565 888 2866 951 Electum
2906 908 2945 948 a

742 993 886 1057 Deo
916 993 1294 1071 consentire,
1336 1001 1410 1055 ut
1442 992 1776 1056 dissentire
1803 1001 2025 1055 tamen
2065 993 2119 1054 si
2147 992 2324 1069 velis,
2350 1012 2637 1074 nequeas
2659 1016 2678 1065 ;
2728 1010 2941 1072 quam,

741 1102 816 1158 ut
847 1096 1185 1175 Electioni,
1217 1118 1255 1159 a
1283 1096 1424 1160 Deo
1454 1096 1544 1159 sic
1573 1096 1779 1173 factae,
1811 1095 2073 1159 libertas
2100 1095 2281 1157 nulla
2318 1095 2542 1158 relicta
2580 1095 2664 1156 sit
2695 1093 2944 1155 dissen-

741 1198 964 1262 tiendi.

832 1302 915 1364 In
944 1309 1084 1364 tota
1121 1309 1339 1364 tamen
1377 1301 1484 1364 hic
1524 1321 1614 1379 re,
1660 1299 2027 1383 argumenti
2067 1299 2255 1383 Regii
2282 1299 2411 1361 vim
2449 1298 2732 1382 prudens
2764 1298 2945 1361 dissi-

501 1410 636 1472 314
743 1405 964 1467 mulat.
1083 1404 1163 1468 Id
1210 1405 1384 1468 enim
1443 1411 1737 1467 causatus
1797 1405 1955 1480 Rex,
2020 1402 2369 1486 plurimum
2427 1403 2660 1465 merito
2726 1411 2943 1465 autem

744 1515 1057 1585 causatus,
1103 1507 1273 1590 quod
1326 1507 1538 1569 dolosa
1584 1505 1692 1569 hic
1738 1505 2012 1569 nimium
2061 1505 2418 1569 Cardinalis
2474 1489 2718 1568 statera
2737 1515 2781 1566 ¹.
2873 1506 2943 1568 Si

742 1611 1101 1673 consentiat
1144 1610 1215 1672 in
1253 1610 1498 1692 Regem
1535 1610 1826 1690 populus,
1876 1608 1930 1671 si
1970 1629 2297 1672 consensu-s
2330 1608 2665 1690 popularis
2708 1606 2943 1670 alicubi

741 1714 980 1796 injecta
1008 1713 1272 1789 mentiO,
1306 1721 1404 1775 sat
1433 1713 1502 1775 in
1534 1734 1611 1775 ea
1639 1732 1789 1775 voce
1819 1712 2133 1775 momenti
2164 1712 2307 1790 erit,
2338 1718 2413 1774 ιιι
2430 1731 2626 1792 penes
2642 1712 2944 1792 populum

744 1816 940 1898 Regis
959 1815 1206 1894 electio,
1231 1822 1306 1878 ut
1328 1815 1479 1899 eligi
1509 1836 1548 1877 a
1567 1816 1800 1897 populo
1826 1816 2090 1897 Regem,
2118 1814 2475 1879 Cardinalis
2496 1814 2717 1876 statim
2739 1814 2945 1876 fiden-

739 1925 842 1980 ter
888 1926 1144 1981 asserat.
1234 1920 1325 1982 At
1369 1925 1621 1981 mutata
1664 1918 1798 1982 vice
1836 1919 1995 2001 jam,
2028 1918 2252 1981 eadem
2283 1917 2338 1979 si
2366 1938 2487 1981 vox
2529 1917 2948 1994 interveniat,

739 2019 962 2082 eadem
1011 2020 1064 2082 si
1111 2041 1232 2096 res,
1284 2020 1512 2100 Populi
1558 2041 1790 2102 nempe
1842 2041 2167 2083 cmi-<semus
2216 2020 2288 2082 in
2338 2020 2659 2103 Episcopo
2706 2020 2947 2083 consti·

738 2121 1000 2199 tuende,
1060 2123 1241 2184 nulla
1281 2122 1352 2184 in
1400 2143 1553 2186 voce
1606 2123 1719 2201 vis,
1763 2131 1836 2187 ut
1884 2123 2216 2207 eligendus
2259 2144 2336 2187 ex
2381 2144 2458 2185 ea
2503 2123 2861 2207 Episcopus
2908 2146 2948 2185 a

731 2224 974 2305 popula.
1063 2225 1162 2287 Ex
1201 2229 1503 2288 oon-sensu
1538 2225 1629 2289 ibi
1674 2248 1807 2289 non
1852 2227 2139 2309 sequitur
2168 2226 2412 2290 electio·
2500 2227 2591 2289 Et
2621 2247 2706 2289 en
2747 2234 2947 2290 state-

736 2347 874 2390 ram
906 2325 1205 2391 dolosam.
1294 2328 1399 2390 En
1426 2328 1677 2408 pondus
1704 2329 1773 2391 in
1805 2347 2117 2407 consensu,
2151 2336 2216 2392 et
2238 2329 2508 2410 pondus,
2537 2327 2680 2392 leve
2694 2330 2958 2410 pondus

737 2429 819 2494 ad
849 2431 1212 2513 Epi-scopos,
1258 2451 1454 2514 yrave
1494 2432 1575 2495 ad
1618 2431 1818 2514 Reyes
1855 2431 2204 2515 eligendos,
2238 2431 2407 2515 quod
2450 2432 2519 2495 in
2547 2431 2826 2514 Reyibm
2865 2432 2950 2496 ad

739 2534 1118 2598 electionem
1148 2534 1481 2618 ponderet,
1511 2535 1581 2597 in
1606 2534 1938 2617 Epi-scopis
1966 2557 2101 2599 non
2129 2535 2254 2599 nisi
2283 2535 2365 2599 ad
2392 2536 2859 2599 testimonium.

805 2670 1055 2729 Quoniam
1078 2709 1091 2722 .
1117 2708 1128 2719 .
1156 2710 1166 2721 .
1195 2675 1361 2722 exstat
1397 2671 1599 2735 publice
1633 2671 1771 2722 edita
1805 2675 1820 2697 ‘
1838 2672 1989 2722 Actio
2024 2674 2081 2722 in
2105 2672 2433 2723 Garnettnm'
2465 2673 2614 2737 plena
2649 2673 2948 2730 mendaciis,

874 2757 928 2801 et
949 2753 1091 2802 brevi
1112 2753 1334 2802 exstabit
1357 2752 1629 2814 responsio,
1653 2789 1665 2801 .
1692 2789 1703 2800 .
1728 2788 1740 2800 .
1765 2752 1828 2802 ad
1863 2753 2007 2802 illam
2038 2752 2299 2804 Lectorem
2331 2753 2775 2819 remitto—[Bell.
2798 2755 2952 2819 Apol.

868 2848 960 2897 pro
975 2834 1142 2899 Resp]
1176 2851 1224 2898 p.
1251 2834 1360 2886 177.
1397 2833 1531 2899 [op.,
1554 2839 1677 2883 tom.
1697 2834 1784 2883 vii.
1808 2833 1898 2883 col.
1924 2836 2035 2884 804.
2062 2834 2145 2899 R]
2602 2848 2606 2851 ⁴

445 2946 592 2996 Actio
616 2947 671 2995 in
828 2935 1072 3000 Quodsi
1114 2936 1271 3018 jam,
1306 2956 1382 2997 ea
1412 2933 1737 2998 Cardinali
1782 2956 1963 2998 mens
1993 2936 2092 2998 vel
2131 2935 2327 3015 frons,
2356 2943 2432 2999 ut
2477 2958 2618 3019 quae
2653 2957 2773 3019 pro
2805 2938 2949 3000 'rri-

412 3016 715 3138 haffissffl
739 3035 958 3099 bunah'
1026 3045 1204 3120 gesta
1277 3046 1426 3101 sunt
1495 3038 1893 3120 publicisque
1959 3039 2196 3103 tabulis
2266 3039 2660 3121 consignata,
2722 3048 2947 3105 tamen

411 3139 610 3215 nppnda·
737 3140 1076 3202 mendaciis
1098 3141 1290 3220 plena
1321 3140 1594 3203 scribere
1629 3163 1763 3204 non
1799 3141 2015 3224 pigeat
2041 3168 2054 3204 ε
2100 3143 2408 3225 majorem
2450 3141 2642 3204 fidem
2675 3142 2950 3207 Jesuitae

408 3203 545 3266 cua]
739 3240 955 3304 Siculo
973 3251 995 3280 ⁸
1029 3241 1391 3305 habendam
1425 3251 1698 3322 censeat,
1742 3245 1840 3325 (ex
1869 3245 2370 3326 Transfugarum
2409 3251 2798 3323 nostrorum,
2831 3254 2950 3308 aut

735 3344 1127 3427 perditorum
1159 3344 1413 3408 Civium
1452 3345 1780 3424 relatione,
1824 3368 1967 3410 vere
2014 3348 2355 3410 mendaciis
2392 3349 2606 3428 plena,
2650 3347 2948 3411 libellum

735 3447 1201 3511 consarcinanti
1227 3449 1265 3530 ε)
1323 3470 1514 3532 quam
1562 3450 1764 3532 Requi
1814 3451 2129 3529 Archivis,
2179 3449 2370 3533 idque
2413 3449 2493 3513 de
2544 3471 2634 3528 re,
2685 3472 2799 3533 per
2843 3459 2951 3515 tot

735 3551 1053 3630 Proceres,
1101 3552 1379 3634 aliosque
1410 3574 1488 3616 ex
1523 3553 1699 3616 omni
1730 3553 1953 3617 ordine
1998 3553 2384 3631 innumerOS,
2432 3553 2640 3616 adhuc
2683 3553 2756 3615 in
2784 3554 2953 3616 vivis

733 3659 1004 3732 testata3
1059 3655 1201 3736 quis
1253 3677 1386 3718 non
1430 3654 1573 3738 plus
1625 3655 1860 3717 mentis
1919 3656 2032 3734 illi,
2093 3655 2309 3719 minus
2359 3656 2589 3719 frontis
2636 3664 2898 3739 exoptet
2919 3658 2949 3719 ἲ

735 3756 869 3824 Qui
912 3757 1005 3820 ita
1030 3757 1222 3820 fidem
1252 3757 1506 3835 habeat,
1539 3757 1679 3840 quis
1710 3756 1770 3819 ei
1809 3756 2001 3820 fidem
2041 3757 2274 3821 habeat
2299 3758 2327 3820 ΣΡ
2374 3758 2515 3841 quis
2550 3759 2621 3820 in
2656 3758 2950 3840 reliquis,

729 3858 803 3921 in
855 3859 1314 3923 controversiis
1364 3859 1556 3923 fidem
1610 3860 1746 3942 ejus
1798 3868 2152 3943 suspectam
2202 3881 2334 3924 non
2385 3860 2637 3939 habeat,
2686 3861 2798 3943 qui
2837 3863 2957 3924 cui

730 3961 919 4040 volet,
951 3968 1016 4025 et
1047 3969 1360 4045 quantum
1396 3963 1586 4040 volet,
1626 3962 1858 4041 credat,
1906 3985 2025 4026 nec
2068 3964 2194 4026 nisi
2230 3964 2445 4027 volet?
2538 3963 2795 4043 Credat,
2828 3965 2952 4029 ubi

729 4065 886 4143 vult,
934 4064 1340 4147 quantumvis
1392 4086 1431 4128 a
1479 4064 1605 4128 fide
1658 4065 2080 4130 abhorreant:
2127 4066 2243 4130 ubi
2285 4089 2417 4130 non
2458 4067 2614 4144 vult,
2647 4067 2952 4131 occludat

732 4188 933 4245 aurea,
965 4167 1262 4231 obfirmet
1303 4166 1611 4244 animum,
1645 4169 2051 4249 quantumvis
2079 4168 2205 4232 fide
2234 4168 2430 4251 digna
2459 4168 2606 4230 sint.
2697 4171 2955 4233 Annon

798 4345 816 4369 ¹
850 4334 1016 4463 [ει-ον.
1041 4336 1109 4386 xi.
1135 4336 1205 4413 1.]
1246 4401 1258 4413 ⁶
1880 4338 2056 4401 Coqui‚
2107 4339 2356 4402 Apologia
2398 4352 2489 4414 pro
2534 4337 2593 4386 R.
2630 4337 2688 4387 P.
2718 4336 2958 4417 Hem-ico

797 4408 814 4430 ⁸
919 4399 1104 4449 idelib.
1123 4416 1205 4450 cui
1219 4400 1413 4461 titulus,
1437 4400 1521 4450 ‘R
1538 4401 1592 4450 P.
1611 4400 1785 4450 Eudae-
1878 4404 2098 4452 Garncto
2155 4403 2339 4466 Anglo,
2393 4402 2617 4465 ejusdem
2686 4411 2959 4454 societatis

731 4476 850 4511 mon
864 4462 897 4510 J
901 4466 1077 4512 oannis
1092 4463 1308 4525 Cydonii
1331 4480 1357 4515 e
1380 4465 1627 4516 Societate
1647 4466 1680 4514 J
1684 4481 1784 4524 esu,
1873 4468 2138 4517 sacerdote.
2168 4468 2272 4518 Col.
2297 4469 2418 4529 Agr.
2445 4467 2631 4529 16105]

730 4525 794 4570 ad
839 4526 1088 4574 actionem
1144 4528 1474 4588 proditoriam
1531 4529 1784 4600 Edouardi
