3165 4959
550 3451 680 3515 288

785 306 915 370 398
1406 319 1492 366 An
1535 317 1921 366 ‹mmmAms
1963 315 2364 365 Bmm1

798 477 955 556 (non
984 476 1085 540 vel
1114 478 1292 540 Avus
1315 474 1673 540 Cardinalis
1706 473 2018 537 Ricardus
2038 472 2089 555 ι’)
2139 495 2275 537 non
2317 472 2461 536 dico
2489 472 2644 555 quid
2672 471 3011 555 faetta-ns,

788 587 962 644 certe
992 579 1248 663 quidem
1289 599 1420 642 non
1460 577 1617 662 quid
1641 581 1916 661 ficturus
1955 578 2405 640 Antichristus.
2493 576 2698 660 Plaga
2725 597 2884 640 vero
2914 577 3009 639 ibi

786 688 1070 747 sanatur.
1159 682 1317 745 Non
1365 688 1634 744 sanatur
1678 688 1895 744 autem
1945 680 2150 763 plaga,
2197 680 2323 742 nisi
2372 681 2541 742 seria
2562 706 2581 740 :
2635 680 3006 742 simulatam

784 783 996 847 sanari
1040 783 1205 847 nihil
1248 804 1426 866 opus.
1516 783 1781 847 Favebit
1833 783 2301 864 equivocatiom'
2354 783 2452 865 (ut
2492 780 2776 862 videtur)
2811 783 3003 844 Anti-

784 887 1072 964 choistns,
1113 887 1423 967 aequivoca
1453 886 1574 949 hac
1597 887 1796 969 playa
1827 907 1959 963 sua,
1991 886 2301 967 aequivoca
2327 886 2621 948 sanitate.
2712 885 2862 948 Nos
2893 885 3001 967 qui

781 988 921 1051 istis
951 1009 1082 1051 non
1114 988 1518 1067 assuevimus,
1546 989 1590 1051 J
1591 1009 1866 1053 oannem
1893 988 2000 1052 hic
2029 1008 2291 1051 narrare
2320 987 2658 1065 credimus,
2690 1010 2840 1070 quae
2868 988 2999 1050 fac-

782 1097 968 1153 turus
998 1091 1099 1170 sit,
1133 1112 1265 1155 non
1280 1089 1552 1171 ficturus
1580 1091 2031 1154 Antichvistus.
2108 1089 2371 1156 Quanto
2400 1090 2507 1154 hic
2538 1092 2681 1154 Rex
2708 1091 2957 1155 rectius
2970 1092 2999 1152 ’ἓ

790 1195 991 1275 Caput
1035 1194 1216 1273 illud,
1247 1194 1467 1273 Roma,
1499 1194 1712 1257 Romae
1739 1194 2096 1275 Imperium,
2144 1193 2315 1277 quod
2356 1193 2552 1257 modo
2579 1215 2717 1258 nou
2750 1195 3000 1257 extinc-

782 1303 949 1375 tum,
983 1297 1261 1381 graviter
1289 1297 1548 1381 quidem
1578 1297 1886 1361 afflictum
1932 1318 1971 1359 a
2001 1296 2268 1362 Gotthis
2302 1304 2370 1361 et
2399 1296 2735 1374 Vandalis,
2772 1304 2998 1359 curata

784 1408 1005 1464 tamen
1051 1401 1253 1483 playa
1304 1401 1461 1484 ejus,
1520 1398 1687 1463 vires
1745 1420 1910 1483 pene
1968 1398 2268 1482 pristinas
2325 1406 2470 1481 post
2527 1399 2799 1481 recepit,
2852 1419 2998 1462 cum

785 1512 1152 1586 exsurgeret
1185 1504 1265 1568 de
1293 1525 1479 1582 novo,
1512 1509 1579 1567 et
1609 1503 2058 1587 grandesceret
2099 1502 2171 1565 in
2216 1502 2377 1566 serie
2406 1503 2736 1583 Paparum
2769 1503 2996 1564 Roma-

793 1628 911 1671 nus
938 1609 1388 1672 Antichristus.
1465 1608 1571 1672 Ibi
1600 1610 1822 1691 Caput,
1851 1607 1944 1671 ibi
1973 1606 2161 1690 plaga
2182 1606 2447 1689 Capitis,
2489 1605 2679 1689 plaga
2705 1605 2995 1669 lethalis:

785 1710 880 1774 ibi
938 1711 1145 1796 plagae
1191 1732 1361 1791 cura,
1408 1732 1579 1790 vera,
1638 1712 1827 1775 seria.
1919 1711 2066 1773 Hoc
2124 1709 2320 1792 siquis
2378 1707 2462 1772 ad
2516 1709 2995 1772 Universitaten

786 1814 1147 1878 Cardinalis
1178 1815 1489 1898 quadrare
1516 1814 1728 1893 faciat,
1752 1814 2015 1898 jejunus
2044 1813 2148 1876 sit.

870 1915 1230 1979 Posteriore
1267 1937 1415 1980 vero
1454 1917 1677 1979 Bestia
1723 1915 2085 1979 adumbrari
2119 1914 2258 1977 vult
2301 1914 2768 1978 Praedicatom
2812 1916 2994 1977 Anti-

780 2017 1025 2080 christt‘.
1116 2017 1301 2082 Idem
1341 2026 1408 2082 et
1454 2020 1620 2102 Regi
1647 2019 1914 2083 videtur.
2022 2018 2266 2081 Clemm
2303 2017 2477 2079 enim
2514 2016 2610 2081 ibi
2647 2018 2996 2081 Romam

780 2118 1072 2201 intelligi,
1100 2119 1233 2202 qui,
1265 2119 1418 2202 quid
1458 2120 1633 2184 aliud
1672 2121 1929 2204 (quaeso)
1976 2128 2146 2199 sunt,
2179 2141 2373 2203 quam
2414 2119 2745 2182 Proecones
2776 2121 3000 2183 Ponti-

768 2220 938 2303 fici-⁹,
973 2223 1082 2306 qui
1109 2244 1263 2287 voce
1292 2231 1359 2287 et
1398 2224 1636 2308 scripto
1678 2225 2037 2288 Vicedeum⁰
2066 2224 2462 2308 praedicant?
2537 2225 2636 2287 Re
2678 2244 2840 2307 ergo
2869 2225 3001 2309 ipss

782 2324 888 2389 vix
918 2324 1259 2409 quicquam
1288 2326 1650 2410 discrepant
1679 2327 2098 2411 expositiones
2127 2326 2231 2390 hae
2258 2326 2421 2389 duae.
2489 2325 2727 2403 Draco,
2761 2327 3003 2391 Diabo-

787 2429 925 2492 lus.-
971 2430 1192 2493 Bestia
1219 2430 1930 2514 septiceps,1mpiomm
1968 2428 2381 2505 universitas3
2433 2426 2862 2511 (universitas,
2895 2429 3003 2494 sed

785 2533 1249 2597 Romanorum
1232 2535 1498 2618 imperio
1538 2535 2010 2618 comprehensa,
2039 2555 2236 2618 penes
2274 2553 2434 2616 quos
2462 2539 2605 2596 tum
2637 2531 3004 2597 dominium

785 2638 1102 2719 universi.)
1177 2637 1321 2701 Nec
1348 2637 1402 2700 si
1430 2637 1708 2700 Etknica
1737 2658 1814 2700 ea
1841 2637 1942 2715 sit,
1985 2638 2072 2717 (et
2100 2644 2238 2701 esto
2253 2636 2530 2699 Etlmiea
2558 2634 2660 2698 vel
2690 2636 2994 2713 maxime)

789 2739 1043 2804 delicias
1085 2739 1192 2804 hic
1235 2740 1425 2804 faciet
1470 2739 1841 2806 Cardinalis.
1931 2740 2163 2823 Neque
2196 2759 2345 2803 vero
2388 2745 2617 2821 potest.
2712 2739 3002 2803 Omnino

790 2841 871 2904 ad
899 2863 1041 2906 eam
1064 2843 1504 2907 Monarchiam
1529 2842 1883 2906 revocanda
1909 2851 2023 2906 est.
2117 2843 2364 2924 Septem
2392 2842 2566 2904 enim
2594 2841 2737 2904 haec
2765 2844 2998 2923 capita,

788 2950 1019 3026 septem
1048 2946 1234 3008 colles
1260 2952 1405 3008 sunt
1440 2945 1694 3030 (quibus
1722 2945 1956 3009 insidet
1985 2945 2160 3027 urbs)
2186 2945 2347 3010 Orbi
2367 2944 2706 3008 notissimi.
2755 2944 2999 3008 Eadem

789 3067 939 3110 vero
964 3048 1183 3110 Bestia
1214 3048 1467 3113 XV110.
1500 3056 1567 3112 et
1598 3049 1825 3113 XI110.
1860 3070 1997 3132 cap.
2028 3068 2222 3132 supra
2248 3046 2454 3112 docui.
2536 3047 2744 3128 Caput
2770 3048 3001 3111 Βατία

789 3150 1075 3226 occisum,
1108 3149 1278 3232 quod
1306 3150 1396 3213 ibi
1423 3153 1656 3215 revivit
1683 3159 1846 3266 post,
1877 3151 2130 3235 utrique
2160 3150 2599 3215 Antichristus
2628 3158 2745 3213 est.
2830 3150 2999 3213 Vere

790 3248 1001 3330 Caput
1029 3248 1454 3313 universitatis
1482 3251 1700 3314 illius
1681 3253 2042 3337 impiorum.
2131 3252 2275 3315 Nec
2303 3252 2381 3315 de
2397 3251 2752 3333 posteriore
2779 3251 2997 3314 Bestia

714 3367 729 3374 ·
790 3352 1076 3414 cornibus
1118 3373 1346 3434 aynum
1386 3353 1709 3435 referente,
1740 3356 1819 3419 lis
1861 3356 2011 3420 ulla.
2102 3357 2401 3439 Namque
2444 3375 2522 3419 ea
2550 3355 2995 3438 pseudo-Apo·

788 3457 980 3519 stolo-³
1022 3456 1402 3520 Antichristi
1451 3458 1690 3539 referri,
1736 3461 2037 3542 utrinque
2085 3460 2156 3522 in
2202 3459 2490 3523 confesso
2536 3468 2655 3522 est.
2771 3460 2996 3523 Restat

795 3561 1158 3639 character,
1195 3581 1296 3625 res
1344 3561 1425 3626 ab
1469 3563 1669 3626 oculis
1719 3564 1856 3648 ejus
1900 3563 2305 3628 abscondita:
2363 3563 2501 3626 Rex
2545 3562 2805 3626 retulit:
2853 3584 2994 3646 qus,

788 3664 1066 3746 primum
1109 3665 1268 3748 lege,
1291 3665 1432 3749 jam
1469 3666 1666 3730 refert
1705 3667 1921 3745 etiam,
1962 3688 2044 3729 ne
2088 3666 2229 3749 quis
2283 3663 2576 3748 (scilicet)
2620 3664 2881 3747 sugillet
2924 3686 2998 3728 ex

788 3775 968 3850 parte
998 3767 1226 3851 aliqua,
1259 3789 1451 3850 quam
1486 3768 1623 3852 ipse
1660 3770 1894 3853 posuit,
1927 3769 2050 3833 nisi
2093 3774 2361 3853 reponat
2390 3768 2582 3832 aliam
2615 3767 2778 3850 ipse,
2808 3790 2999 3851 quam

789 3870 1060 3952 probare
1090 3870 1346 3934 Lectori
1385 3878 1698 3949 teneatur,
1730 3871 1983 3936 veritati
2023 3872 2227 3955 magis
2273 3872 2413 3954 (nec
2452 3893 2602 3949 una,
2649 3871 2786 3954 sed)
2824 3873 2997 3935 omni

790 3992 867 4034 ex
895 3980 1076 4056 parte
1105 3980 1622 4038 consentaneam.

855 4105 1034 4157 Gotthi
1056 4111 1110 4158 et
1122 4106 1343 4159 Vandali
1366 4108 1560 4160 nullam
1574 4110 1777 4173 plagam
1794 4109 2021 4160 Romano
2039 4110 2274 4160 Pontifici
2292 4108 2831 4174 inflixerunt—[Bell.
2854 4110 2993 4176 Apol.

922 4203 1013 4252 pro
1035 4187 1204 4254 Resp]
1226 4205 1273 4254 p.
1301 4191 1414 4240 159.
1451 4191 1585 4256 [Op.,
1618 4195 1740 4241 tom.
1759 4193 1846 4242 vii.
1868 4192 1961 4243 col.
1986 4193 2101 4244 794.
2125 4192 2216 4256 A.]

855 4387 879 4420 δ
912 4388 1011 4453 [De
1040 4388 1255 4440 Rieu-do
1292 4389 1521 4452 cervino,
1561 4393 1848 4456 Astrologo,
1938 4391 2164 4443 Marcell.
2189 4389 2257 4440 11.
2281 4403 2328 4454 p.
2345 4389 2459 4440 354.
2478 4387 2545 4439 sd
2567 4387 2689 4438 mle.
2715 4387 2883 4453 Plan]

791 4452 940 4502 Patre
963 4453 1191 4529 hffiarcelli
1217 4453 1367 4568 1³stae
1395 4456 1461 4505 11.
1486 4462 1539 4506 et
1553 4456 1698 4535 Carti.
1723 4458 1847 4534 Bell.
2003 4464 2023 4488 ἒ
2058 4455 2217 4521 [Vide
2238 4469 2402 4518 supra,
2435 4468 2485 4519 p.
2514 4456 2622 4503 166.
2659 4457 2769 4503 not.
2796 4453 2855 4516 ’.1

786 4528 894 4573 avo,
951 4516 1065 4565 vide
1122 4517 1276 4581 Onup
1378 4520 1588 4570 Psnvin.
1634 4536 1689 4571 ιιι
1745 4528 1852 4572 vita
