3165 4959
996 347 1361 397 AroLoouM
1407 349 1770 397 ansrorsm.
2361 336 2488 400 307

276 500 541 584 liquida,
574 501 630 564 si
658 523 793 565 non
822 501 1202 587 interrupta,
1235 503 1289 566 si
1320 513 1655 568 recurrant
1694 504 1766 568 in
1812 525 1900 582 se,
1950 504 2004 567 si
2039 505 2489 587 probabilitate

276 626 531 669 summa
579 606 839 670 Lectori
888 606 1206 689 placeant,
1260 614 1326 671 et
1373 607 1455 671 ad
1517 628 1584 671 se
1642 607 2034 672 renitentem
2089 608 2484 693 pertrahant.

273 709 422 773 Nec
451 708 899 772 committendi
928 709 1035 772 hic
1064 731 1212 772 cum
1243 730 1319 773 eo
1350 710 1601 786 Patres,
1634 731 1767 773 non
1796 711 2002 793 magis
2034 732 2227 795 quam
2259 713 2491 775 Patres

274 812 727 876 committendi
773 812 947 875 inter
993 834 1081 876 se.
1173 813 1319 876 Imo
1364 812 1514 876 edat
1564 813 1943 891 cardinalia,
1974 813 2077 877 vel
2105 814 2486 893 Eudaemon,

274 915 473 979 edant
520 915 642 999 ipsi
683 916 888 980 simile
929 916 1103 1001 quid,
1146 916 1271 980 hoc
1309 917 1448 999 ipso
1477 917 1548 980 in
1577 937 1832 1000 genere,
1869 917 2040 1001 quod
2080 917 2263 981 Libri
2314 918 2488 981 illius

272 1018 588 1083 methodo
617 1018 746 1082 vim
786 1019 1037 1082 nullam
1081 1018 1294 1097 faciat,
1328 1020 1513 1104 cujus
1546 1020 1910 1084 cohaereant
1939 1019 2111 1083 inter
2148 1042 2217 1084 se
2251 1029 2485 1104 partes,

274 1122 484 1206 primo
527 1122 816 1185 medium
863 1123 1272 1206 respondeat,
1316 1122 1604 1186 medium
1651 1122 1731 1187 ab
1777 1123 1911 1186 imo
1964 1143 2049 1186 ne
2093 1124 2410 1208 discrepet
2433 1134 2490 1204 ¹¹,

273 1224 442 1287 nihil
470 1247 741 1309 usquam
775 1224 930 1305 hiet,
965 1227 1388 1291 contradictio
1417 1247 1553 1289 non
1585 1234 1894 1309 emergat,
1930 1226 2096 1289 nihil
2135 1227 2237 1290 vel
2266 1228 2485 1291 incur-

273 1334 378 1390 rat
424 1327 492 1391 in
538 1328 663 1392 alia
706 1329 1055 1412 Scripturae
1095 1330 1255 1407 loca,
1297 1329 1399 1392 vel
1438 1328 1590 1392 fidei
1634 1328 1996 1411 analogiam
2030 1329 2244 1392 violet.
2334 1330 2487 1394 'Pale

274 1430 433 1513 quid
484 1430 632 1494 edat
673 1432 754 1496 de
800 1433 979 1497 vobis
1028 1433 1141 1517 qui
1193 1433 1404 1509 volet5
1474 1440 1642 1516 post,
1694 1453 1879 1516 aequo
1926 1433 2143 1495 Marte
2204 1432 2482 1497 dimicet.

274 1533 558 1617 Alioqui,
578 1535 871 1601 vellicare
900 1538 1006 1601 hic
1038 1537 1301 1621 aliquid,
1327 1537 1419 1601 ibi
1450 1524 1767 1614 arrodere,
1793 1537 1864 1600 in
1895 1536 2079 1600 tenui
2100 1536 2283 1600 labor
2307 1544 2404 1599 est
2422 1549 2484 1600 ⁰:

274 1644 344 1700 et
376 1659 564 1721 quem
598 1639 736 1703 Rex
766 1640 1034 1720 habebit,
1066 1640 1234 1704 addo
1264 1640 1461 1704 etiam
1490 1641 1739 1719 ridebit,
1772 1661 1888 1722 pro
1916 1639 2119 1703 irrite.

342 1768 477 1826 Quin
499 1770 669 1832 potius
690 1770 949 1820 Pontificii
984 1772 1213 1820 sentiunt
1250 1786 1366 1821 cum
1392 1771 1631 1821 Patribus
1663 1768 2020 1819 discessionem
2051 1769 2194 1819 illam
2218 1769 2320 1818 fore
2342 1784 2372 1818 a
2394 1768 2486 1819 Ro-

404 1863 556 1900 mano
588 1852 802 1915 imperio
825 1889 837 1901 .
862 1888 875 1901 .
900 1887 913 1900 .
937 1888 947 1900 .
973 1851 1151 1915 Neque
1183 1852 1295 1901 fieri
1336 1856 1520 1915 potest,
1563 1856 1624 1901 ut
1660 1850 1958 1901 universalis
1980 1850 2217 1900 discessio
2235 1865 2265 1900 a
2292 1849 2394 1901 fide
2415 1850 2487 1900 sit

404 1931 573 1981 futura
593 1936 712 1982 ante
733 1932 1006 1983 adventum
1043 1933 1368 1993 Antichristi,
1393 1934 1513 1996 quia
1546 1938 1668 1982 tunc
1692 1931 2039 1982 Antichristus
2071 1932 2344 1982 adveniens
2378 1946 2484 1982 non

406 2012 672 2073 inveniret,
703 2028 827 2076 quos
852 2014 1341 2078 seducente-[Bell.
1378 2014 1526 2077 Apol.
1551 2027 1643 2077 pro
1668 2011 1837 2077 Resp.]
1872 2028 1916 2077 p.
1941 2014 2052 2062 128.
2089 2012 2225 2077 [Op.,
2256 2013 2483 2063 tom.vii.

406 2094 498 2143 col.
520 2094 630 2145 776.
654 2093 709 2144 C.
729 2094 820 2158 D.]

365 2185 681 2249 Discessio
706 2186 863 2269 jam,
898 2186 977 2250 de
1008 2208 1133 2270 qua
1154 2188 1520 2270 Apostolus,
1554 2191 1596 2252 2
1623 2187 1841 2251 Thess.
1868 2186 1958 2263 ii.,
1986 2186 2312 2270 quaeritur,
2341 2207 2483 2270 quae

273 2298 342 2353 et
374 2290 545 2353 unde
573 2290 795 2353 futura
824 2290 925 2354 sit.
1015 2292 1078 2354 A
1094 2292 1230 2372 fide
1253 2295 1286 2355 .?
1331 2314 1416 2355 an
1447 2291 1526 2354 ab
1548 2292 1820 2373 Imperio
1844 2292 2124 2354 Romano
2149 2293 2182 2353 .?
2243 2290 2306 2352 A
2323 2289 2478 2371 fide,

282 2392 462 2474 (dicit
492 2400 559 2457 et
601 2393 787 2457 docet
820 2394 1004 2476 Rex.)
1096 2394 1199 2457 Ab
1242 2395 1533 2477 Imperia,
1566 2393 1814 2457 mavult
1859 2393 2237 2457 Cardinalis.
2327 2393 2478 2457 Dis-

273 2518 496 2560 camus
547 2497 626 2560 ab
658 2498 978 2579 Apostolo,
1013 2498 1121 2582 qui
1151 2498 1229 2561 de
1260 2498 1338 2561 iis
1380 2498 1796 2582 temporibuS,
1839 2498 2176 2560 Discedent
2208 2498 2482 2560 homines

273 2599 462 2680 afide
484 2613 535 2665 Ρ.
623 2601 846 2664 Potest
885 2609 1107 2664 tamen
1155 2608 1502 2685 utrumque
1547 2609 1862 2664 constare.
1954 2601 2110 2663 Non
2152 2599 2326 2662 enim
2373 2599 2484 2682 qui

274 2703 725 2767 discessionem
766 2725 808 2765 α
839 2702 975 2784 fide
1003 2705 1204 2787 ponit,
1237 2712 1431 2788 negat
1463 2704 1540 2765 ab
1569 2704 1861 2785 Imperio,
1951 2704 2095 2767 Nec
2126 2723 2267 2785 quae
2298 2702 2484 2766 affert

273 2805 366 2870 ibi
418 2815 659 2885 tamen,
705 2807 855 2871 huic
898 2807 1230 2891 probando
1279 2814 1453 2870 sunt.
1544 2807 1812 2887 Impleta
1857 2806 2102 2887 imperii
2146 2811 2421 2886 tempora
2433 2817 2481 2884 q,

276 2909 604 2972 Sublatam
634 2931 667 2973 e
695 2911 894 2974 medio
923 2911 1247 2992 imperium
1262 2920 1301 2988 ‘,
1335 2909 1511 2973 aliud
1541 2915 1794 2987 sonant,
1830 2930 2019 2992 quam
2051 2909 2483 2971 discessionem

277 3012 358 3075 ab
387 3015 668 3094 imper-ie.
760 3013 1050 3077 Discedit
1081 3014 1171 3077 sic
1202 3013 1557 3097 Imperium
1587 3012 1821 3096 ipsum,
1852 3033 1987 3074 non
2018 3010 2369 3075 disceditur
2399 3012 2482 3076 ab

274 3115 437 3199 ipso.
523 3117 1001 3200 Argumentum
1031 3138 1181 3180 vero
1211 3118 1369 3201 ejus,
1400 3117 1590 3180 nihili
1621 3123 1740 3180 est.
1826 3116 1901 3178 Si
1931 3122 2077 3179 ante
2099 3114 2485 3178 Antichristi

277 3225 559 3301 tempora
632 3220 945 3297 discesst'O,
1011 3241 1135 3282 non
1190 3221 1457 3284 inveniet
1516 3242 1666 3303 quos
1732 3220 1989 3284 seducat
2050 3220 2486 3283 Antichristus

272 3324 541 3387 veniens.
637 3323 772 3387 Ubi
816 3324 1115 3387 incautus
1145 3325 1340 3389 verba
1373 3325 1566 3408 Regis
1611 3324 1847 3408 posuit,
1882 3345 1995 3407 per
2037 3344 2178 3407 quae
2219 3323 2482 3409 periret.

273 3427 659 3490 Antichristi
706 3426 882 3490 enim
933 3427 1307 3508 temporibus
1352 3425 1553 3508 sore⁸,
1603 3427 1799 3491 verba
1852 3428 2050 3510 Regis
2097 3435 2287 3490 sunt:
2353 3447 2487 3490 non

274 3538 423 3594 ante
454 3530 835 3593 Antichristi
864 3535 1160 3611 tempora.

339 3657 389 3708 S.
412 3657 631 3721 August.
656 3693 668 3707 .
694 3656 812 3707 .lib.
837 3672 923 3706 xx.
947 3655 1010 3707 de
1034 3656 1145 3707 Cir.
1168 3656 1282 3717 Dei,
1302 3670 1406 3720 cap.
1434 3656 1502 3704 xi.
1574 3659 1590 3681 ‘
1605 3654 1851 3719 Tempore
1875 3653 2185 3704 Antichristi
2209 3654 2487 3704 Ecclesiam

405 3744 516 3789 toto
550 3740 668 3790 orbe
708 3754 966 3802 passuram
1004 3740 1406 3803 persecutionem
1443 3737 1782 3786 maximam⁸.'
1808 3772 1821 3784 .
1859 3772 1869 3785 .
1901 3771 1914 3785 .
1948 3737 2028 3787 Ex
2064 3751 2163 3800 quo
2198 3736 2484 3800 intelligere

340 3980 364 4003 ⁰
425 3970 566 4033 Vix-g.
583 3970 761 4032 Georg.
788 3971 854 4020 iv.
875 3969 944 4034 6.]
1425 3968 1515 4019 lin.
1543 3965 1645 4030 30.]

341 4044 364 4076 Ρ
454 4035 587 4084 Tim.
610 4036 677 4084 iv,
700 4037 746 4084 1.
940 4039 948 4046 ‘
1489 4040 1506 4064 ⁸
1564 4031 1711 4081 Praei.
1738 4030 1922 4080 Monit.
1946 4045 1995 4093 p.
2017 4029 2118 4095 71.]

340 4109 364 4139 (ἱ
401 4100 649 4164 [Ἔρχεται
683 4099 733 4148 δὲ
768 4099 795 4147 ὅ
827 4097 1159 4164 προειρημένος
1187 4096 1338 4149 Ἀντί·
1489 4099 1507 4129 ‘
1562 4101 1594 4123 ‘¹
1605 4096 1734 4146 Hoec
1755 4096 1892 4146 enim
1917 4096 2017 4145 erit
2032 4094 2309 4145 novissima
2325 4110 2486 4160 perse·

271 4184 479 4229 χριστος
537 4165 691 4224 οὗτος,
746 4163 868 4214 ὅταν
932 4166 1241 4228 πληρωθεῖσα
1294 4164 1339 4212 01
1424 4163 1562 4211 cutio
1612 4161 1888 4211 novissimo
1933 4161 2234 4209 imminente
2271 4160 2486 4224 judicio,

273 4230 429 4293 καιροὶ
494 4232 581 4287 τῆς
637 4229 873 4290 Ῥωμαίων
929 4229 1197 4286 βασιλείας,
1255 4228 1336 4278 καὶ
1425 4242 1576 4290 quam
1606 4226 1792 4275 Sancta
1814 4225 2036 4275 Ecclesia
2062 4229 2169 4275 toto
2191 4225 2310 4274 orbe
2333 4226 2486 4288 patie-

272 4294 533 4356 πλησιάζοι
575 4294 747 4344 λοιπόν
789 4295 853 4344 τὰ
898 4297 987 4353 τῆς
1024 4294 1112 4343 τοῦ
1155 4291 1338 4353 κόσμου
1424 4299 1524 4349 tur,
1542 4292 1776 4340 universa
1795 4291 1989 4340 scilicet
2011 4290 2189 4340 civitas
2206 4289 2396 4339 Christi
2421 4289 2486 4339 ab

274 4358 690 4410 emendam—S.
740 4357 894 4422 Cyril.
944 4358 1087 4408 Hier.
1134 4358 1335 4409 catech.
1426 4358 1662 4406 universa
1702 4356 1893 4406 diaboli
1925 4356 2149 4416 civitate,
2183 4360 2487 4418 quantacun-

274 4439 363 4473 κν.
398 4426 527 4483 912.
571 4425 684 4488 Op.,
706 4439 757 4487 p.
781 4425 893 4473 229.
918 4422 1005 4488 D.]
1240 4429 1245 4432 '
1426 4437 1523 4486 que
1559 4423 1659 4471 erit
1696 4426 1908 4484 utraque
1950 4436 2006 4469 su
2076 4436 2101 4469 r
2140 4419 2486 4470 terram.”—S.

343 4498 362 4521 ¹
396 4487 566 4553 Γοταν
601 4487 657 4538 ³2
690 4490 813 4546 αὕτη
847 4491 1106 4553 καταλυθῇ,
1126 4489 1341 4546 &aeviae-
1430 4493 1562 4548 Aug.
1599 4488 1662 4536 de
1709 4486 1816 4536 Cir.
1857 4485 1968 4542 Dei,
2029 4486 2095 4534 ib.
2133 4501 2218 4534 xx.
2258 4500 2364 4550 cap.
2407 4487 2488 4534 11.

274 4573 360 4602 ται
393 4557 456 4618 τῇ
496 4554 784 4617 ἅναρχῐᾳ-
801 4553 849 4602 S.
888 4552 1141 4616 chrysost.
1187 4552 1339 4602 Hom.
1430 4551 1542 4614 Op.,
1565 4556 1688 4602 tom.
1708 4551 1795 4600 vii.
1819 4551 1912 4599 col.
1937 4552 2046 4601 945.
2075 4550 2160 4614 Β.]

1843 4635 1971 4696 x2

341 3915 365 3938 ¹¹
398 3904 557 4084 {vide
576 3904 700 3955 Hor.
719 3904 1078 3968 Epist.adPis.
1092 3906 1183 3954 lin.
1202 3902 1337 3967 152]
1425 3903 1491 3952 iv.
1528 3903 1582 3951 in
1619 3904 1649 3950 2
1677 3900 1847 3951 Thess.
1890 3901 2001 3965 Op.,
2036 3906 2160 3951 tom.
2197 3901 2263 3951 iv.
2299 3916 2347 3965 p.
2372 3905 2484 3953 235.

2529 2196 2711 2274 Qualis·

2565 2277 2747 2312 scessm

2507 2333 2662 2390 temp.

2590 2396 2719 2458 223

2507 2477 2768 2542 Antichr.]
