3165 4959
956 325 1322 374 stomoma
1367 325 1733 376 mespoxsm.
2327 312 2456 377 187

241 481 316 539 ut
344 496 541 539 suum
573 481 796 539 tamen
829 477 1210 560 Imperatori
1258 478 1636 562 suffragium
1684 478 1932 541 salvum
1974 478 2191 543 fuerit.
2280 481 2457 543 Nam

243 581 583 643 Canonem
616 580 841 643 XXII.
877 580 1107 643 Octavi
1140 581 1413 646 Concilii
1454 602 1570 665 pro
1603 580 2094 645 subintroducto
2124 581 2459 661 habemus,

242 704 389 745 cum
410 683 482 744 in
504 681 998 765 Exemplaribus
1018 684 1157 767 ejus
1172 685 1415 748 Graecis
1435 684 1919 768 quatuordecim
1939 685 2132 749 modo
2155 683 2455 748 exstents:

242 793 308 848 et
339 792 446 850 est
479 785 798 869 Gregorio
834 794 1064 869 quarto
1107 788 1424 871 ascriptus
1458 788 1687 852 Canon
1715 787 1824 852 ille
1854 787 1925 850 in
1956 788 2324 867 Gratianoss,
2350 789 2461 872 qui

242 887 679 973 quadraginta
709 889 896 951 annis
926 888 1105 966 obiit,
1139 897 1289 954 ante
1314 890 1723 955 Hadrianum
1755 890 2126 955 secundum.
2190 891 2459 955 Carolus

242 992 639 1058 electionum
672 993 950 1055 libertati
981 1015 1311 1057 assensum
1343 1015 1533 1057 suum
1563 994 1728 1057 nihil
1758 993 1983 1058 obesse
2013 994 2262 1059 statuit.
2322 995 2463 1057 Ha-

244 1093 462 1159 driani
507 1094 771 1159 secundi
804 1096 1035 1160 Canon
1078 1096 1217 1180 ipse
1255 1118 1591 1180 nunquam
1632 1104 1895 1179 rogatus
1939 1103 2078 1161 est:
2126 1119 2460 1180 nunquam

244 1218 404 1281 ergo
433 1218 551 1281 per
577 1198 765 1262 illum
800 1198 1119 1262 Hadriani
1149 1199 1340 1283 primi
1372 1199 1744 1283 abrogatus.

313 1334 468 1385 Nihil
502 1333 824 1398 praejudicari
858 1349 1073 1386 summae
1117 1370 1131 1385 .
1166 1371 1181 1386 .
1219 1371 1235 1386 .
1269 1334 1535 1387 Pontificis
1566 1335 1880 1396 auctoritati,
1900 1334 2103 1386 etiamsi
2132 1350 2309 1387 verum
2331 1340 2463 1388 esset
2578 1331 2703 1394 142

380 1416 656 1466 Pontifices
686 1417 959 1479 aliquando
997 1417 1063 1469 ab
1098 1417 1494 1481 imperatoribus
1519 1418 1674 1468 fuisse
1704 1423 1912 1478 ereatoS,
1941 1421 2053 1467 tum
2083 1418 2205 1480 qnia
2241 1417 2313 1477 id,
2347 1454 2360 1468 .
2397 1455 2410 1467 .
2445 1454 2459 1467 .

377 1512 485 1548 non
519 1512 583 1547 ex
612 1498 817 1561 proprio
842 1496 975 1561 jure,
1010 1497 1098 1548 sed
1129 1513 1193 1548 ex
1223 1499 1496 1562 privilegio
1518 1498 1786 1549 Pontificio
1822 1535 1837 1549 .
1873 1535 1886 1548 .
1921 1534 1934 1548 .
1972 1498 2209 1549 fecissent
2225 1499 2462 1565 ;—-[Bell.

381 1578 534 1645 Apol.
557 1593 651 1642 pro
674 1578 851 1643 Resp.]
886 1593 937 1642 p.
964 1581 1041 1628 61.
1069 1579 1203 1646 [Op.,
1225 1585 1346 1630 tom.
1363 1581 1449 1630 vii.
1474 1581 1564 1631 col.
1582 1580 1693 1633 738.
1714 1580 1804 1643 D.]

339 1680 655 1762 Desperat
699 1679 967 1744 tandem
1020 1679 1380 1744 Cardinalis
1431 1687 1530 1745 tot
1578 1681 1880 1763 σημανέω
1924 1701 2173 1763 passus,
2205 1685 2273 1743 et
2321 1699 2462 1762 quae
2488 1687 2651 1765 [Hinc
2668 1701 2791 1751 prm-

248 1783 533 1846 conficta
572 1781 785 1860 modo,
816 1804 969 1846 vera
1004 1783 1144 1866 jam
1183 1783 1486 1866 videntur
1525 1783 1760 1847 denuo.
1853 1783 1987 1847 Dat
2015 1783 2186 1846 enim
2220 1787 2464 1846 creatos
2479 1753 2769 1868 ξῗῗξζζιῖῗ

246 1885 330 1947 ab
358 1884 745 1966 Imperatore
767 1887 1121 1969 Pontifices,
1154 1907 1275 1950 nec
1291 1887 1653 1968 proejudicii
1683 1893 1904 1950 tamen
1934 1886 2088 1969 quid
2117 1886 2269 1951 inde
2291 1887 2460 1949 Pon·
2488 1883 2748 1996 fleissaffff

248 1988 410 2068 tifict‘
459 1989 771 2072 generari.
865 1990 1021 2054 Non
1069 2011 1222 2054 sane
1254 1991 1616 2072 fflaejudicii
1661 1991 1817 2073 quid
1852 2011 1931 2054 ex
1972 2011 2067 2069 eo,
2101 1991 2273 2073 quod
2313 1991 2462 2074 jure
2487 1951 2588 1998 “m
2689 1944 2725 2009 ⁶]

249 2111 370 2155 suo
408 2098 700 2155 utantur.
791 2092 968 2156 Nam
1018 2092 1073 2156 si
1123 2093 1193 2156 in
1240 2114 1393 2158 voce
1431 2094 1627 2157 dandi
1673 2093 1934 2171 haereat,
1965 2093 2036 2156 in
2088 2113 2292 2176 eoque
2330 2092 2463 2156 vim

249 2200 471 2277 ponat,
495 2200 570 2258 ut
593 2215 727 2259 non
736 2197 1000 2277 proprio
1010 2197 1183 2277 jure,
1209 2195 1322 2260 sed
1346 2218 1425 2259 ex
1448 2197 1619 2260 dono
1649 2196 1982 2260 Pontificis
2007 2197 2130 2260 hoc
2158 2194 2462 2272 habeant,

251 2297 508 2362 docebit
548 2319 698 2362 eum
749 2299 976 2363 Glossa
1015 2297 1164 2378 ibih,
1197 2300 1370 2378 dare,
1398 2299 1467 2364 id
1516 2307 1637 2379 est,
1680 2300 1896 2365 datam
1947 2301 2285 2364 ostendere.
2375 2301 2465 2363 Et

251 2400 428 2481 alibi,
479 2402 653 2477 dare,
703 2401 779 2466 id<
821 2409 939 2482 est,
993 2403 1210 2467 datam
1243 2404 1662 2485 pronuntiare
1683 2401 1719 2468 ἱ.
1830 2404 1927 2467 Ut
1985 2403 2309 2469 concessio
2354 2402 2465 2466 illa

252 2506 421 2570 nihil
460 2496 638 2570 aliud
673 2506 889 2586 fuerit,
923 2527 1115 2589 quam
1155 2507 1401 2589 agnitio
1441 2507 1830 2591 Imperatori
1874 2527 2014 2570 esse
2045 2508 2154 2591 jus
2194 2506 2465 2571 Pontifi-

252 2632 399 2674 cem
438 2608 736 2687 creandi3
785 2615 921 2673 tam
960 2609 1193 2674 Carolo
1232 2610 1522 2674 Leonem
1570 2610 1862 2686 tertium,
1910 2631 2104 2692 quam
2151 2609 2465 2672 Mauritio

254 2710 697 2796 Gregoriumk,
719 2734 913 2795 quam
937 2713 1364 2777 Constantino
1381 2712 1834 2796 Agathonem¹,
1858 2734 2052 2796 quam
2070 2711 2465 2776 Theodorico

258 2816 726 2900 Symmachum
745 2826 807 2879 ¹²¹.

343 2920 514 2984 Cum
543 2940 712 2998 vero,
746 2917 918 3003 quod
962 2918 1159 2983 semel
1206 2918 1479 2983 Caesaris
1523 2925 1644 2997 est,
1689 2917 1964 3000 amplius
2009 2915 2282 2981 Caesaris
2326 2938 2465 2981 esse

252 3029 557 3106 nequeat,
577 3023 853 3108 reperies
883 3028 1103 3087 tamen
1132 3030 1200 3086 et
1231 3021 1640 3087 Hadrianum
1672 3043 1825 3086 voce
1854 3022 1973 3086 hac
2002 3021 2101 3086 uti
2136 3023 2463 3101 tradiditu,

253 3147 403 3190 cum
432 3124 700 3189 Carolo:
746 3132 812 3189 et
834 3124 1058 3188 eadem
1088 3124 1375 3188 Leonem
1406 3133 1724 3204 octavum,
1750 3147 1899 3189 cum
1926 3126 2174 3191 Othoni
2201 3127 2462 3211 prim003

254 3236 324 3293 et
366 3228 595 3293 eadem
632 3227 908 3312 denique
939 3227 1337 3306 Paschalem,
1383 3251 1530 3293 cum
1574 3229 1865 3294 Henrico
1913 3231 2198 3314 quintol'.
2287 3233 2467 3295 Dant

254 3351 502 3408 omnes,
551 3350 774 3395 omnes
819 3331 1097 3408 tradunt,
1153 3330 1491 3395 concedunt
1513 3359 1531 3393 .·
1600 3332 1772 3415 quod
1817 3340 2039 3396 tamen
2083 3353 2291 3396 omnes
2333 3354 2466 3396 non

252 3439 547 3514 possunt.
637 3433 814 3497 Dant
843 3454 1016 3516 ergo,
1048 3434 1327 3512 tradunt,
1362 3435 1741 3508 concedunt,·
1784 3435 1874 3519 (id
1902 3437 2026 3518 est)
2064 3437 2299 3512 datum,
2331 3442 2465 3500 tra-

255 3536 478 3616 ditum,
510 3557 883 3616 concessum,
916 3538 1247 3601 ostendunt
1276 3536 1488 3614 modo,
1519 3544 1589 3626 et
1605 3539 2044 3617 pronuntiant.

322 3686 342 3719 ¹
400 3687 537 3737 Vide
560 3686 711 3737 Cone.
744 3693 867 3738 tom.
891 3688 999 3738 viii.
1034 3688 1127 3738 col.
1152 3686 1318 3751 13⁷7]
1406 3686 1547 3736 Vitis
1573 3686 1760 3736 Pontis.
1796 3701 1845 3750 p.
1871 3686 1994 3751 81.]·

320 3761 345 3794 1
406 3753 549 3802 Dect.
591 3752 701 3803 Par.
725 3753 758 3802 i.
805 3753 936 3803 Dist.
973 3753 1104 3802 lxiii.
1151 3767 1257 3815 cap.
1283 3753 1317 3801 i.
1469 3748 1481 3781 ¹
1534 3751 1750 3815 [Dect-et.
1795 3766 1901 3815 par.
1932 3752 1966 3800 i.
2013 3751 2148 3800 Dist.
2180 3750 2313 3799 lxiii.
2358 3764 2464 3814 cap.

256 3816 478 3894 ‘Iffullus
522 3817 793 3877 laicorum,'
839 3816 1099 3867 Hadriano
1139 3816 1207 3866 11.
1247 3831 1319 3894 as·
1406 3815 1513 3863 xxi.
1539 3815 2265 3879 ‘Agatho.’-Corp.Jur.Can.
2289 3815 2466 3865 tom.i.

255 3881 786 4009 ἓοῖἷῨξΞὙΒΗῖρξᾞ.
812 3880 1317 4022 ‘sgshqcfinahffima
1406 3880 1695 4021 ωᾷῗᾶξίιέἲο
1719 3943 1848 3994 Plat.
1873 3944 1931 3993 in
1952 3942 2079 3994 Vita
2100 3943 2294 4005 Symm.
2319 3943 2376 4003 1.,
2406 3944 2466 3993 in

257 4011 346 4106 (cs...
364 4013 740 4138 pffillssgnnolt'ss.)
760 4010 809 4124 1G
811 4025 1006 4124 oeffisso
1020 4007 1317 4137 lIinmelaep]
1408 4006 1548 4103 Vlgn
1560 4007 1951 4137 gffit'mf’firffig.
1976 4074 2082 4123 183.
2121 4075 2224 4121 not.
2242 4069 2313 4135 ¹¹¹.]

255 4140 405 4189 xxiii.
475 4144 489 4166 ‘
513 4139 577 4190 In
599 4139 829 4202 Synodo!
862 4139 919 4188 in
942 4139 1103 4189 mons.
1123 4138 1188 4188 ad
1212 4154 1317 4187 voc.
1471 4147 1494 4172 ⁰
1527 4074 1684 4201 {Vide
1728 4138 1871 4187 Decr.
1921 4138 2030 4187 Par.
2068 4138 2102 4186 i.
2161 4136 2294 4185 Dist.
2334 4135 2465 4184 lxiii.

255 4203 694 4254 ‘confirmamus’
743 4203 890 4266 Corp.
915 4202 1027 4253 Jur.
1047 4203 1168 4253 Can.
1192 4207 1317 4252 tom.
1406 4215 1512 4266 cap.
1543 4204 1690 4252 xxiii.
1742 4202 1834 4251 ‘In
1876 4202 2108 4263 synodo?
2175 4201 2320 4263 Cot-p.
2353 4199 2386 4248 J
2393 4216 2464 4248 ur.

254 4269 291 4319 i.
313 4269 408 4317 001.
433 4267 569 4332 323]
1408 4263 1528 4317 Can.
1554 4273 1676 4316 tom.
1693 4269 1726 4315 i.
1760 4267 1852 4315 col.
1873 4270 1983 4316 323.
2056 4266 2276 4313 Verbum
2294 4271 2466 4314 tamen

318 4332 333 4363 ¹
385 4332 558 4395 [Dect.
638 4331 750 4382 Par.
804 4333 860 4382 ii.
927 4332 1101 4395 Caua]
1168 4332 1318 4381 xxiii.
1407 4332 1422 4356 ⁴
1438 4331 1681 4381 tradidit·
1708 4332 1764 4380 in
1787 4332 1880 4380 hoc
1901 4333 2065 4394 capite
2088 4346 2191 4379 non
2214 4327 2467 4393 occurrit]

257 4396 491 4462 [Quat]
545 4412 594 4445 v.
649 4398 742 4446 ult.
801 4397 970 4462 [Col-p.
1025 4395 1058 4446 J
1065 4413 1135 4446 ur.
1195 4397 1315 4446 Can.
1471 4406 1493 4437 ν
1529 4396 1684 4458 [vide
1707 4396 1866 4459 Epist.
1887 4395 2141 4445 paschalis
2159 4396 2223 4444 11.
2248 4394 2311 4444 ad
2332 4394 2466 4443 Hen-

255 4471 378 4512 tom.
399 4462 431 4509 i.
456 4462 548 4510 eol.
568 4461 732 4525 1356]
1407 4460 1489 4510 ric.
1518 4461 1714 4524 imper„
1736 4462 1872 4510 citat.
1896 4461 1947 4509 in
1967 4460 2101 4510 Conc
2137 4460 2465 4509 law-Cone.

320 4525 343 4556 ¹¹
380 4525 539 4590 [vide
580 4526 708 4576 Plat.
747 4528 803 4576 in
829 4527 955 4576 vita
990 4525 1225 4589 Greg.1.‚
1264 4526 1320 4574 in
1408 4533 1531 4576 tom.
1546 4541 1594 4575 x.
1620 4526 1943 4587 coL780.D.]
