3165 4959
677 320 809 381 404
1305 331 1389 378 An
1435 330 1817 378 CARDINALIS
1860 328 2260 378 mmmmm

680 492 756 553 de
803 490 1260 570 dispensatione
1310 510 1430 551 non
1482 489 1890 563 admittenda,
1939 490 2195 569 pariter
2242 487 2574 550 dissolutos
2605 482 2779 566 fore,
2819 486 2887 546 in

663 592 912 675 firmum
964 593 1160 669 abire,
1204 591 1639 673 obliyationem
1696 593 2004 654 vinculum
2053 593 2259 653 minus
2305 610 2435 654 esse
2483 610 2668 671 quam
2719 595 2891 651 stra-

679 700 944 760 mineum
961 692 978 723 ⁸
996 745 1009 758 .
1103 696 1286 759 Adeo
1345 696 1454 758 ille
1513 696 1805 758 inustum
1879 703 2067 778 putat
2141 696 2385 759 dextris
2441 692 2891 774 frontibusque

680 802 905 866 vestris
953 801 1378 862 characterem
1417 798 1629 862 hunc:
1697 799 1857 862 adeo
1903 820 2014 862 vos
2061 820 2208 862 vere
2259 800 2648 880 stigmaticos
2701 798 2888 858 Anti--

682 904 921 966 christi.
1011 902 1167 965 Non
1197 921 1350 983 ergo
1381 902 1640 963 Clerici-3
1670 901 1820 965 solis
1849 902 2071 980 haeret‚
2100 903 2368 963 aliorum
2399 921 2654 984 quoque
2684 898 2892 963 mani-

683 1009 802 1071 bus
846 1008 1199 1088 impressus
1247 1013 1385 1070 est:
1449 1025 1565 1088 pro
1622 1027 1769 1087 qu0,
1825 1014 1891 1069 et
1936 1006 2109 1084 olim,
2164 1012 2231 1068 et
2280 1026 2488 1089 nuper
2534 1012 2636 1068 tot
2682 1003 2891 1067 turbae

685 1110 870 1189 datae,
901 1117 1162 1172 tantum
1193 1109 1546 1173 Christiani
1577 1108 1910 1190 sanguinis
1941 1109 2216 1172 effusum
2247 1116 2366 1172 est.

749 1265 823 1313 At
845 1266 969 1326 quot
990 1267 1109 1311 sunt
1132 1262 1187 1311 in
1208 1261 1320 1325 ipsa
1341 1260 1462 1310 urbe
1483 1259 1647 1309 Roma
1665 1260 1700 1309 J
1704 1260 1853 1321 udaei,
1884 1260 1973 1323 qui
2007 1219 2209 1324 publice
2230 1258 2475 1319 vendunt,
2495 1262 2549 1308 et
2581 1261 2779 1318 emunt,
2801 1272 2893 1306 nec

815 1344 1003 1393 habent
1041 1342 1285 1406 ejusmodi
1326 1342 1788 1391 Charactereml—
1804 1341 1959 1404 [Bell.
1999 1341 2149 1406 Apol.
2180 1355 2273 1405 pro
2306 1340 2481 1404 Resp.]
2522 1354 2572 1403 p.
2599 1342 2711 1389 161.
2753 1338 2894 1403 [Op.,

713 1498 720 1503 ν
816 1428 939 1474 tom.
963 1425 1049 1473 vii.
1089 1423 1180 1473 col.
1206 1424 1316 1476 795.
1341 1422 1425 1486 C.]

363 1546 578 1623 [Jqdaeis
778 1542 868 1605 At
911 1562 1103 1623 neque
1146 1542 1213 1602 in
1265 1540 1425 1603 Urbe
1470 1541 1630 1620 ipsa,
1671 1560 1795 1602 non
1831 1540 2062 1619 Romae,
2112 1560 2318 1602 omnes
2354 1536 2645 1620 professi.
2740 1538 2893 1600 Non

396 1610 662 1724 mgzsdam
691 1646 899 1707 Roma»
919 1651 944 1706 Ι
1035 1644 1163 1710 Qui
1192 1643 1457 1707 tandem
1487 1664 1621 1707 non
1637 1645 1667 1706 ⁴?
1757 1644 1905 1706 Non
1929 1645 2137 1707 Judaei
2166 1644 2430 1707 scilicet.
2521 1643 2614 1705 At
2646 1640 2894 1724 profes-

362 1739 621 1807 exceptis]
691 1752 887 1813 sionis
929 1749 1044 1827 viS,
1097 1753 1172 1812 ut
1204 1749 1643 1830 privileyiatos
1687 1747 1954 1811 reddat:
2003 1756 2090 1826 et,
2137 1770 2222 1812 an
2268 1749 2519 1831 uspiam
2571 1755 2893 1809 terrarum

692 1856 931 1918 Judaeis
980 1846 1422 1935 pri'vilegium5
1489 1852 1643 1916 alibi
1701 1852 1942 1935 passim
1995 1852 2176 1935 (puto
2234 1859 2300 1915 et
2361 1853 2608 1933 Romae)
2666 1850 2895 1928 exosiS,

691 1963 863 2020 certe
912 1955 1225 2036 expilatis,
1336 1955 1549 2017 Hosce
1590 1954 1783 2018 modo
1820 1956 2164 2017 character
2205 1975 2340 2018 non
2380 1953 2627 2032 eximit,
2661 1953 2894 2036 quibus

695 2060 1038 2121 Character
1073 2057 1231 2117 Cain
1276 2056 1531 2119 inustus
1573 2063 1693 2133 est,
1736 2064 1810 2120 ut
1848 2056 2090 2141 ubique
2134 2064 2415 2121 extorres
2463 2065 2532 2120 et
2576 2058 2749 2138 vagi,
2795 2077 2895 2119 re-

682 2157 966 2244 jectanei
1024 2158 1178 2234 sint,
1239 2157 1579 2241 mancipia,
1636 2165 1703 2222 et
1748 2157 2289 2245 περικαθάρματα
2305 2160 2335 2187 “
2393 2160 2596 2238 totius
2651 2159 2895 2223 Orbis:

691 2262 926 2346 quique
967 2259 1036 2322 in
1083 2261 1291 2324 Roma
1332 2260 1474 2343 ipsa
1512 2261 1691 2343 gravi
1732 2283 1927 2325 censu
1974 2270 2200 2342 emunt,
2241 2271 2318 2326 ut
2357 2270 2603 2331 emant,-
2662 2262 2899 2346 quibus

688 2365 898 2448 ipsum
926 2363 1187 2425 vendere
1216 2384 1423 2440 suum,
1455 2366 1668 2426 venale
1697 2372 1829 2428 est:
1876 2365 1999 2429 nisi
2031 2366 2242 2431 deleto
2278 2367 2478 2444 Caini,
2516 2368 2736 2448 (quem
2758 2367 2899 2449 jam

689 2468 931 2551 ferunt)
997 2467 1379 2531 Antichristi
1441 2469 1866 2531 characterem
1938 2469 2273 2535 inducant.
2380 2471 2619 2534 Parum
2680 2476 2907 2533 autem

692 2574 1024 2655 Pontifici-s
1054 2572 1154 2635 sui
1183 2571 1412 2635 honori
1442 2571 1547 2634 hic
1579 2572 1875 2651 consulit,
1924 2574 2030 2636 cui
2074 2595 2336 2638 necesse
2386 2582 2480 2637 est
2523 2574 2594 2635 in
2625 2573 2911 2656 ignomi-

691 2678 868 2739 niam
914 2676 1123 2753 cedat,
1162 2674 1354 2759 quod,
1385 2674 1488 2737 vel
1529 2675 1788 2753 Judaeis,
1830 2676 1932 2740 vel
1973 2677 2380 2758 lupanaribus
2422 2678 2676 2739 Romoe¹
2720 2678 2907 2740 locus

693 2781 817 2858 sit;
866 2779 1041 2842 unde
1073 2779 1127 2842 si
1174 2777 1364 2841 ambo
1401 2777 1754 2857 exularent,
1787 2778 1963 2843 haud
1995 2781 2126 2845 scio
2154 2803 2239 2843 an
2267 2782 2613 2862 opulentioe,
2648 2781 2910 2844 Sancti-

695 2883 816 2944 tati
847 2882 1106 2965 quidem
1140 2879 1357 2959 Urbis,
1390 2880 1619 2944 melius
1647 2889 2053 2964 prospectum
2084 2883 2271 2947 foret.

763 3034 881 3083 Nisi
907 3033 1036 3083 forte
1062 3032 1305 3098 place[a]t
1326 3047 1442 3082 cum
1478 3070 1489 3081 .
1526 3071 1538 3081 .
1574 3070 1587 3081 .
1625 3033 1907 3098 Hippolyto
1942 3071 1955 3084 .
1990 3071 2003 3086 .
2038 3036 2219 3096 dicere,
2241 3073 2254 3085 .
2290 3072 2303 3085 .
2339 3073 2352 3086 .
2392 3073 2404 3085 .
2427 3035 2771 3086 ‘Antichristi
2796 3037 2908 3086 cha·

826 3117 1069 3163 racterem
1092 3114 1197 3162 fore
1232 3150 1243 3162 .
1279 3150 1292 3163 .
1329 3112 1505 3163 Crucis
1527 3113 1883 3166 abolitionem:
1901 3117 1913 3135 '
1954 3116 2094 3179 quali
2115 3116 2400 3167 charactere
2422 3116 2796 3181 dignoscuntur
2817 3154 2829 3166 .
2856 3155 2867 3166 .
2899 3156 2910 3167 .

827 3194 1132 3254 Calviniani,
1167 3199 1226 3243 ut
1263 3209 1595 3257 proecursores
1634 3197 2012 3247 Antichristi.—
2028 3197 2182 3261 [Bell.
2213 3199 2365 3263 Apol.
2397 3214 2489 3263 pro
2512 3199 2685 3264 Resp.]
2718 3213 2770 3264 p.
2799 3203 2907 3249 162.

829 3275 969 3340 [Op.‚
1005 3280 1128 3325 tom.
1153 3276 1239 3324 vii.
1274 3276 1367 3325 col.
1393 3277 1506 3327 795.
1525 3277 1580 3327 C.
1597 3277 1680 3342 D.]

374 3405 521 3470 [Quis
543 3405 611 3454 sit
786 3392 1051 3457 Dudum
1081 3412 1247 3470 vern,
1281 3392 1438 3475 quid
1478 3393 1599 3457 sibi
1626 3395 1816 3458 vellet
1853 3396 2213 3474 character,
2254 3397 2430 3460 rudis
2478 3398 2666 3481 plane
2714 3405 2911 3480 atque

374 3471 553 3584 eAhIi-tiis‘ti
698 3497 960 3580 ignarus
986 3521 1000 3558 ι
1047 3496 1152 3558 hic
1186 3496 1325 3579 jam
1356 3495 1434 3559 de
1463 3504 1746 3580 repente,
1778 3498 2026 3562 rescivit
2056 3520 2192 3561 rem
2224 3500 2581 3564 Cardinalis
2606 3526 2619 3562 :
2670 3510 2737 3563 et
2769 3502 2911 3584 jam

371 3596 660 3661 character]
701 3600 935 3664 arridet
966 3599 1023 3663 ei
1057 3599 1395 3683 Hippolyti
1426 3601 1762 3663 sententia.
1846 3602 2282 3666 characterem
2318 3603 2573 3682 Christi,
2604 3604 2863 3666 Crucem
2886 3631 2908 3664 .-

698 3705 1100 3780 Antz‘christi,
1140 3703 1359 3765 Crucis
1406 3703 1801 3766 abolitionem
1818 3706 1845 3744 Υ
1867 3731 1884 3764 .·
1935 3726 2061 3786 quo
2101 3715 2500 3788 argument0‚
2540 3707 2652 3789 qui
2687 3707 2913 3770 Crucis

681 3810 827 3889 jam
876 3809 1118 3889 siquam
1165 3806 1427 3883 abolent,
1479 3805 1854 3883 Calviniani,
1903 3807 2287 3871 Antichrieti
2320 3828 2746 3890 praecursores
2793 3810 2911 3871 ha-

702 3911 902 3974 bendi.
993 3909 1120 3971 Vix
1178 3908 1301 3970 hoc
1358 3916 1576 3971 tamen
1637 3910 1788 3971 satis
1841 3910 2075 3993 (credo)
2136 3911 2584 3996 philosophice.
2679 3912 2778 3974 Ut
2836 3911 2911 3975 in

768 4099 785 4129 ²
818 4095 938 4159 Pag.
965 4098 1040 4144 10.
1845 4094 2002 4159 Hipp.
2029 4094 2145 4145 trib.
2169 4096 2283 4146 libr.
2308 4095 2372 4146 de
2390 4095 2680 4146 Consumm.
2706 4093 2916 4157 Mundi,

769 4171 790 4192 ¹¹
828 4162 883 4225 [1
909 4161 1020 4211 Cor.
1043 4160 1108 4208 iv.
1136 4158 1236 4224 la]
1842 4175 1947 4224 cap.
1973 4176 2057 4209 xx.
2094 4160 2205 4225 Op„
2239 4165 2360 4210 tom.
2384 4162 2418 4211 i.
2454 4159 2690 4224 Appond.
2712 4174 2797 4223 pp.
2824 4163 2912 4220 13,

765 4234 788 4258 ¹
862 4225 988 4277 Vide
1010 4239 1173 4288 supra,
1207 4238 1255 4288 p.
1282 4223 1392 4273 154.
1426 4227 1532 4273 not.
1555 4223 1622 4288 ‘¹.]
1686 4287 1687 4292 1
1844 4227 1925 4274 14.
1950 4227 2039 4274 Καὶ
2057 4225 2197 4275 δόσει
2212 4228 2374 4276 αὐτοῖς
2391 4226 2620 4289 χάραγμα
2636 4227 2689 4273 ἐν
2705 4227 2915 4288 τῇχεφὶ

764 4299 787 4330 r
825 4227 980 4355 {Haec
1012 4290 1262 4339 sententia
1294 4303 1358 4337 ex
1389 4288 1527 4337 hisce
1562 4288 1756 4338 duobus
1842 4292 1905 4354 τῇ
1932 4293 2072 4355 δεξιᾷ,
2104 4292 2181 4339 καὶ
2217 4292 2268 4339 ἐν
2298 4292 2368 4353 τᾷ
2400 4289 2619 4352 μετώπῳ,
2651 4290 2732 4338 ἵνα
2765 4289 2914 4348 μήτις

701 4354 825 4404 loeis
889 4354 1104 4404 conflata
1173 4353 1386 4403 videtur.
1459 4352 1673 4404 Ἔδωκεν
1729 4355 1757 4402 ὅ
1841 4356 1933 4403 τὸν
1963 4354 2118 4416 τίμιον
2150 4354 2359 4418 σταυρὸν
2386 4355 2558 4419 ποιήσῃ
2598 4357 2668 4416 τῷ
2700 4353 2914 4417 μετώπῳ

703 4418 910 4531 'firtonis
943 4421 1046 4468 τοῖς
1082 4418 1150 4468 εἷς
1185 4418 1329 4467 αὐτὸν
1358 4417 1636 4470 πιστεύουσι
1668 4418 1758 4468 τὸν
1841 4420 2049 4484 τῆδεξιᾷ
2067 4420 2215 4469 αὐτοῦ
2232 4419 2559 4483 χειρί-οη).
2579 4418 2762 4467 xxviii.
2781 4417 2909 4467 ibid.

701 4501 731 4530 τ
749 4501 857 4542 fluor
878 4483 957 4531 καὶ
986 4482 1210 4542 ζωοποιὸν
1243 4483 1467 4542 σταυρὸν,
1498 4484 1578 4532 καὶ
1615 4484 1758 4533 αὐτὸς
1843 4499 1891 4547 p.
1912 4483 2011 4546 19.]

702 4544 868 4602 ὁμοίως
912 4543 1052 4592 δόσει
1095 4546 1153 4593 τὸ
1198 4547 1367 4594 ἑαυτοῦ
1421 4548 1752 4605 anutium—S.
