3165 4959
381 1021 489 1070 Mul
496 1021 532 1069 ti
558 1019 612 1067 in

386 1088 497 1137 'em
504 1085 654 1145 vulg.

357 1151 453 1201 loci
478 1165 579 1201 cor·

352 1215 537 1281 rupti.]

432 3368 561 3429 263

678 334 809 395 364
1306 348 1390 393 AD
1436 346 1818 394 CARDINALIS
1863 345 2263 394 BELLARMINI

680 523 873 585 quam
922 501 1043 565 duo
1078 499 1352 582 foedera,
1402 503 1523 564 duo
1566 502 1759 564 ubera
1802 501 2126 578 Ecclesiae,
2163 502 2286 563 duo
2337 503 2737 569 Testamenta
2784 528 2903 569 no-

679 604 911 666 minari
930 605 964 666 ‚9

745 730 891 779 Prior
910 730 1052 780 locus
1071 730 1192 779 Luc.
1215 744 1297 779 xv,
1324 735 1589 780 correctus.
1615 767 1628 779 .
1653 751 1696 779 .:
1724 730 1972 794 posterior
1991 745 2094 780 non
2117 736 2194 780 est
2211 736 2453 794 mutatus,
2475 735 2722 796 quoniam
2747 735 2902 786 habe·

732 876 736 880 ,
807 815 895 860 tur
929 811 985 860 in
1020 810 1257 861 omnibus
1297 810 1496 861 Latinis
1528 810 2033 876 codicibus—[Bell.
2066 812 2217 877 Apol.
2257 828 2351 878 pro
2366 813 2536 879 Resp]
2559 831 2610 879 p.
2631 818 2712 867 47.
2752 817 2906 881 [Op.‚

808 899 932 943 tom.
950 894 1037 943 vii.
1061 893 1153 943 col.
1179 894 1290 945 787.
1317 892 1400 956 0.]
1977 896 1983 900 “

767 994 869 1057 De
913 998 1191 1056 correcto
1231 992 1355 1075 (vix
1404 992 1693 1073 tandem)
1733 993 1958 1056 Romae
1995 993 2128 1056 loco
2169 993 2524 1076 Evanyelii,
2570 994 2708 1073 ubi,
2748 1018 2904 1079 quae

680 1099 880 1163 everri
908 1096 1102 1160 modo
1130 1094 1355 1159 debuit
1384 1096 1618 1172 domuc,
1643 1096 1836 1158 everti
1867 1094 2219 1175 dicebatur,
2238 1104 2387 1159 uter
2407 1097 2596 1161 nobis
2625 1098 2906 1162 audien-

683 1201 803 1264 dus
847 1199 1168 1277 Pontifex,
1216 1199 1455 1277 Sixtus,
1493 1219 1577 1261 an
1620 1198 1965 1262 Clemens?
2015 1198 2317 1263 Clemens
2361 1199 2619 1283 quidem
2655 1206 2904 1265 mutari

682 1301 951 1369 voluit‘:
1016 1303 1236 1366 Sixtus
1284 1311 1595 1364 maneress.
1691 1301 1820 1363 Sed
1861 1301 2217 1366 Clementis
2268 1301 2434 1365 forte
2483 1324 2617 1366 non
2669 1304 2904 1369 futura

681 1409 947 1473 ultima:
1030 1406 1340 1469 Editurus
1387 1411 1486 1468 est
1534 1412 1601 1468 et
1640 1404 1881 1467 Paulus
1924 1426 2160 1469 novam
2205 1413 2272 1469 et
2313 1427 2517 1484 suam,
2548 1415 2615 1471 et
2645 1418 2901 1474 evertet

681 1510 1121 1576 everriculum.
1213 1510 1390 1572 Nam
1435 1514 1501 1571 et
1544 1508 1654 1570 alii
1699 1515 1873 1585 sunt,
1908 1530 2068 1590 quos
2107 1516 2342 1572 neuter
2372 1509 2626 1592 attigit:
2674 1520 2755 1575 ut
2785 1512 2901 1577 ille

683 1617 789 1679 Pr.
812 1614 934 1678 xvi.
968 1613 1209 1693 lapides
1249 1612 1480 1688 soeculi,
1511 1632 1630 1694 pro
1671 1612 1909 1674 sacculi
1930 1638 1949 1673 :
2013 1612 2100 1674 Et
2139 1612 2245 1693 (ne
2279 1633 2493 1676 morer
2522 1613 2889 1697 lectorem,)

682 1719 761 1782 de
821 1718 976 1781 locis
1036 1723 1184 1780 octo
1246 1714 1545 1793 millibus,
1611 1735 1770 1798 quos
1832 1713 2086 1778 Clarius
2145 1721 2355 1778 vester
2414 1716 2767 1782 correxisse
2826 1740 2902 1783 se

681 1828 973 1898 testatur,
1026 1819 1095 1882 in
1147 1819 1411 1901 vulgata
1460 1817 1744 1881 editione
1763 1815 1827 1880 ¹¹:
1890 1838 2084 1900 quam
2124 1825 2297 1881 certe
2342 1818 2530 1903 pauci
2565 1822 2712 1901 (nec
2761 1822 2900 1885 scio

680 1948 764 1988 an
792 1925 931 2006 ulli)
972 1924 1280 1986 emendati
1319 1923 1458 2004 jam
1500 1921 1814 2004 leguntur
1857 1920 1926 1983 in
1957 1922 2216 1984 vestra?
2306 1921 2704 2006 Praepostere
2736 1946 2895 1990 vero
2959 1958 2962 1965 ·

679 2026 1025 2090 admodum
1069 2024 1433 2088 cardinalis
1473 2025 1768 2087 Graecam
1811 2024 2077 2106 originis
2116 2024 2453 2088 veritatem
2496 2026 2579 2088 ad
2610 2027 2890 2092 Codicae

680 2131 949 2195 Latinos
982 2127 1202 2210 exigit,
1235 2127 1289 2189 si
1320 2127 1632 2190 Latinum
1666 2128 1798 2189 ‘sic
1819 2129 1836 2158 '
1871 2148 2002 2190 non
2046 2135 2258 2192 mutet
2301 2129 2372 2192 in
2405 2130 2706 2193 Graecum
2742 2137 2763 2166 ‘
2783 2134 2892 2211 si,’

678 2256 793 2297 cur
816 2233 1117 2297 Graecum
1151 2230 1264 2293 ‘si'
1298 2251 1432 2293 non
1455 2237 1668 2293 mutat
1689 2229 1758 2291 in
1783 2230 2091 2294 Latinum
2118 2232 2282 2309 ‘sic-j
2311 2238 2378 2295 et
2407 2253 2524 2315 pro
2553 2230 2666 2297 ἐὰν
2693 2230 2901 2300 αὑτὸν

683 2337 1024 2420 (expuncto
1054 2329 1184 2416 ἐὰν)
1219 2331 1378 2416 legit
1423 2328 1621 2400 οὕτως
1650 2327 1857 2395 αὐτόν.
1957 2333 2366 2398 Alterutrum
2411 2335 2644 2399 horum
2690 2336 2898 2402 faciat

678 2446 951 2525 oportet,
982 2459 1068 2502 ne
1117 2437 1209 2502 sic
1252 2438 1480 2501 Graeca
1523 2436 1891 2500 committat
1936 2457 2085 2501 cum
2118 2439 2391 2504 LatiniS.
2488 2441 2633 2506 Nec
2662 2440 2730 2505 id
2760 2465 2893 2507 un-

677 2567 870 2629 quam
907 2543 1180 2627 (opinor)
1215 2541 1463 2619 efficiet,
1494 2547 1570 2603 ut
1614 2540 1788 2603 idem
1834 2549 2064 2604 sonent
2106 2544 2165 2604 .ςὶ
2197 2550 2264 2606 et
2293 2545 2388 2607 sic
2404 2571 2426 2617 ;
2473 2565 2621 2608 cum
2653 2547 2750 2609 sic
2786 2548 2890 2629 (ut

676 2655 904 2712 notum
942 2646 1087 2727 est,)
1142 2666 1280 2709 rem
1324 2651 1545 2727 ponat,
1590 2646 1648 2706 si
1687 2665 1838 2707 vero
1886 2647 2234 2728 suspendat
2279 2653 2562 2714 tantum.
2652 2649 2891 2714 Graeca

675 2772 826 2815 vero
870 2748 1024 2832 quid
1052 2747 1260 2811 valeat
1288 2768 1430 2822 vox,
1475 2767 1592 2808 cur
1635 2766 1709 2808 ex
1742 2746 2128 2828 Augustino,
2161 2749 2528 2829 Ambrosio,
2561 2751 2891 2817 Eucherio

676 2854 920 2917 discere
971 2873 1092 2916 nos
1141 2850 1350 2935 jubet,
1411 2850 1626 2932 potius
1686 2869 1878 2931 quam
1938 2871 2016 2913 ex
2075 2853 2339 2935 Cyrillo,
2394 2854 2888 2939 chrysostomo,

678 2956 1097 3038 HieronymO,
1148 2953 1257 3036 qui
1303 2953 1534 3016 melius
1578 2954 1800 3016 Graece
1850 2953 2185 3020 sciebant?
2276 2957 2415 3020 Aut
2446 2979 2562 3020 cur
2592 2979 2671 3022 ex
2703 2959 2892 3024 Beda

674 3065 740 3121 et
789 3058 1098 3140 Ruperto‚
1148 3076 1339 3137 quam
1384 3075 1462 3118 ex
1498 3053 1853 3137 Euthymio
1901 3062 1966 3117 et
2014 3056 2493 3141 Theophylacto
2511 3061 2541 3123 Ρ
2640 3060 2772 3124 Sed
2817 3071 2887 3126 et

674 3158 846 3241 apud
905 3157 1165 3221 eosdem
1216 3156 1379 3234 illos,
1432 3165 1500 3220 et
1562 3156 1737 3219 haud
1796 3157 1927 3220 scio
1986 3179 2070 3221 an
2116 3159 2353 3241 plures,
2401 3163 2594 3226 ενα-ἡ·
2644 3162 2890 3228 dicitur

674 3262 922 3338 domuS,
967 3280 1087 3323 nec
1134 3260 1333 3322 ever-ri
1356 3283 1374 3319 .-
1423 3279 1618 3342 quem
1663 3260 2029 3323 correxistis
2059 3275 2304 3327 tamen.
2394 3264 2570 3330 Quid
2601 3285 2755 3348 ergo
2787 3268 2886 3329 sic

673 3365 851 3430 istud
878 3365 946 3427 in
973 3384 1082 3427 vos
1113 3368 1355 3426 tantum
1384 3364 1767 3426 committere
1784 3364 1819 3425 ?

737 3492 918 3556 Neque
946 3505 1120 3542 verum
1154 3493 1232 3540 est
1253 3490 1405 3541 verba
1436 3490 1529 3540 illa
1550 3494 1564 3516 ‘
1582 3489 1667 3539 Sic
1698 3504 1816 3539 eum
1840 3489 1954 3540 volo
1988 3491 2216 3541 manere·
2244 3492 2567 3544 mendacium
2600 3496 2885 3554 continere.

802 3579 859 3623 ut
884 3573 992 3624 Rex
1017 3609 1030 3622 .
1055 3608 1067 3622 .
1092 3608 1105 3620 .
1127 3571 1360 3621 affirmat.
1409 3570 1459 3619 N
1462 3586 1529 3620 on
1552 3571 1691 3620 enim
1715 3574 1731 3598 ⁸
1746 3571 1818 3620 sic
1840 3585 1957 3620 eum
1979 3572 2091 3621 volo
2113 3586 2317 3622 manere
2332 3574 2343 3592 ’
2359 3574 2627 3637 significat,
2640 3590 2747 3626 nou
2768 3579 2888 3627 volo

800 3671 914 3707 eum
939 3655 1085 3713 mori,
1100 3652 1188 3703 sed
1209 3667 1312 3701 non
1325 3651 1440 3701 volo
1464 3666 1580 3701 eum
1605 3656 1768 3701 morte
1791 3652 2013 3702 violenta
2026 3653 2277 3718 (mori).—
2286 3654 2414 3704 Bell.
2428 3656 2578 3719 Apol.
2597 3670 2692 3720 pro
2707 3657 2884 3723 Resp.]

801 3753 849 3801 p.
875 3738 985 3786 148.
1010 3735 1145 3800 [Op.‚
1167 3738 1289 3783 tom.
1308 3734 1395 3783 vii.
1419 3734 1510 3782 col.
1529 3732 1641 3785 787.
1664 3733 1718 3783 0.
1745 3732 1828 3797 D.]

756 3836 1006 3899 Verum
1053 3840 1272 3896 autem
1322 3833 1468 3914 (nec
1517 3831 1586 3893 id
1632 3831 1763 3894 scio
1814 3832 2079 3914 negabit
2126 3832 2509 3917 Cardinalis)
2546 3857 2625 3898 ex
2664 3838 2884 3902 verbis

670 3940 816 4017 illis,
850 3939 961 4001 Sic
1000 3958 1137 4000 eum
1183 3937 1318 3998 volo
1365 3955 1615 3998 manere
1662 3935 1853 3998 donec
1894 3937 2156 4014 veniam,
2204 3937 2443 4001 multos
2488 3940 2884 4005 mendacium

668 4042 829 4107 illud
865 4040 1061 4124 (quod
1104 4038 1321 4120 negat)
1362 4036 1668 4115 elicuisse,
1701 4058 1821 4100 nec
1850 4037 2032 4116 illud,
2065 4059 2188 4101 non
2214 4041 2351 4101 volo
2381 4047 2578 4104 morte
2605 4044 2885 4108 violenta

668 4149 943 4228 miyrare
964 4167 983 4203 .·
1037 4143 1227 4226 (nova
1255 4141 1393 4203 haec
1423 4147 1520 4203 est
1550 4139 1913 4204 cardinalis
1948 4140 2197 4223 Glossa)
2235 4142 2348 4205 sed
2394 4144 2678 4223 omnino,
2728 4147 2882 4212 Non

841 4341 974 4391 Bibl.
1019 4341 1154 4390 Sacr.
1190 4340 1336 4402 jussu
1379 4339 1536 4389 Clem.
1573 4338 1722 4388 Vlll.
1814 4342 1956 4389 1590.
1993 4340 2122 4389 Edd.
2145 4343 2442 4392 vetustiores
2469 4343 2660 4395 habent
2694 4350 2726 4373 ‘⁴
2742 4362 2882 4397 ever.

671 4407 724 4457 P.
751 4407 823 4455 M.
844 4421 1043 4466 recogn.
1077 4405 1267 4463 Romae,
1293 4402 1456 4465 1592]
1811 4405 1924 4461 tit?
1944 4408 1996 4454 et
2017 4405 2074 4453 in
2095 4420 2255 4467 marg.
2284 4409 2316 4432 “
2332 4407 2578 4472 everrit.”]

716 4478 756 4544 ‘z
791 4471 851 4533 [“
872 4469 937 4518 Et
958 4470 1142 4518 evertit
1165 4467 1561 4543 d⁰m¹¹¹¹.¹·”.ibid·
1588 4468 1721 4529 apud
1877 4466 1900 4499 ¹¹
1935 4467 2090 4545 [Vide
2115 4470 2266 4520 Clarii
2289 4470 2487 4520 I‘raefut.
2512 4474 2567 4521 in
2594 4471 2764 4524 Biblia
2787 4492 2882 4526 sua

669 4532 798 4582 Bnbl.
834 4532 967 4580 Sacr.
996 4532 1145 4593 Vulg.
1185 4531 1273 4580 Ed.
1310 4534 1446 4580 Sum
1471 4531 1532 4580 V.
1572 4532 1625 4581 1’.
1653 4532 1718 4581 M.
1808 4533 1944 4596 apud
1968 4532 2093 4584 cm.
2118 4533 2250 4585 Sacr.
2273 4539 2395 4587 tom.
2420 4536 2476 4599 i.]

669 4358 699 4392 a
735 4278 753 4311 ¹
769 4280 845 4392 ‘f‘
863 4278 932 4327 Et
952 4277 1139 4327 everrit
1159 4275 1411 4325 domum.”
1433 4275 1551 4324 Luc.
1576 4289 1658 4322 xv.
1679 4277 1723 4324 8.
1802 4273 1948 4337 jussu
1992 4277 2250 4338 recognita
2291 4281 2444 4341 atque
2487 4279 2626 4329 edita
2681 4280 2888 4346 Romae,

702 4360 766 4405 pu
