3165 4959
931 358 1295 405 ,momeliam
1341 358 1702 405 axspoxsm.
2289 351 2418 413 499

212 516 329 580 sed
358 536 503 579 vere
550 517 803 599 Regum
850 514 1142 579 subditos
1187 536 1468 591 manere,
1499 515 1904 598 exemptione
1933 537 2064 580 non
2095 517 2415 583 obstante.

213 621 305 683 Et
363 620 433 682 ni
483 620 952 702 exemptionem
1012 619 1180 682 hanc
1231 618 1560 682 fateantur
1621 618 1812 701 Regii
1864 620 2028 703 juris
2081 641 2239 699 esse,
2289 644 2421 685 non
2472 664 2477 667 -

213 722 540 787 immerito
586 723 801 786 denuo
847 721 1284 786 revocandam.
1377 723 1861 805 Tergiversatur
1907 744 2060 806 ergo
2099 745 2252 787 voce
2298 725 2425 788 ista

216 849 336 889 sua
365 828 647 889 inveniri.
737 827 1016 888 Inveniri
1061 826 1320 908 quidem
1359 826 1430 888 in
1467 827 1800 900 Conciliis;
1849 825 1960 888 sed
1991 848 2075 889 an
2105 834 2170 890 et
2199 827 2354 890 exiit
2385 849 2426 889 a

224 931 521 993 Conciliis
548 931 851 1011 exemptio
880 930 1064 992 haee‘?
1112 929 1390 991 Inveniri
1420 928 1680 1011 quidem
1711 929 1780 991 in
1817 929 2111 992 Conciliis
2128 956 2149 1003 ;
2196 930 2311 993 sed
2341 952 2426 993 an

217 1032 512 1110 eandem,
557 1054 640 1095 an
671 1031 896 1095 eodem
936 1032 1129 1115 jure?
1189 1031 1394 1108 aNon,
1428 1031 1538 1094 sed
1585 1031 1849 1109 diverso,
1896 1037 1961 1094 et
2006 1033 2195 1115 plane
2240 1054 2422 1096 novo·

221 1135 415 1201 Quod
445 1136 620 1199 enim
650 1136 1033 1217 exemptione
1063 1155 1179 1197 sua
1207 1134 1276 1197 in
1308 1134 1532 1197 multis
1563 1135 1906 1217 gaudeant,
1940 1156 2073 1199 non
2112 1142 2423 1218 negatur:

217 1239 413 1315 unde,
447 1259 574 1320 quo
609 1239 776 1321 jure,
823 1246 890 1301 et
940 1257 1213 1319 quorum
1249 1235 1561 1300 beneficio
1608 1238 1952 1320 gaudeant,
1984 1238 2051 1300 id
2098 1238 2423 1321 quaeritur.

217 1342 365 1406 Nec
409 1340 766 1405 Cardinalis
814 1340 1220 1421 exemptionis
1270 1346 1510 1418 auctor,
1563 1361 1755 1404 sane:
1818 1340 1932 1404 sed
1977 1342 2160 1423 hujus
2206 1349 2428 1404 tamen

220 1444 625 1525 exemptionis
646 1463 832 1520 novae,
854 1464 981 1525 qua
1003 1463 1148 1505 vere
1175 1443 1427 1525 Regum
1452 1442 1698 1507 subditi
1728 1465 1861 1507 non
1891 1443 2022 1506 sint
2038 1469 2058 1521 3
2105 1465 2232 1526 qua
2261 1443 2430 1507 cives

218 1568 357 1611 non
388 1546 538 1625 sint,
570 1555 635 1610 et
679 1568 829 1609 cum
873 1545 1120 1610 civibus
1169 1545 1416 1609 eaeteris
1462 1545 1634 1609 civili
1679 1546 1824 1628 lege
1867 1553 2256 1625 teneantur,
2305 1569 2433 1629 qua

230 1652 447 1714 Omnis
486 1652 695 1713 anima
729 1651 1034 1732 potestati
1071 1650 1355 1731 yladium
1386 1651 1699 1731 portanti,
1748 1651 1937 1713 etiam
1976 1656 2244 1732 propter
2287 1671 2431 1713 con-

220 1755 551 1818 scientiam
601 1774 725 1816 non
773 1752 1144 1833 subjiciatur
1164 1750 1212 1815 ¹².
1301 1753 1652 1835 Exemptos
1703 1752 2107 1835 aliquatenus
2155 1773 2195 1815 a
2225 1753 2435 1833 juris-

225 1858 496 1921 dictione
543 1857 939 1939 Principum,
978 1864 1044 1919 et
1092 1877 1211 1919 nos
1259 1855 1701 1938 agnoscimus:
1749 1856 1861 1918 sed
1894 1878 1932 1918 a
1962 1856 2429 1936 jurisdictione,

228 1983 362 2025 non
411 1961 781 2042 subjectione
802 1986 821 2021 .-
887 1958 1206 2043 subjectos
1259 1979 1410 2021 sane
1428 1983 1447 2035 ;
1512 1958 1627 2021 sed
1679 1959 2014 2040 diplomate
2061 1958 2274 2042 aliquo
2324 1979 2429 2021 ex-

229 2070 478 2146 emptos
506 2063 577 2126 in
608 2062 934 2144 aliquibus,
977 2083 1017 2125 a
1050 2063 1198 2145 jure
1229 2060 1399 2145 quod
1428 2060 1694 2144 reliquis
1724 2060 1969 2124 civibus
1998 2060 2274 2138 dicitur3
2319 2062 2434 2125 sed

231 2173 560 2250 exemptos
605 2166 684 2228 ab
732 2167 888 2246 ipsis
931 2165 1204 2246 Regibus
1249 2165 1362 2227 illa
1410 2185 1525 2227 sua
1556 2164 2025 2246 jurisdictione,
2058 2186 2132 2228 ac
2170 2185 2286 2248 per
2311 2164 2436 2228 hoe

229 2270 502 2351 Reyibus
566 2268 891 2349 subjectos.
1003 2269 1180 2331 Nam
1239 2266 1310 2329 ni
1368 2266 1603 2344 forent,
1667 2288 1781 2330 cur
1838 2268 2219 2348 exemptione
2275 2289 2436 2351 opus

229 2372 591 2437 haberent?
668 2370 833 2436 Quis
864 2371 1100 2445 eximit,
1135 2368 1245 2450 qui
1276 2368 1377 2430 sui
1408 2375 1558 2430 ante
1591 2368 1756 2451 juris
1787 2370 2017 2431 erant?
2093 2370 2437 2450 Exempto-9

228 2476 446 2561 igitur,
490 2475 643 2556 jure
692 2473 911 2555 Reyio‚
966 2494 1100 2535 non
1160 2471 1390 2548 divino,
1443 2470 1542 2534 vel
1598 2470 1696 2552 (ut
1748 2471 1996 2535 noviter
2045 2472 2429 2554 Cardinalis)

216 2581 461 2662 partim
516 2577 744 2654 divino,
795 2576 1040 2657 partim
1090 2577 1374 2648 humano,
1422 2576 1669 2656 partim
1720 2573 1979 2639 neutr01.
2071 2577 2213 2639 Nee
2260 2577 2434 2639 enim

231 2703 415 2766 posse
461 2678 854 2762 subjectione
900 2678 969 2740 in
1013 2683 1222 2741 totum
1272 2677 1484 2753 eximi,
1519 2698 1668 2740 cum
1711 2685 2101 2760 praeceptum
2146 2679 2433 2742 divinum

231 2786 335 2862 sit,
382 2792 457 2846 ut
503 2783 700 2845 omnis
750 2783 960 2843 anima
1006 2781 1313 2861 potestati
1357 2781 1642 2861 yladium
1687 2783 1978 2862 portanti
2027 2782 2113 2844 sit
2162 2782 2430 2845 subdita.

231 2886 657 2951 Immunitate
686 2905 838 2966 ergo
876 2883 1101 2947 donari
1146 2904 1346 2966 posse,
1378 2904 1621 2962 verum,
1654 2884 1861 2967 quoad
1897 2906 2017 2961 res,
2050 2886 2261 2968 quoad
2290 2906 2433 2968 per-

230 3012 455 3054 sonas:
519 2988 928 3051 immunitate
974 2986 1390 3070 subjectionis
1435 3007 1569 3050 non
1617 3008 1839 3070 posse,
1911 2985 2207 3069 ὖποτωγὴ
2261 2989 2435 3053 enim

231 3093 432 3156 divini
459 3093 635 3172 juris
663 3096 778 3154 est.

322 3195 672 3270 Postremo,
693 3201 758 3256 et
789 3213 827 3255 a
850 3193 1027 3274 Rege
1057 3193 1194 3255 haec
1224 3191 1477 3275 scripta,
1511 3214 1645 3256 non
1677 3192 1758 3255 ad
1782 3193 2107 3257 Cardinali
2136 3195 2437 3257 invidiam

231 3298 644 3382 conflandam,
704 3295 890 3378 (Quis
949 3295 1124 3357 enim
1184 3296 1324 3358 Rex
1382 3295 1713 3357 Cardinali
1768 3297 2135 3360 invideret?
2225 3298 2434 3363 Quem

229 3402 450 3486 potius
494 3401 630 3483 ejus
669 3420 800 3462 non
840 3398 1137 3461 misereat
1158 3398 1207 3479 ἲ)
1264 3397 1375 3461 sed
1412 3398 1493 3461 ad
1524 3399 1761 3480 Reyum
1798 3401 2118 3462 solertiam
2156 3402 2434 3464 excitan-

231 3506 378 3568 dam
402 3531 421 3565 .·
472 3523 743 3586 quorum
789 3522 975 3564 nosse
1021 3502 1290 3564 interest
1337 3521 1464 3576 eoS‚
1512 3502 1623 3583 qui
1669 3522 1850 3564 secus
1892 3502 1963 3565 in
2014 3524 2122 3567 eos
2170 3505 2437 3568 animati

233 3614 410 3671 sunt.
503 3604 635 3671 Qui
684 3605 956 3667 Clericos
1000 3624 1146 3667 vere
1193 3604 1428 3685 Reyum
1473 3604 1753 3667 subditos
1795 3627 1929 3668 non
1980 3627 2151 3670 esse:
2215 3628 2292 3671 ex
2339 3629 2435 3686 e0,

234 3708 412 3793 quod
442 3729 587 3772 vere
633 3705 878 3770 subditi
922 3727 1054 3770 non
1099 3706 1249 3785 sint,
1279 3706 1662 3789 proditionis
1693 3707 1765 3769 in
1801 3709 2122 3787 Coesarem,
2154 3711 2439 3775 ullumve

237 3813 505 3894 Regem,
547 3829 690 3872 reos
738 3828 876 3871 esse
918 3829 1053 3872 non
1089 3829 1309 3890 posse;
1355 3829 1475 3872 nec
1523 3809 1839 3873 actionem
1880 3811 1961 3874 de
2005 3832 2082 3875 ea
2122 3813 2317 3876 ullam
2368 3815 2439 3877 in

237 3935 348 3977 eos
392 3912 664 3976 institui.
754 3911 941 3975 Cives
987 3910 1265 3993 quidem,
1299 3910 1509 3992 quoad
1554 3919 1784 3975 caetera
1815 3913 2067 3978 Civium
2110 3914 2438 3994 beneficia,

239 4036 381 4079 esse
411 4013 609 4077 velle:
659 4021 726 4076 at
758 4013 1010 4076 Civium
1060 4020 1281 4075 tamen
1325 4011 1575 4096 legibus
1623 4034 1755 4077 non
1805 4016 2033 4080 teneri.
2123 4018 2439 4101 Denique,

239 4121 450 4200 Reges
479 4118 814 4179 Laicorum
846 4116 1055 4198 Reges
1095 4136 1253 4194 esse,
1294 4136 1429 4178 non
1466 4116 1863 4182 Clericorum.
1959 4119 2282 4183 calumnia
2314 4124 2443 4184 Izaec

238 4221 420 4286 nulla
449 4228 567 4297 est,
601 4217 713 4282 sed
750 4218 1015 4282 assertio
1056 4239 1132 4281 ex
1171 4217 1371 4302 ipsius
1410 4217 1699 4282 fontibus
1736 4221 1956 4303 petita.
2051 4223 2147 4286 Ut
2177 4230 2243 4287 et
2273 4225 2442 4308 ejus-

307 4407 330 4439 ιι
367 4407 530 4535 {Confi
555 4406 698 4456 Rom.
722 4405 833 4454 xiii.
859 4406 905 4464 1,
931 4407 976 4464 4,
1000 4404 1067 4468 6.]
1388 4407 1543 4463 1696;
1595 4406 1655 4455 in
1686 4407 1807 4458 edit.
1844 4407 1949 4460 Col.
1985 4411 2107 4472 Agr.
2144 4411 2269 4463 1628
2306 4411 2441 4463 haud

308 4471 321 4504 ¹
403 4472 507 4522 Bell
534 4470 555 4535 ]
582 4471 657 4520 De
683 4471 809 4520 Cler.
844 4469 919 4519 lib
956 4471 989 4518 i.
1027 4404 1218 4584 einp&
1384 4470 1459 4521 ita
1480 4470 1730 4536 habetat]

243 4538 428 4587 Tertia
458 4537 590 4602 [Op.,
612 4542 733 4585 tom.
747 4536 781 4584 i.
805 4534 898 4585 col.
918 4537 1043 4584 1668
1113 4534 1298 4598 ugolst.

2546 3413 2676 3477 362
