3165 4959
671 334 801 397 166
1302 346 1387 395 AD
1433 346 1816 395 CARDINALIS
1857 343 2257 394 Bmfflmm

738 503 865 551 vero
886 500 1126 564 injuriam
1147 501 1500 564 gravissimam
1522 500 1604 550 mi
1623 487 1760 558 socie,
1782 499 1868 563 qui
1890 512 2007 548 enm
2028 497 2280 548 abstraxit
2300 511 2333 547 a
2347 496 2513 546 Matre
2531 495 2805 554 Cothonea,
2822 499 2878 546 et

801 581 1173 633 instituendum
1204 581 1518 632 calvinianis
1551 580 2007 643 tradidit—[Bell.
2040 578 2190 644 Apol.
2224 592 2316 642 pro
2339 576 2510 641 Resp.]
2548 592 2598 642 p.
2622 580 2699 628 50.
2738 577 2882 641 [Op.,

804 666 928 712 tom.
948 663 1034 712 vii.
1057 662 1150 712 ool.
1170 663 1281 715 733.
1296 661 1380 727 Α]

351 775 632 854 [Quomodo
764 762 1084 824 Institutio
1133 760 1395 844 quidem
1442 762 1580 844 ejus
1626 781 1702 825 ea
1745 760 1891 840 fuit,
1940 761 2062 824 etsi
2105 781 2147 823 a
2189 765 2391 822 matre
2436 758 2762 835 abstracti,
2805 761 2883 818 ut

350 839 909 946 ¹¹¹⁸m¹¹t¹¹⁸3judicio
969 864 1155 926 Orbis
1213 870 1396 927 terroe
1453 865 1594 947 ejus
1640 863 1825 927 illum
1872 863 2185 947 poenitere
2237 883 2371 925 non
2431 860 2683 924 debeat.
2772 858 2883 922 Ad

677 987 816 1030 rem
876 966 1176 1045 divinam,
1238 966 1321 1030 ad
1368 965 1494 1030 Dei
1540 965 1806 1031 verbum
1863 964 2205 1049 frequenti,
2269 963 2350 1027 ad
2408 968 2884 1026 sacrosanctam

677 1068 1168 1147 Eucharistiam,
1228 1068 1464 1148 debita,
1531 1068 1765 1133 devota
1820 1069 2181 1152 praesentia,
2241 1067 2415 1131 Vitae
2479 1065 2882 1142 castimonia,

677 1178 1083 1236 terrenarum
1125 1193 1342 1236 rerum
1388 1177 1786 1255 contemptu,
1823 1179 1889 1235 et
1943 1173 2108 1255 (quae
2152 1169 2224 1233 in
2268 1169 2550 1232 minimis
2602 1189 2737 1231 non
2780 1175 2886 1231 est

677 1274 965 1358 laudum)
1019 1275 1382 1354 clementia,
1426 1277 1683 1358 Regum
1727 1276 1799 1337 in
1837 1295 2129 1352 numero,
2172 1293 2330 1356 quos
2373 1270 2728 1335 Cardinalis
2762 1271 2885 1333 Ca-

681 1379 941 1441 tholicos
979 1378 1306 1461 indigitat,
1350 1379 1560 1461 (parce
1594 1378 1823 1461 dicam)
1858 1377 2025 1439 nulli
2053 1374 2239 1440 cedit.
2330 1376 2476 1439 Nec
2503 1375 2605 1438 vel
2634 1374 2882 1451 melior,

688 1479 919 1561 (ausim
955 1479 1186 1563 dicere)
1223 1481 1322 1545 vel
1349 1481 1446 1543 vir
1473 1480 1715 1560 fnisset,
1747 1480 1847 1544 vel
1878 1481 2037 1557 Rex,
2084 1478 2140 1541 si
2176 1477 2480 1560 praeclara
2517 1475 2630 1539 ina
2665 1478 2886 1559 (quam

680 1583 1042 1647 Cardinalis
1074 1583 1373 1665 somniat)
1413 1584 1802 1646 institutione
1821 1580 1971 1662 srui
2013 1580 2239 1644 datum
2270 1580 2331 1643 ei
2358 1579 2604 1643 fuisset.
2655 1578 2886 1645 Qualis

678 1692 900 1750 autem
934 1687 1180 1750 Noster
1221 1686 1347 1764 hic,
1380 1686 1602 1769 quales
1654 1686 1808 1749 alibi
1836 1685 2058 1749 Vestri
2102 1684 2254 1761 sint,
2298 1683 2372 1746 in
2405 1682 2659 1746 theatro
2687 1681 2887 1765 positi

679 1787 872 1851 Orbis
901 1795 1237 1866 terrarum,
1268 1788 1470 1851 latere
1499 1809 1634 1851 non
1661 1793 1951 1870 possunt.

736 1913 955 1963 Jacobus
993 1913 1102 1963 Rex
1139 1928 1243 1964 non
1276 1914 1440 1964 solum
1473 1928 1605 1964 unus
1637 1917 1767 1964 esset
1798 1928 1863 1964 ex
1897 1912 2074 1963 ordine
2110 1912 2323 1975 Regum,
2346 1910 2435 1961 sed
2466 1946 2481 1961 .
2516 1947 2529 1961 .
2565 1947 2580 1961 .
2614 1925 2643 1960 e
2669 1925 2886 1961 numero

811 1994 1186 2045 Catholieorum
1203 1994 1414 2059 Regum,
1430 1995 1475 2044 si
1491 2010 1523 2045 a
1537 1995 1749 2046 Parente
1773 1993 2033 2045 catholica
2054 1994 2258 2044 institui
2280 1997 2449 2057 posset
2467 1993 2583 2059 [leg.
2597 1991 2885 2058 potuisset]-

816 2075 1032 2140 —[Bell.
1059 2076 1209 2141 Apol.
1233 2091 1325 2141 pro
1347 2075 1517 2141 Reno]
1551 2092 1602 2141 p.
1627 2079 1703 2128 50.
1741 2076 1857 2141 [Op.
1882 2079 2006 2125 tom.
2030 2076 2117 2126 vii.
2151 2076 2243 2125 col.
2268 2075 2380 2127 733.
2403 2073 2491 2139 A.]

357 2197 548 2261 [Quam
570 2211 642 2247 or-
768 2174 888 2237 Est
916 2195 1065 2238 vero
1109 2176 1178 2237 in
1221 2175 1438 2238 ordine
1482 2180 1668 2258 atque
1695 2196 1946 2238 numero
1978 2175 2347 2256 Principum
2384 2173 2890 2236 Orthodooeorum

354 2260 650 2325 thodoxua]
679 2278 819 2340 Rex
846 2283 1086 2340 noster.
1163 2278 1260 2341 Ut
1290 2284 1540 2341 constet
1564 2299 1723 2356 esse,
1756 2277 1837 2341 ad
1860 2299 2003 2341 eam
2030 2298 2189 2355 rem,
2216 2274 2670 2357 Censes-sionem
2700 2298 2888 2340 suam

677 2378 899 2458 edidit,
944 2379 1143 2463 inque
1184 2380 1297 2444 illo
1325 2381 1541 2443 ordine
1585 2386 1777 2464 atque
1820 2401 2091 2459 numero,
2140 2379 2447 2463 aequiores
2488 2378 2741 2462 judices
2771 2401 2884 2442 ex-

678 2489 930 2567 pectat:
980 2484 1323 2564 Cardinali,
1375 2506 1510 2548 non
1553 2486 1655 2548 vel
1699 2491 1828 2548 stat
1871 2485 1974 2548 vel
2018 2483 2210 2563 cadit,
2257 2482 2369 2566 qui
2419 2484 2887 2546 Controversia-3

682 2607 829 2649 suas
872 2586 1039 2650 sorte
1077 2608 1300 2650 omnes
1343 2585 1484 2651 fieri
1526 2587 1719 2652 vellet
1763 2586 1843 2651 de
1886 2588 2159 2669 symbolo
2182 2614 2200 2649 .·
2250 2608 2522 2669 quarum
2561 2586 2885 2669 pleraeque

440 2691 568 2756 127
693 2688 887 2772 (quod
916 2690 1014 2753 vel
1043 2689 1294 2773 plebeii,
1327 2690 1570 2754 nedum
1600 2690 1928 2774 Principes
1973 2690 2162 2754 facile
2209 2689 2578 2772 agnoscent)
2632 2688 2885 2752 laciniae

681 2793 873 2857 modo
904 2800 1075 2872 sunt,
1107 2801 1173 2856 et
1203 2799 1573 2857 assumenta
1613 2794 1695 2857 ad
1740 2794 1953 2872 fidem,
1987 2814 2148 2878 quae,
2181 2791 2465 2877 praecisis
2511 2791 2631 2870 his,
2668 2792 2886 2875 potuit

679 2896 831 2959 olim
865 2896 996 2975 diu,
1027 2903 1237 2980 potest
1268 2903 1332 2960 et
1360 2897 1500 2980 jam
1529 2905 1706 2960 recte
1735 2897 2101 2962 consistere.

741 3020 841 3070 Sed
863 3020 997 3083 quod
1019 3022 1265 3085 princeps,
1291 3024 1379 3085 qui
1399 3023 1463 3072 ab
1487 3023 1710 3086 ipsorum
1734 3024 1979 3087 religione
2000 3024 2251 3084 abhorret,
2279 3044 2337 3066 --

761 3109 977 3173 Aliam
1007 3131 1160 3193 ergo
1189 3133 1229 3174 a
1258 3113 1547 3194 Regibus
1578 3135 1919 3178 censuram
1948 3124 2125 3180 certo
2155 3116 2281 3180 sibi
2309 3117 2668 3200 pollicetur,
2700 3126 2882 3202 post-

678 3234 869 3296 quam
891 3212 967 3276 de
995 3215 1331 3295 majoribus
1360 3216 1506 3294 illis,
1539 3238 1760 3281 sanam
1783 3218 1925 3294 sibi,
1959 3218 2354 3303 solidamque
2373 3220 2566 3285 fidem
2588 3223 2884 3306 probavit

676 3337 836 3380 esse.
926 3317 1084 3383 Non
1124 3319 1319 3398 enim,
1350 3320 1429 3382 ab
1458 3321 1706 3384 illorum
1751 3323 2049 3404 religione
2083 3323 2393 3402 abhorret,
2426 3324 2540 3388 sed
2579 3347 2617 3388 a
2647 3325 2885 3410 quibus

680 3421 990 3500 abhorret,
1020 3421 1133 3486 illa
1175 3423 1433 3487 illorum
1464 3426 1684 3507 reliyio
1712 3447 1845 3489 non
1876 3432 2049 3490 sunt.

749 3575 808 3592 ·=
840 3549 929 3614 qui
947 3548 1045 3614 [ut]
1063 3549 1439 3600 Antichristum
1457 3555 1734 3613 execratur,
1753 3551 1923 3616 [quem
1941 3553 2020 3601 illi
2036 3556 2095 3602 ut
2112 3552 2303 3604 Christi
2318 3553 2562 3604 vicarium
2580 3555 2796 3620 colunt,]
2818 3575 2879 3596 =

767 3643 1011 3725 Papam
1042 3640 1322 3724 quidem,
1346 3640 1474 3705 nisi
1496 3641 1568 3705 in
1589 3643 1855 3726 Templo
1885 3643 2155 3723 sederet,
2174 3666 2291 3728 pro
2308 3645 2450 3710 Deo
2482 3666 2549 3709 se
2574 3656 2826 3729 gereret
2836 3660 2884 3730 q,

683 3743 1041 3809 Vicedeum
1087 3766 1154 3809 se
1202 3744 1392 3809 scribi
1437 3745 1678 3810 sineret
1691 3755 1748 3823 ’ς
1801 3768 1917 3829 pro
1945 3747 2338 3811 Antichristo
2387 3769 2523 3812 non
2568 3750 2880 3817 haberet:

679 3845 784 3908 cui
823 3845 1070 3910 inustas
1111 3847 1359 3910 notavit
1387 3855 1574 3911 notas
1604 3848 1863 3928 multas,
1897 3848 2127 3932 quibus
2157 3849 2296 3913 fieri
2323 3850 2429 3913 vix
2457 3857 2688 3933 potest,
2722 3854 2885 3936 quin

678 3948 863 4013 valde
881 3949 1357 4014 Antichristum
1383 3950 1640 4014 referat.
1703 3951 1846 4013 Nec
1876 3957 2208 4015 execratur
2235 3958 2476 4031 tamen,
2510 3954 2667 4037 quin
2696 3976 2883 4020 men-

682 4074 898 4116 suram
928 4075 1110 4117 suam
1150 4075 1359 4133 nosse,
1391 4060 1458 4117 et
1494 4053 1576 4117 ad
1620 4053 1952 4119 meliorem
1996 4061 2282 4119 mentem
2316 4056 2525 4121 redire
2555 4079 2632 4121 cx
2662 4057 2881 4123 animo

683 4163 899 4239 optat:
948 4156 1001 4219 si
1029 4156 1099 4219 id
1136 4178 1272 4222 non
1312 4156 1519 4235 detur,
1551 4156 1802 4236 saltem,
1834 4178 1919 4221 ne
1962 4157 2249 4241 Regibus
2289 4165 2558 4243 sceptra,
2606 4161 2884 4225 subditis

682 4280 766 4322 ne
797 4258 991 4323 fidem
1021 4266 1314 4343 ereptum
1343 4260 1576 4326 veniat.

745 4416 768 4448 ι1
824 4410 853 4456 2
878 4408 1047 4459 Thess.
1069 4409 1123 4460 ii.
1148 4409 1216 4474 4.]

662 4478 669 4483 ’
752 4479 770 4503 ¹
824 4473 932 4529 Quo
950 4475 1103 4523 titulo
1117 4473 1336 4525 Thomas
1350 4475 1513 4526 Maria
1526 4476 1735 4538 Caraffa,
1823 4479 1930 4529 lum
1976 4478 2039 4529 V.
2083 4480 2184 4529 insi
2257 4480 2365 4532 'vit
2449 4479 2586 4533 vido
2648 4479 2884 4532 Burnet's

686 4534 743 4581 in
763 4532 1078 4587 dedicatione
1107 4537 1346 4589 Thesium
1374 4556 1592 4601 suarum,
1613 4541 1734 4592 Pau·
1827 4544 1937 4594 Life
1961 4545 2016 4594 of
2032 4495 2296 4611 Bedelffinp.
2323 4543 2422 4609 11.]
