3165 4959
926 357 1291 406 Aromcuu
1336 358 1701 408 aasmnsm.
2379 348 2419 409 3

192 511 397 593 paam·
426 531 592 594 opus
622 511 708 576 sit
737 533 979 577 senem.
1061 515 1246 579 Sinat
1276 536 1431 599 ergo
1460 515 1695 580 dehinc
1717 516 1856 599 jam
1885 514 2380 598 interquiescere
2395 543 2416 595 ς

200 614 572 698 lampadem
620 618 761 700 ejus
807 618 918 681 alii
963 618 1156 683 alicui
1194 620 1429 698 tradat,
1472 620 1551 702 (si
1592 619 1787 683 modo
1826 626 1924 682 est
1965 619 2129 682 alius
2160 619 2410 704 aliquis)

198 718 270 782 in
302 719 748 785 Cardinalium
781 729 973 801 coetu,
1007 723 1117 805 qui
1147 732 1375 787 aaetum
1406 723 1572 787 ferre
1601 723 1823 806 possit,
1855 731 1922 786 et
1950 722 2202 806 pondus
2233 724 2362 788 diei
2373 723 2411 789 ¹.

202 823 402 900 Nam,
443 824 600 906 quid
648 825 912 889 tandem
959 825 1126 889 libro
1175 826 1298 890 hoc
1346 847 1595 910 nupero
1636 826 1892 909 reponit
1937 825 2143 902 nobis,
2186 835 2417 909 praeter

201 928 502 1006 cophinos
545 926 790 1011 aliquot
824 927 1329 1010 fraymentorum
1368 930 1449 994 de
1486 932 1938 994 Controversiis
1978 930 2158 994 suis?
2249 952 2412 1015 quae,

201 1028 361 1092 olim
409 1029 704 1094 novitate
748 1052 865 1095 sua
898 1033 1174 1112 venales,
1214 1034 1354 1116 jam
1398 1034 1555 1097 satis
1599 1033 1929 1117 inspectae,
1962 1032 2224 1096 fastidio
2267 1033 2410 1097 fini-

201 1131 383 1196 timae
412 1142 587 1197 sunt.

289 1236 539 1301 Merito
589 1238 852 1301 interim
905 1247 1147 1323 quaerat
1198 1240 1452 1318 Lector,
1486 1255 1630 1323 quo
1679 1239 1866 1305 nobis
1919 1239 2150 1305 abierit
2198 1244 2408 1326 Caput
2565 1248 2607 1309 3

200 1338 417 1421 ipsum
447 1342 899 1420 contentionis,
937 1343 1206 1415 Quaestio
1221 1344 1561 1425 primaria,
1597 1343 1673 1405 de
1701 1343 1993 1425 Reyibus,
2026 1351 2176 1425 post
2204 1346 2410 1409 Bullae
2439 1355 2606 1419 [Capu
2610 1362 2682 1405 ιι
2665 1358 2737 1420 ip-

199 1442 638 1523 ebullitionem,
710 1446 864 1509 solio
922 1447 1359 1510 emuttiendi-s.-
1421 1446 1498 1509 de
1561 1445 1830 1509 subditi-s
1888 1445 2025 1526 fide
2097 1447 2409 1511 laxandis.
2435 1434 2566 1534 ἓξὲξ
2569 1421 2696 1535 ἓξζζ

202 1546 401 1625 Nam,
464 1546 544 1610 de
607 1548 955 1631 quaestione
1018 1550 1143 1614 hac
1182 1557 1342 1628 tota,
1399 1550 1471 1615 in
1523 1556 1665 1613 tota
1720 1549 1841 1612 hac
1897 1548 2214 1632 Apologia
2274 1571 2409 1631 sua,
2438 1550 2677 1613 omittit]

201 1648 407 1712 altum
459 1649 786 1714 Cardinali
837 1651 1216 1730 silentium3
1286 1652 1467 1737 quasi
1525 1651 1607 1717 de
1666 1651 1801 1715 acie
1859 1651 2198 1734 profugere
2247 1651 2407 1735 jam,

199 1760 267 1815 et
315 1773 595 1816 vacuum
653 1753 840 1819 nobis
896 1776 1192 1840 campum
1251 1757 1632 1840 relinquere,
1691 1756 1763 1820 in
1822 1755 2039 1819 animo
2097 1756 2157 1819 ei
2216 1765 2406 1821 esset.

202 1854 481 1918 Deserta
527 1855 704 1919 enim
749 1857 960 1921 Causa
1000 1857 1353 1941 principali,
1394 1857 1574 1941 quasi
1607 1863 1997 1939 pungeretur
2032 1858 2170 1941 ipse
2215 1879 2410 1939 φαρε-

199 1959 369 2020 tione
428 1980 563 2038 sua,
623 1959 718 2023 ita
772 1960 998 2044 recipit
1058 1983 1127 2026 se
1192 1965 1351 2046 jam,
1411 1962 1495 2026 ad
1551 1963 1726 2026 locos
1799 1983 1948 2026 suos
2013 1982 2406 2043 communes,

198 2061 301 2125 De
345 2061 577 2141 Missa,
629 2062 957 2146 Reliquiis,
1006 2065 1405 2148 Purgatori0,
1445 2074 1755 2150 tanquam
1802 2066 1885 2129 ad
1929 2067 2176 2131 Molem
2225 2088 2406 2131 suam

202 2163 525 2227 Hadriani
551 2191 565 2227 :
611 2164 705 2229 ibi
745 2165 950 2230 latum
982 2188 1280 2251 campum
1315 2169 1555 2251 reperit
1585 2168 1980 2233 excurrendi.
2077 2169 2178 2233 De
2210 2170 2405 2253 Regi-

196 2270 318 2334 bus
362 2293 404 2334 a
459 2273 773 2336 Pontifice
819 2273 1230 2357 deponendiS,
1282 2270 1426 2337 οὐδὲ
1465 2275 1625 2360 «γρῦε
1674 2275 1754 2339 (10
1798 2281 2115 2358 potestate
2159 2275 2243 2339 ad
2284 2275 2408 2345 hoc

199 2375 555 2454 Pontificis,
585 2372 733 2439 οὐδὲ
758 2378 867 2457 μῦ.

281 2482 514 2564 Atqui,
565 2482 762 2565 Regis
813 2483 925 2546 illa
970 2482 1154 2547 Fidei
1204 2482 1539 2561 confessiO,
1597 2484 1815 2566 (quam
1861 2504 2122 2548 necesse
2173 2483 2405 2548 habuit

196 2584 575 2670 adjungere,
607 2585 800 2651 toties
828 2608 868 2649 a
897 2586 1239 2651 Cardinale
1281 2586 1618 2650 traductus
1655 2607 1773 2669 pro
1801 2608 1935 2651 non
1965 2587 2335 2651 Christiano
2357 2589 2398 2669 :)

197 2697 362 2765 tum,
413 2710 559 2772 quae
619 2688 701 2752 de
758 2688 1161 2753 Antichristo
1219 2687 1310 2752 ibi
1368 2687 1762 2767 inseruntur,
1827 2688 1976 2770 (quo
2023 2689 2404 2752 Pontificem

197 2793 614 2857 Antichristo
657 2793 850 2877 longe
893 2793 1101 2876 magis
1147 2794 1405 2857 affinem
1449 2812 1590 2856 esse
1619 2799 1892 2869 constet,
1928 2813 2120 2873 quam
2149 2790 2404 2875 Regem

198 2897 240 2959 J
243 2896 466 2960 uliano
485 2906 513 2946 Β
536 2898 578 2978 ε)
648 2896 778 2961 Illa
831 2897 1141 2980 (inquam)
1201 2897 1348 2976 du0,
1402 2892 1825 2981 παραφυάδες
1872 2894 2066 2959 100ᾶο
2113 2902 2286 2974 sunt,
2337 2904 2404 2960 et

197 3005 645 3076 consectanea,
678 3019 756 3061 ex
786 2998 1116 3062 occasione
1144 3006 1318 3076 nata,
1354 3020 1546 3081 quam
1576 2997 1729 3061 dixi.
1800 2997 2011 3081 Caput
2043 3006 2258 3061 autem
2287 2998 2401 3076 rei,

197 3102 497 3164 Potestas
519 3102 732 3183 Papoe,
757 3122 880 3183 qua
902 3109 1239 3184 yrassatur
1263 3103 1332 3165 in
1348 3103 1694 3184 perniciem
1725 3102 2137 3183 Principum:
2185 3124 2402 3166 manu-

194 3207 413 3268 missio
471 3206 639 3269 Cleri
692 3208 902 3284 totius,
963 3226 1040 3269 ne
1097 3207 1342 3270 omniuo
1400 3206 1637 3269 subditi
1694 3207 1821 3268 sint
1845 3233 1864 3269 .·
1928 3208 2153 3289 populi
2212 3208 2402 3270 etiam

194 3311 621 3388 manumissio,
674 3330 751 3373 ne
809 3311 1045 3374 diutius
1101 3311 1248 3389 sint,
1302 3330 1487 3390 quam
1537 3309 1613 3371 id
1664 3311 1759 3372 ita
1817 3311 2013 3392 Papae
2070 3311 2398 3374 videatur:

194 3421 449 3497 peteret
494 3413 633 3477 haec
672 3411 1049 3491 Cardinalis,
1088 3431 1231 3494 quae
1276 3411 1468 3494 plane
1514 3412 1835 3494 praeterit:
1888 3420 2207 3495 premeret
2251 3413 2396 3491 ista,

194 3539 340 3600 quae
390 3517 496 3580 vix
537 3516 937 3600 perstringit.
1030 3515 1261 3579 Illudit
1297 3536 1451 3598 ergo
1482 3515 1760 3579 Caesari:
1812 3515 2024 3580 Cardo
2059 3516 2163 3579 hic
2193 3537 2400 3580 causae

194 3630 355 3699 erat,
389 3621 676 3684 deseruit
708 3619 1058 3684 Cal-dinem
1086 3619 1262 3683 hunc
1294 3639 1500 3683 causae
1531 3618 1914 3683 cardinalis.

277 3727 457 3788 Astu
487 3732 705 3787 autem
750 3724 872 3787 hoc
910 3723 993 3786 ab
1036 3722 1149 3786 illo
1189 3721 1452 3786 factum.
1543 3723 1728 3786 Vidit
1759 3723 1953 3801 enim,
1987 3723 2158 3804 apud
2189 3723 2397 3786 Caesa-

191 3849 329 3892 rem
366 3835 437 3892 et
485 3828 697 3910 Reges
735 3826 1055 3909 ingratam
1099 3825 1256 3904 fore,
1290 3825 1367 3888 de
1397 3825 1754 3908 Pmitificia,
1805 3825 1887 3888 ad
1929 3824 2098 3888 hanc
2140 3825 2399 3908 quidem

192 3954 325 3996 rem
368 3932 549 4014 (olim
595 3931 678 3995 ab
719 3929 810 3994 eis
847 3935 1173 4012 usurpata,
1205 3936 1271 3993 at
1295 3930 1435 4012 jam
1473 3928 1716 4012 ubique
1757 3928 2038 4011 explosa)
2059 3935 2396 4011 potestate,

192 4036 765 4121 disceptationem:
826 4033 1189 4099 Declinavit
1240 4054 1394 4116 ergo
1445 4040 1673 4096 cautus
1731 4032 1961 4097 homo:
2032 4055 2166 4097 non
2225 4035 2401 4099 enim

182 4147 515 4224 pungeret,
545 4147 919 4204 cruentaret
950 4160 1100 4203 eum
1128 4139 1266 4203 haec
1297 4138 1589 4221 quaestiO.
1660 4139 2164 4221 Expergefacere
2195 4140 2402 4203 noluit

250 4343 476 4409 'sunit-
505 4358 591 4392 ιι.
618 4342 727 4407 12.]
1346 4341 1471 4392 Bell.
1506 4342 1619 4405 Op„
1659 4345 1781 4391 tom.
1811 4341 1903 4392 vii.
1946 4342 2039 4392 col.
2073 4344 2185 4392 662.
2221 4341 2305 4398 (λς
2354 4348 2406 4393 et

332 4409 410 4457 De
457 4407 584 4458 Com
711 4408 849 4456 tione
889 4405 1044 4470 Regis
1079 4406 1258 4457 Jacobi
1342 4408 1468 4456 conf.
1484 4406 1837 4456 Defensionem
1855 4406 2014 4470 Epist.
2026 4407 2082 4456 in
2095 4406 2405 4470 Respssl'orti,

191 4479 239 4521 et
316 4474 483 4523 011001
528 4473 579 4522 vi
620 4472 854 4536 esspist.
897 4472 1101 4522 Cardia.
1149 4472 1259 4522 Bel·
1343 4486 1429 4535 pp.
1457 4473 1728 4526 96—101.;
1766 4475 1819 4520 et
1853 4471 1979 4521 Bell.
2017 4471 2128 4536 Op„
2171 4479 2292 4523 tom.
2316 4474 2402 4522 vii.

191 4536 327 4589 larm-
356 4537 499 4603 apud
535 4537 777 4603 Respons.
811 4537 975 4596 Toni,
1009 4552 1058 4601 p.
1085 4540 1181 4598 53,
1205 4542 1258 4587 et
1340 4536 1453 4587 coll.
1479 4539 1631 4587 683-
1645 4536 1783 4600 685]

1770 4636 1811 4682 B
1843 4625 1884 4684 2
