3165 4959
958 350 1325 399 stomoma
1367 349 1734 398 nssroNslo.
2139 390 2146 397 .
2321 333 2449 395 345

244 507 556 570 affirmare
601 505 823 588 possit,
862 506 997 587 (qui
1041 513 1274 568 natura
1318 527 1435 568 sua
1463 506 1667 587 notas)
1710 526 1903 587 quam
1936 504 2141 586 quivis
2187 505 2455 567 Sancto-

244 631 409 688 rum,
444 607 554 690 qui
582 607 754 670 illius
784 607 1098 671 beneficio
1128 608 1281 672 solo.

309 775 443 835 Quid
478 814 491 826 .
526 813 538 825 .
574 776 709 840 quod
744 813 755 825 .
785 813 798 825 .
835 777 1068 826 Christus
1097 777 1228 826 dicit
1257 776 1338 826 Jo.
1366 777 1443 827 iii.
1468 776 1666 826 ‘Nemo
1687 775 1918 826 ascendit
1939 775 1995 824 in
2017 775 2219 845 coslum,
2245 775 2345 824 nisi
2368 776 2455 838 qui

372 857 635 907 descendit
667 857 732 907 de
764 858 908 915 coelo,
935 860 1062 917 etc.,'
1093 858 1136 907 si
1166 863 1285 908 ante
1318 894 1330 907 .
1367 894 1381 908 .
1418 858 1678 908 Christum
1712 894 1724 906 .
1760 894 1772 907 .
1810 894 1823 906 .
1858 856 2191 907 ascenderunt.
2211 856 2384 906 Enoch
2406 863 2459 905 et.

377 938 529 988 Elias.
562 973 577 988 .
612 975 624 987 .
660 975 673 987 .
709 976 722 989 .
759 938 959 988 ‘Nemo
980 939 1209 989 ascendit
1241 940 1299 989 in
1332 940 1549 999 coelum,'
1574 954 1679 988 non
1701 944 1779 988 est
1800 938 2067 1002 praesentis
2089 938 2347 1001 temporis,
2371 937 2458 986 sed

376 1020 640 1084 praeteriti.
678 1056 689 1067 .
724 1056 735 1068 .
772 1055 785 1068 .
821 1020 914 1069 Est
935 1019 1072 1069 enim
1085 1035 1277 1080 sensus,
1303 1019 1489 1069 Nullus
1509 1019 1660 1069 homo
1672 1019 1915 1068 hactenus
1935 1018 2164 1069 ascendit
2184 1019 2240 1068 in
2257 1017 2457 1067 coslum.

377 1100 596 1165 —[Be11.
619 1101 770 1164 Apol.
793 1115 884 1165 pro
908 1100 1080 1166 Resp.]
1101 1116 1150 1165 p.
1176 1103 1286 1151 143.
1312 1100 1444 1166 [Op.,
1468 1105 1592 1150 tom.
1615 1101 1704 1149 vii.
1727 1100 1820 1150 ool.
1837 1100 1948 1152 785.
1971 1100 2035 1149 A.
2062 1098 2143 1163 Β.]

337 1216 529 1283 Quod
556 1238 730 1280 nemo
761 1219 1043 1280 ascendit
1071 1219 1139 1279 in
1168 1218 1403 1294 coelum,
1436 1216 1653 1299 (idque
1683 1222 1955 1297 tempore
1983 1237 2118 1279 non
2135 1217 2455 1296 praesenti,
2485 1232 2598 1296 [(6.)
2636 1233 2782 1282 Joan.

249 1319 363 1383 sed
395 1321 745 1402 praeterito)
785 1322 909 1382 nisi
954 1322 1061 1403 qui
1106 1321 1422 1383 descendit
1467 1320 1544 1382 de
1584 1320 1755 1397 coeln,
1789 1319 1990 1382 Filius
2036 1319 2302 1380 hominis
2323 1346 2342 1380 .-
2390 1317 2459 1380 id
2483 1299 2557 1347 iii.
2587 1297 2685 1361 13.]

246 1444 393 1485 eam
421 1424 552 1486 vim
581 1422 797 1502 habet,
828 1429 905 1487 ut
937 1445 974 1486 a
1005 1444 1072 1486 se
1102 1444 1312 1500 nem0,
1332 1422 1434 1485 vel
1462 1422 1524 1485 vi
1554 1443 1691 1500 sua,
1723 1428 1959 1504 praeter
1984 1443 2192 1484 unum
2220 1421 2455 1503 ipsum.

248 1527 313 1589 A
344 1526 617 1590 mortuis
652 1547 1005 1610 resurgere,
1035 1527 1107 1590 in
1151 1527 1388 1590 coelum
1432 1526 1774 1589 ascendere
1804 1526 2043 1588 virtute
2084 1546 2221 1603 sua,
2250 1525 2319 1588 id
2347 1527 2459 1587 uni

252 1629 505 1691 Christo
531 1630 896 1711 proprium:
945 1625 1289 1705 ἀνάβασις,
1321 1649 1452 1691 non
1492 1625 1839 1710 μετάθεσις
1877 1634 2171 1710 negatur.
2259 1627 2458 1691 Nemo

247 1731 551 1807 ascendit,
596 1726 971 1809 ἀναβέβηκε
1020 1731 1205 1812 (dixit
1227 1731 1268 1812 ε)
1326 1752 1479 1808 non,
1529 1731 1877 1793 translatus
1919 1736 2013 1792 est
2052 1750 2263 1808 nemo,
2309 1754 2457 1809 μετ-

245 1831 453 1914 ετέθη.
512 1834 711 1897 Nemo
743 1835 1022 1898 ascendit
1044 1862 1063 1896 .·
1113 1835 1343 1917 aliquis
1374 1841 1726 1916 assumptus
1755 1842 1873 1897 est.
1933 1835 2257 1913 Ascendit,
2289 1835 2460 1897 actio

246 1937 486 2019 ipsius:
540 1937 807 2018 Raptus,
853 1936 954 2000 vel
994 1938 1357 2016 assumptiO,
1399 1937 1631 2000 aliena.
1722 1938 1954 2019 Neque
2002 1936 2271 2000 Enocho
2315 1937 2459 2013 hoc,

247 2040 351 2102 vel
390 2040 553 2103 Eliae
591 2038 933 2122 quicquam
973 2038 1390 2123 praejudicat3
1439 2040 1550 2122 qui
1602 2039 1829 2121 utique
1875 2038 2168 2102 membra
2196 2038 2462 2101 fuerunt

251 2142 401 2205 Filii
422 2141 740 2219 hominis5
787 2162 909 2205 nec
932 2162 1008 2205 eo
1031 2141 1461 2205 ascenderunt
1481 2141 1608 2205 nisi
1625 2162 1741 2224 per
1761 2141 2069 2205 virtutem
2094 2141 2252 2225 ejus,
2277 2141 2462 2223 cujus

249 2252 317 2308 et
368 2243 659 2307 membra
708 2251 881 2307 sunt.
971 2245 1204 2327 Neque
1253 2265 1423 2322 vero,
1473 2245 1585 2327 qui
1629 2245 1729 2308 vel
1781 2245 2085 2325 assumpti
2133 2243 2266 2305 sint
2308 2252 2462 2306 ante

251 2346 605 2423 Christum,
647 2346 748 2409 vel
793 2348 1112 2423 translati,
1161 2348 1284 2410 hoc
1326 2347 1469 2411 loco
1510 2347 1759 2430 agitur:
1824 2346 1903 2409 de
1950 2347 2187 2408 Christi
2230 2346 2463 2408 deitate

249 2450 500 2533 agitur:
548 2450 652 2514 cui
682 2450 795 2527 rei,
825 2451 1028 2514 sexies
1058 2470 1209 2514 eum
1240 2449 1604 2515 Cardinalis
1634 2450 1843 2533 primo
1867 2449 2463 2515 Controversiamm

248 2555 454 2617 Tomo
498 2551 787 2616 attuliti:
849 2575 1173 2637 nusquam
1216 2560 1458 2631 tamen,
1504 2574 1630 2636 quo
1669 2554 1808 2636 jam
1853 2573 2069 2615 sensu.
2163 2553 2340 2618 Quin
2385 2575 2462 2617 eo

248 2657 391 2738 ipso
414 2656 633 2734 Tomo,
666 2655 779 2719 ubi
810 2656 1137 2739 disputata
1164 2656 1261 2719 illi
1293 2655 1578 2739 quaestio,
1610 2655 1719 2718 An
1743 2656 2117 2718 Sanctorum
2146 2657 2366 2718 animae
2396 2658 2463 2717 in

256 2760 422 2822 Coelo
438 2757 714 2839 ficei-int,
749 2764 895 2821 ante
924 2759 1340 2822 ascensionem
1377 2756 1678 2832 Christi³;
1723 2756 1816 2821 ibi
1847 2764 2036 2840 aptus
2066 2757 2362 2839 inprimis
2392 2765 2459 2820 et

250 2862 507 2924 nativus
550 2861 676 2925 loci
721 2861 913 2946 hujus
954 2861 1157 2939 locus,
1199 2862 1271 2939 si,
1305 2882 1499 2944 quam
1540 2860 1637 2923 illi
1677 2862 1816 2945 jam
1852 2866 2140 2924 mentem
2187 2860 2458 2943 affingit,

250 2986 397 3029 eam
445 2971 589 3028 tum
637 2963 987 3027 habuisset.
1078 2966 1171 3028 At
1221 2964 1315 3028 ibi
1359 2985 1681 3046 nusquam
1732 2970 2093 3046 comparet:
2158 2963 2271 3027 ubi
2318 2970 2460 3027 tum

250 3067 495 3130 mansit
544 3062 746 3133 οὐδεὶς
792 3061 1204 3144 ἀναβέβηκεν
1245 3066 1370 3131 hoc
1403 3066 1431 3129 ἲ
1494 3066 1610 3130 ubi
1658 3065 2001 3129 substitit?
2067 3066 2178 3149 qui
2231 3067 2324 3131 sic
2368 3066 2460 3130 ibi

247 3169 524 3232 feliciter
579 3169 1049 3233 intervenisset.
1168 3171 1599 3253 Argumento,
1660 3190 1782 3233 neo
1847 3169 2022 3233 hunc
2080 3169 2205 3234 loci
2263 3170 2460 3255 hujus

250 3293 514 3356 soopnm
576 3292 733 3349 esse,
784 3292 906 3335 nec
962 3271 1086 3335 hoc
1144 3273 1393 3336 nescire
1452 3271 1863 3337 cardinalem
1912 3271 2144 3354 ipsum.
2257 3272 2459 3336 Recte

249 3374 512 3458 quidem
544 3381 816 3456 urgetur
855 3381 1081 3437 contra
1124 3381 1437 3457 negantes
1479 3376 1868 3437 divinitatem
1911 3374 2078 3452 Filii,
2110 3395 2314 3452 eosve,
2349 3373 2458 3457 qui
2568 3371 2700 3435 250

249 3477 351 3540 vel
367 3496 708 3558 personam
738 3475 1055 3555 dividunt,
1086 3477 1188 3540 vel
1218 3484 1483 3539 naturas
1516 3477 1929 3540 confundunt
1946 3475 1995 3540 ¹¹.
2089 3477 2158 3539 Is
2188 3477 2360 3539 enim
2392 3485 2458 3540 et

249 3579 493 3644 Christi
544 3599 777 3656 sensus),
831 3586 898 3642 et
944 3578 1115 3641 loci:
1174 3578 1246 3639 in
1294 3577 1443 3640 Filii
1490 3577 1772 3640 hominis
1811 3597 2090 3657 persona
2133 3582 2461 3657 utramque

247 3687 546 3744 naturam
589 3680 902 3743 infuisse:
958 3686 1045 3757 et,
1100 3699 1243 3761 quae
1292 3679 1364 3740 in
1417 3680 1566 3740 coelo
1611 3686 1754 3741 tum
1805 3684 1963 3755 erat,
2011 3679 2325 3750 divinam5
2373 3687 2459 3755 et,

249 3805 397 3869 quae
427 3785 504 3846 de
538 3785 685 3847 coelo
716 3783 1139 3860 descenderat,
1171 3784 1524 3844 humanam.
1616 3783 1759 3844 Nec
1805 3780 2003 3843 alium
2031 3781 2087 3843 is
2114 3782 2293 3844 locus
2321 3802 2459 3844 sen-

247 3908 387 3950 sum
429 3886 648 3964 habet,
679 3886 808 3949 nisi
839 3891 1088 3948 tortum.
1180 3885 1355 3947 Nam
1386 3903 1596 3966 neque
1630 3882 1930 3947 Christus
1968 3883 2126 3973 ipse,
2149 3883 2288 3965 jam
2316 3890 2459 3947 tum

248 4010 401 4052 eum
446 3989 575 4050 ista
615 3987 1007 4069 loqueretur,
1057 3987 1125 4048 in
1170 3985 1385 4047 coelum
1443 3978 1838 4061 ἀναβέβηκε.
1929 3984 2017 4045 Et
2063 3983 2243 4062 illud,
2289 4005 2461 4047 nemo

250 4092 380 4152 nisi
409 4090 617 4152 Filius
645 4090 931 4167 hominis,
965 4087 1049 4151 ad
1076 4088 1200 4150 hoo
1236 4085 1496 4169 quidem
1528 4085 1921 4164 institutum,
1953 4085 2117 4149 nihil
2140 4110 2159 4162 ς
2207 4086 2462 4167 quando

316 4293 328 4324 ¹
388 4292 521 4341 Vide
545 4291 669 4341 Bell.
701 4291 765 4340 de
788 4291 1005 4352 Christo,
1038 4291 1127 4339 lib.
1152 4291 1185 4339 i.
1208 4305 1314 4352 cap.
1463 4288 1479 4329 ³
1527 4288 1675 4352 [Bell.
1711 4287 1774 4338 de
1810 4289 1998 4338 Christi
2035 4289 2239 4348 Anima,
2273 4289 2362 4337 lib.
2397 4290 2465 4339 iv.

252 4361 298 4407 8.
388 4372 454 4418 p.,
492 4361 615 4405 tom.
650 4357 682 4404 i.
718 4370 767 4419 p.
794 4356 873 4406 70.
908 4355 995 4416 H„
1030 4359 1082 4404 et
1115 4355 1204 4403 lib.
1239 4355 1314 4403 iii.
1403 4368 1507 4447 cae.
1534 4355 1610 4400 11.
1638 4352 1749 4415 Op.,
1773 4358 1893 4401 tom.
1920 4353 1952 4401 i.
1979 4368 2026 4415 p.
2053 4355 2166 4401 118.
2189 4352 2400 4416 Α.-Ο.]

253 4421 337 4483 (de
376 4421 593 4482 lucam.)
630 4434 736 4483 cap.
775 4422 851 4468 11.
894 4419 1006 4482 Op.,
1038 4423 1161 4468 tom.
1196 4419 1229 4467 i.
1265 4415 1343 4481 μ’
1524 4416 1681 4479 [vide
1706 4416 2019 4479 Symbolum,
2043 4417 2177 4480 quod
2196 4422 2392 4479 vocant,
2416 4418 2465 4468 S.

252 4487 364 4534 106.
395 4483 482 4547 H]
1404 4479 1713 4544 Athanasii]
