3165 4959
686 345 817 406 246
1311 360 1396 405 AD
1441 359 1822 406 CARDINAms
1866 357 2262 404 mmmmm

688 517 1047 598 reliqionem
1088 514 1491 596 Anqelorum.
1588 513 1895 577 Haeretici
1940 534 2091 595 ergo
2138 519 2342 590 crant,
2394 511 2508 575 sed
2557 532 2592 574 e
2646 512 2686 574 J
2690 511 2886 574 udaeis

686 621 843 699 nati,
894 619 1002 702 qui
1048 619 1137 682 sic
1182 619 1468 703 Angelos
1514 618 1755 701 precati
1798 625 1968 680 sunt.
2061 618 2313 680 Neuter
2343 623 2561 679 autem
2599 615 2885 678 Theodo-

687 732 826 786 reto
856 722 1255 800 contradicit,
1289 721 1400 785 sed
1431 721 1795 785 Cardinalis
1838 721 2000 798 sibi;
2046 721 2253 804 primo
2296 720 2630 782 haereticos
2674 718 2886 796 fuisse,

686 832 830 907 post
859 846 991 887 non
1021 824 1456 901 Christianos3
1506 825 1688 908 quasi
1716 825 1834 888 ulli
1862 824 2105 888 fuerint
2134 825 2203 887 in
2245 823 2532 886 Ecclesia
2562 823 2892 886 Primitiva

685 928 990 1004 haeretici,
1056 950 1189 990 non
1243 928 1620 992 Christiani.
1713 930 1870 993 Non
1928 929 2168 991 minuit
2227 949 2380 1011 ergo
2441 928 2887 1011 objectionem.

686 1033 943 1114 Augeat
972 1032 1078 1094 hic
1106 1032 1320 1115 potius
1350 1033 1831 1116 responsionem
1863 1053 2064 1095 suam.

753 1176 969 1225 Etiamsi
1007 1176 1214 1236 novitia,
1250 1182 1302 1225 et
1336 1192 1528 1240 nupera
1565 1181 1746 1236 essent,
1782 1190 1887 1225 non
1918 1176 2031 1224 ideo
2069 1175 2194 1233 Rex,
2233 1175 2318 1237 qui
2353 1190 2412 1224 ea
2433 1179 2600 1237 negat,
2623 1174 2687 1223 ab
2711 1175 2894 1223 haeresi

816 1258 1063 1306 immunis
1095 1261 1239 1307 esset.
1311 1259 1479 1307 Habet
1501 1258 1640 1307 enim
1671 1257 1897 1306 Ecclesia
1921 1254 2197 1315 Catholica,
2228 1271 2343 1304 cum
2366 1270 2510 1305 novae
2530 1255 2894 1305 Controversiae

815 1340 1128 1398 exoriuntur,
1154 1339 1242 1401 jus
1263 1353 1345 1388 eas
1367 1338 1898 1403 explicandi.—[Bell.
1923 1338 2075 1401 Apol.
2097 1352 2189 1401 pro
2225 1336 2395 1400 Resp.]
2422 1352 2470 1401 p.
2495 1340 2570 1387 98.
2605 1337 2745 1401 [ΟΡ.,
2767 1340 2894 1386 tom.

815 1420 903 1470 vii.
937 1420 1047 1470 coll.
1072 1421 1101 1472 7
1107 1422 1182 1469 59.
1210 1419 1286 1483 0.]

367 1531 622 1607 [Ecclesiae
772 1520 879 1606 Ad
908 1522 1143 1584 novitia
1166 1522 1304 1604 jam
1336 1529 1401 1584 et
1431 1542 1665 1601 nupera
1698 1521 2135 1596 descensuruS,
2166 1518 2461 1582 nonnihil
2487 1517 2606 1581 sibi
2629 1518 2895 1597 diffisus,

365 1597 663 1709 ssssssiffiegx,
687 1625 991 1707 praefatur
1039 1625 1266 1709 prim0,
1304 1626 1575 1688 Etiamsi
1628 1646 1862 1706 nupera
1910 1626 2024 1686 illa
2069 1625 2218 1701 sint,
2271 1630 2331 1687 et
2383 1624 2637 1701 novitia,
2697 1624 2900 1704 siquis
2976 1626 2980 1629 ’

368 1724 592 1788 cudere]
690 1736 895 1792 tamen
930 1752 1003 1793 ea
1033 1736 1229 1812 neget,
1263 1731 1593 1792 immunem
1625 1729 1702 1792 ab
1726 1730 1942 1791 haeresi
1965 1749 2087 1791 non
2111 1727 2282 1809 fore.
2373 1728 2535 1791 Esse
2573 1728 2736 1790 enim
2766 1727 2899 1789 Ec-

690 1835 888 1897 clesz‘oe
909 1835 1043 1914 jus,
1083 1855 1218 1895 cum
1259 1835 1628 1896 emoriuntur
1673 1834 2103 1895 controversiae
2141 1852 2330 1910 novoe,
2368 1852 2474 1894 eas
2514 1832 2893 1912 caplicandi.

693 1935 866 2000 Quid
918 1935 1000 1999 ad
1052 1938 1238 1998 rem?
1351 1937 1476 1998 Sed
1534 1958 1618 1998 an
1678 1937 1914 1998 novitia
1968 1934 2290 1998 cudendi?
2381 1936 2488 1998 An
2544 1941 2770 1998 contra
2829 1943 2898 1997 et

692 2045 1081 2121 praeceptum
1132 2038 1394 2117 Christi,
1427 2044 1491 2102 et
1537 2039 1842 2102 Ecclesiae
1888 2038 2240 2102 Primitivae
2269 2037 2515 2121 praxin,
2548 2038 2896 2100 Eucharis-

695 2142 853 2205 tiam
913 2143 1040 2224 (cui
1077 2143 1292 2225 plures
1336 2142 1646 2205 interesse
1691 2142 1893 2205 voluit
1935 2142 2249 2220 Christus,
2283 2149 2348 2204 et
2393 2141 2891 2222 communicare)

695 2245 765 2307 in
808 2245 1001 2308 unius
1048 2247 1423 2328 angularem
1468 2246 1786 2309 actionem
1832 2245 2323 2308 commutandi?
2368 2244 2440 2307 in
2472 2243 2894 2321 Eucharistia,

698 2349 788 2431 (in
842 2372 968 2432 qua
1012 2371 1267 2432 panem,
1315 2349 1613 2412 similiter
1659 2356 1724 2412 et
1777 2349 2058 2412 Calicem
2103 2348 2428 2431 porrexit‚)
2478 2369 2713 2430 panem
2755 2346 2895 2410 sine

692 2451 904 2517 Calice
935 2453 1349 2536 porrigendi?
1435 2452 1608 2519 Quid
1649 2473 1807 2536 opus
1848 2452 1952 2517 hic
1993 2451 2405 2536 explicante?
2454 2451 2609 2534 quid
2639 2458 2894 2515 contro-

691 2556 893 2620 versia
920 2558 1054 2620 ulla
1072 2579 1228 2641 opus
1257 2564 1393 2620 crat
1414 2559 1443 2619 ⁴?
1536 2558 1794 2619 Diserta
1824 2556 2065 2620 Christi
2095 2556 2305 2635 verba,
2355 2557 2655 2619 Ecclesiae
2664 2557 2896 2637 pravis

694 2684 815 2725 non
843 2660 1221 2745 infr-equiem,
1254 2661 1552 2726 Testibus
1584 2661 1683 2724 vcl
1712 2660 2107 2724 Tridentinis
2128 2674 2169 2723 ⁸.

759 2814 935 2877 Neque
970 2816 1160 2877 poterit
1184 2830 1405 2877 unquam
1444 2829 1563 2863 vera
1594 2815 1724 2864 ratio
1759 2800 1918 2872 reddi,
1946 2828 2050 2873 cur,
2085 2813 2219 2876 quod
2252 2814 2462 2863 licuerat
2495 2813 2691 2862 Niceno
2727 2814 2895 2877 primo

822 2896 1065 2953 Concilio,
1107 2911 1209 2944 non
1247 2895 1449 2945 licuerit
1493 2899 1668 2958 postea
1709 2894 1937 2944 Concilio
1974 2895 2207 2954 secundo,
2256 2894 2895 2957 Constantinopolitano.—

819 2977 1032 3043 —[Bell.
1056 2978 1205 3041 Apol.
1228 2994 1321 3041 pro
1345 2976 1513 3042 Resp]
1549 2992 1599 3041 p.
1625 2982 1701 3029 98.
1740 2978 1878 3043 [Op.,
1912 2983 2035 3027 tom.
2059 2979 2145 3027 vii.
2182 2977 2273 3027 col.
2299 2978 2408 3029 759.
2436 2977 2489 3026 C.
2510 2977 2570 3026 D.
2604 2992 2767 3039 sensu,
2791 2993 2893 3027 non

819 3057 1021 3121 verbis]

370 3161 621 3239 [Quattuor
779 3157 964 3234 Tum,
1016 3158 1125 3240 qui
1168 3158 1262 3220 illi
1313 3158 1622 3221 molestus
1668 3166 1839 3236 ante,
1876 3159 1983 3223 hic
2031 3180 2284 3242 quoquc
2329 3158 2532 3222 haerct
2577 3158 2793 3236 etiam,
2827 3169 2892 3223 et

367 3227 667 3341 {ffaoecffion-
692 3259 860 3322 male
906 3260 1121 3337 habet,
1171 3261 1541 3343 scrupulus:
1612 3262 1782 3344 quod
1826 3263 2009 3325 reddi
2056 3284 2178 3325 non
2217 3265 2424 3344 possit
2480 3264 2666 3325 ratio·
2759 3264 2895 3326 Cur

361 3356 500 3472 {2231
502 3372 625 3486 ΕΞ·
695 3383 827 3425 non
855 3363 992 3446 pari
1023 3364 1192 3446 apud
1221 3386 1337 3427 nos
1369 3365 1752 3429 auctoritate
1793 3367 2040 3450 reliqua
2079 3368 2229 3445 sint,
2264 3388 2456 3449 quam
2484 3368 2698 3447 prima
2740 3388 2893 3448 qua-

695 3473 836 3529 tuor
866 3467 1173 3531 Concilia.
1267 3468 1454 3547 Quia,
1493 3490 1615 3532 nec
1662 3469 1975 3552 Gregorio
2020 3477 2191 3547 sunt,
2237 3469 2550 3553 Apostolo
2596 3469 2692 3550 (ut
2741 3490 2892 3532 eum

694 3571 1010 3653 nominat)
1062 3579 1327 3635 nostroa
1344 3599 1363 3650 3
1413 3573 1540 3657 qui,
1590 3580 1859 3655 quatuor
1888 3575 2105 3655 prima
2153 3574 2319 3637 sicut
2368 3579 2634 3655 quatuor
2676 3573 2892 3636 Evan-

580 3674 592 3691 ⁸
688 3676 857 3756 qelia
908 3682 1248 3739 veneratur
1295 3684 1361 3740 et
1421 3676 1725 3759 suscipit3
1793 3677 1894 3740 cui
1954 3683 2220 3758 quatuo-r
2267 3678 2481 3757 prima
2545 3677 2896 3760 quadratus

457 3776 581 3838 182
694 3778 854 3861 lapis
885 3786 1055 3857 sunt,
1087 3779 1160 3841 in
1203 3801 1327 3863 quo
1357 3779 1502 3842 fidei
1534 3780 1807 3864 vitaeque
1839 3789 2162 3843 structura
2201 3780 2562 3863 consurgit:
2612 3780 2739 3863 qui,
2773 3781 2897 3843 etsi

691 3890 1031 3945 veneratur
1054 3894 1119 3945 et
1142 3885 1442 3965 quintum,
1461 3904 1597 3946 non
1621 3884 1700 3946 de
1730 3905 1805 3947 eo
1838 3891 2058 3947 tamen
2086 3892 2220 3947 tam
2252 3883 2453 3946 sensit
2482 3883 2832 3947 honorifice
2844 3884 2892 3947 b.

692 3984 880 4063 Quia,
904 4007 1025 4049 nec
1055 3987 1339 4050 Isidoro:
1386 3987 1493 4069 qui
1524 3993 1791 4069 quatuor
1813 3988 2095 4068 Synodos
2117 3988 2513 4069 Principales
2536 3986 2828 4050 nominat
2846 3997 2891 4051 ⁰.

755 4182 861 4248 ⁸[“
883 4183 1003 4234 Non
1026 4186 1314 4248 infrequens
1337 4187 1598 4250 utriusque
1635 4203 1739 4251 spe·
1829 4190 1881 4237 in
1903 4188 2100 4237 Defens.
2126 4187 2281 4251 ejusd.
2311 4189 2352 4237 Ε
2391 4189 2471 4238 ist.
2507 4204 2593 4253 pp.
2620 4190 2891 4250 106‚107.;

690 4248 783 4296 cici
810 4264 939 4298 usus.
944 4250 1187 4300 ”.-Conc
1213 4251 1439 4300 Trident.
1482 4253 1607 4301 Sess.
1634 4252 1741 4302 xxi.
1833 4260 1884 4303 et
1909 4254 2030 4301 ibid.
2056 4254 2146 4302 col.
2168 4256 2277 4303 688.
2305 4254 2361 4303 Β.

690 4326 797 4374 cap.
818 4315 874 4362 ii.
909 4314 1014 4363 ‘De
1030 4316 1395 4365 Communione
1419 4317 1512 4366 sub
1534 4322 1745 4379 utraque
1988 4318 2117 4367 Vide
2140 4334 2304 4381 supra,
2328 4333 2376 4382 p.
2394 4320 2503 4368 215.
2530 4318 2710 4383 not.!.]

691 4378 866 4438 specie.
872 4379 1102 4429 ’—Conc.
1137 4386 1258 4430 tom.
1283 4382 1384 4430 xiv.
1411 4382 1502 4430 col.
1531 4384 1639 4432 846.
1667 4382 1746 4447 E.]
1981 4382 2170 4432 “Inter
2219 4388 2401 4432 caetera
2445 4388 2614 4432 autem
2664 4384 2892 4434 Concilia

759 4442 968 4506 ·[Vide
992 4444 1136 4507 Resp.
1156 4445 1314 4502 Torti,
1332 4461 1379 4508 p.
1400 4450 1486 4503 55;
1514 4451 1566 4496 et
1588 4448 1664 4510 Ep
1667 4448 1747 4497 ist.
1876 4454 2056 4498 uatuor
2079 4463 2183 4497 csse
2206 4450 2392 4497 scimus
2405 4449 2714 4498 venerabiles
2735 4464 2886 4511 syno-

693 4502 928 4553 Bellarm.
953 4509 1013 4554 ad
1036 4508 1251 4557 Blackvv.
1257 4510 1449 4559 -Βοὶἰ,
1481 4510 1573 4573 ΟΡ.
1628 4518 1749 4561 tom.
1839 4464 1961 4572 dos5
1997 4529 2108 4575 quae
2148 4517 2308 4562 totam
2342 4513 2694 4575 principaliter
2735 4514 2888 4563 fidem

694 4566 781 4614 vii.
804 4567 898 4615 col.
922 4573 1031 4618 663.
1059 4572 1143 4631 C.;
1179 4577 1230 4620 ct
1253 4574 1382 4621 conf.
1418 4574 1562 4637 Resp.
1591 4575 1750 4634 Torti,
1841 4578 2258 4641 complectuntur,
2304 4578 2446 4639 quasi
2481 4582 2696 4640 quatuor
2731 4577 2892 4627 Evan-
