3165 4959
684 305 814 369 150
1305 317 1392 365 An
1435 314 1821 365 cfflmNAms
1864 311 2266 363 BELLARMINI

686 476 825 538 Par
868 472 1024 537 fecit
1077 471 1261 556 Regi.
1354 471 1484 536 Sed
1536 470 1900 537 cardinalis
1958 491 2094 534 non
2142 468 2337 534 modo
2385 464 2732 549 ἀνώνυμος,
2787 467 2904 531 sed

688 578 885 644 etiam
914 573 1335 663 ψευδώνυμος
1365 585 1487 641 est.
1568 577 1716 639 Hoc
1745 596 1880 639 non
1906 573 2063 639 fecit
2095 573 2252 637 Rex.
2331 573 2420 635 Et
2450 571 2520 635 in
2551 593 2628 635 eo
2658 571 2904 635 crimen

690 687 813 759 est,
857 702 993 744 non
1037 679 1209 763 quod
1252 680 1507 757 nullum,
1554 676 1672 741 sed
1716 675 1891 761 quod
1932 676 2287 739 ementitum
2329 695 2570 738 nomen
2611 673 2903 737 affixerit.

690 784 935 847 Nomen
975 803 1153 846 suum
1198 788 1403 865 teyere
1418 779 1448 819 ¹²
1482 779 1694 844 visum
1737 786 1857 843 est.
1948 777 2196 856 Potuit,
2228 776 2343 840 sed
2383 776 2640 841 silentio
2680 783 2903 859 teqere,

690 908 827 951 non
868 884 1222 949 mendacio.
1320 886 1550 948 Tacere
1598 903 1793 947 suum
1842 880 2077 965 potuit,
2123 878 2389 945 mentiri
2441 879 2724 943 alienum
2770 901 2906 943 uon

696 988 937 1053 debuit.
993 990 1151 1052 Non
1172 986 1349 1052 enim
1377 994 1563 1066 tacet,
1591 987 1759 1072 (plus
1790 986 1987 1050 etiam
2016 984 2171 1049 facit
2194 1006 2388 1067 quam
2419 984 2606 1067 tacet)
2634 985 2906 1048 declinat

457 1086 588 1149 114
697 1093 786 1155 ad
837 1091 1181 1170 mendacia,
1232 1091 1344 1175 qui
1394 1112 1464 1154 se
1512 1090 1908 1156 Matthaeum
1969 1089 2144 1168 dicit,
2192 1110 2342 1154 cum
2401 1089 2489 1152 sit
2541 1087 2903 1166 Robertus3

696 1196 987 1274 'Portum‚
1019 1216 1170 1259 cum
1214 1195 1297 1258 sit
1344 1194 1816 1274 Bellarmiuus3
1861 1192 2263 1277 Theologum
2307 1192 2709 1277 Papiensem,
2755 1212 2906 1256 cum

701 1300 766 1363 S.
802 1299 880 1362 R.
913 1299 990 1362 E.
1025 1298 1406 1363 Cardinali&
2537 1351 2538 1354 ,

786 1402 934 1468 Qua
962 1401 1042 1464 de
1080 1423 1173 1480 re,
1206 1401 1290 1465 ad
1316 1400 1479 1466 illud
1507 1402 1786 1466 remittit
1814 1422 1933 1464 nos
1974 1398 2167 1483 (quod
2196 1398 2268 1462 in
2298 1398 2684 1463 Praefatioue
2712 1418 2907 1479 cupra

634 1551 637 1558 .
696 1504 1019 1567 admonuit
1034 1505 1081 1586 ;)
1138 1504 1273 1584 ubi,
1321 1503 1518 1588 (quod
1562 1503 1836 1568 miretur
1882 1502 2141 1585 Lector)
2194 1500 2550 1565 Ecclesiam
2593 1501 2794 1564 trahit
2836 1500 2908 1563 iu

700 1606 1091 1671 Societatem
1122 1607 1431 1685 criminin,
1465 1615 1680 1689 atque,

1373 1709 1467 1759 hoc
1490 1708 1728 1773 praetexit
1749 1708 1956 1758 nomino
1978 1708 2179 1771 culpam
2192 1705 2221 1755 ¹.

696 1796 906 1859 Juoeta
933 1790 1250 1874 Reyulask
1280 1791 1458 1855 enim
1486 1792 1976 1855 Ecclesia-eticae
2014 1790 2083 1854 id
2115 1812 2153 1852 a
2182 1810 2249 1853 se
2278 1789 2563 1866 factum;
2610 1788 2736 1852 Per
2776 1807 2907 1866 eae„

698 1893 754 1956 si
802 1914 1043 1957 nomeu
1097 1894 1379 1958 mendax
1434 1893 1614 1978 (dum
1668 1895 1837 1958 docti
1887 1894 2080 1958 modo
2131 1894 2255 1957 viri
2304 1895 2408 1974 sit,
2456 1894 2582 1976 qui,
2626 1893 2685 1954 si
2732 1912 2906 1973 epae,

698 1997 1003 2060 rationem
1047 1997 1308 2061 reddere
1340 1999 1550 2080 possit
1598 1998 1674 2061 de
1718 1998 1925 2082 libro),
1970 1996 2378 2061 mendacium
2413 1994 2577 2059 illud
2620 1996 2911 2077 regulare

699 2098 962 2178 scilicet,
993 2109 1060 2163 et
1088 2102 1624 2165 Ecclesia-sticum.
1700 2103 1826 2180 Eu,
1859 2101 1941 2165 ad
1968 2103 2249 2185 reyulam
2278 2099 2581 2164 mentiri!
2628 2100 2912 2181 regulam

700 2209 919 2265 autem
964 2203 1264 2267 Eccleeice
1284 2208 1310 2266 Ι
1382 2206 1648 2269 Novum
1693 2205 1930 2288 dogma
1945 2230 1964 2283 ς
2013 2204 2311 2288 quodque
2353 2202 2458 2266 hic
2507 2201 2745 2284 (credo)
2780 2201 2911 2285 pri-

698 2326 883 2369 mum
919 2306 1155 2371 Lector
1198 2307 1443 2391 aspicit,
1477 2308 1722 2391 aliquas
1768 2329 1906 2373 esse
1950 2306 2311 2372 mentiendi
2348 2308 2599 2390 reyulas
2636 2306 2916 2368 Ecclesi-

702 2410 953 2472 asticus.
1048 2411 1194 2477 Quo
1225 2412 1490 2476 Canone
1518 2418 1745 2476 tamen
1774 2433 1911 2476 uon
1939 2418 2180 2490 narrat,
2211 2431 2334 2475 nec
2364 2409 2539 2474 unde
2552 2410 2668 2491 jas
2696 2409 2819 2473 hoc
2850 2415 2918 2473 et

701 2512 952 2576 normal
981 2515 1361 2580 mentiendi.
1451 2518 1509 2580 E
1554 2516 1815 2581 Lesbom
1862 2516 2264 2596 crediderim,
2298 2521 2410 2578 aut
2439 2514 2668 2578 Lesbia
2697 2513 2916 2598 aliqua

701 2617 1255 2699 AEquivocantium
1297 2619 1399 2683 vel
1445 2620 1676 2684 Schola
1704 2620 1806 2685 vel
1848 2620 2156 2685 Ecclesia.
2266 2618 2692 2702 AEquivocam
2739 2617 2918 2680 enim

701 2722 982 2801 reyulam
1025 2727 1092 2786 et
1136 2729 1396 2801 tortam,
1439 2746 1566 2808 qua
1608 2724 1794 2788 lineae
1841 2723 1933 2787 sic
1980 2722 2310 2788 ducuntur
2367 2722 2449 2786 ad
2490 2721 2765 2785 falsum:
2827 2722 2919 2785 Et

706 2843 926 2888 aunon
969 2824 1358 2907 aequivocam
1388 2826 1586 2890 etiam
1629 2826 2005 2905 Ecclesiam,
2040 2848 2182 2910 quae
2220 2826 2336 2889 has
2370 2824 2569 2889 habet
2612 2827 2863 2908 regulas
2887 2826 2921 2889 ?

708 2927 836 2990 Sed
867 2926 1203 2991 mittamus
1245 2928 1656 2994 cardinalem
1697 2950 1846 2994 cum
1876 2930 2346 2994 Ecclesia-seticis
2389 2928 2519 2993 suis
2559 2927 2923 2993 mentiendi

703 3030 954 3110 reynlis.

771 3150 845 3196 At
861 3161 972 3197 eam
998 3146 1352 3200 Praefatiouem
1382 3165 1544 3215 neque
1568 3151 1911 3203 Bellarminus
1932 3154 2152 3219 scripsit,
2178 3168 2341 3219 neque
2363 3168 2520 3218 usque
2542 3153 2607 3203 ad
2630 3152 2760 3204 hanc
2782 3150 2923 3202 diem

835 3238 1131 3287 cognoscere
1147 3228 1331 3289 potuit,
1355 3229 1470 3291 quis
1490 3228 1599 3292 ejus
1623 3229 1944 3281 Praefatiouis
1965 3232 2035 3281 sit
2055 3235 2243 3292 auctor,
2270 3251 2330 3271 ==

407 3345 606 3404 Quanta
625 3341 684 3392 in
794 3315 1203 3398 Praefationie
1258 3319 1500 3401 pudere
1557 3320 1787 3405 incipit
1844 3322 2204 3399 Politanae;
2282 3321 2510 3406 quidni
2566 3326 2784 3384 autem
2855 3326 2926 3384 et

384 3411 610 3524 ωῐξῑθόὓό-
709 3418 1112 3483 Coloniensis
1133 3420 1163 3482 ἲ
1242 3420 1431 3484 Idem
1478 3421 1655 3485 enim
1705 3431 1981 3507 utraque
2025 3431 2269 3507 peccat.
2358 3424 2608 3487 Pudeat
2653 3444 2804 3486 vero
2857 3429 2925 3486 et

386 3540 641 3654 gaianum
712 3523 979 3585 rationis
1000 3549 1020 3584 .-
1078 3523 1272 3590 Quod
1307 3524 1731 3588 cardinalitia
1771 3527 1859 3590 ibi
1904 3528 2181 3610 diynitas
2220 3548 2357 3591 cum
2386 3527 2588 3609 Reyia
2619 3526 2928 3609 diynitate

382 3667 652 3732 adulam]
672 3669 687 3682 ·
712 3628 991 3709 componi
1039 3628 1344 3693 videatur.
1436 3629 1603 3709 Im0,
1659 3630 1823 3694 exile
1873 3652 2114 3695 nomen
2162 3631 2491 3713 diynitatis
2538 3629 2618 3693 ad
2673 3630 2925 3712 Reges:

718 3730 872 3793 Cum
926 3731 1272 3813 Majestate
1329 3732 1531 3814 Reyia
1590 3732 1936 3797 dicendum
2000 3734 2230 3799 fuerat.
2342 3735 2436 3797 At
2502 3733 2929 3795 Cardinalitia

710 3832 1055 3914 Majeetate
1105 3834 1318 3899 dicere
1368 3856 1503 3899 non
1546 3843 1841 3918 poterat;
1905 3837 2174 3901 Certum
2218 3843 2434 3902 autem
2479 3842 2726 3900 certare
2773 3856 2927 3899 cum

713 3935 1039 4020 Regibus:
1088 3938 1256 4003 Cum
1302 3959 1476 4023 erge,
1529 3940 1902 4003 Cardinalee
1941 3940 2023 4004 ad
2065 3941 2477 4024 Majestatem
2519 3940 2746 4003 efferre
2790 3960 2928 4002 non

712 4046 945 4126 posset,
977 4040 1291 4126 depressit
1321 4042 1404 4105 ad
1431 4043 1826 4127 Diqnitatem
1858 4044 2091 4128 Reges,
2159 4042 2412 4108 Pudeat
2433 4063 2586 4107 vero
2617 4049 2684 4107 et
2715 4040 2929 4125 defen·
2973 4076 2980 4083 ·

713 4147 911 4211 sionis
938 4147 1156 4232 hujus,

732 4280 739 4287 '
780 4279 804 4313 ¹¹
838 4280 1008 4358 [3911]
1032 4282 1178 4333 Praef.
1195 4282 1283 4349 [ad
1304 4281 1477 4349 ApoL]
1496 4299 1546 4349 p.
1571 4287 1619 4335 3.
1644 4284 1779 4351 [Op.‚
1865 4300 2030 4381 supra,
2055 4283 2200 4335 not.¹¹

716 4349 839 4396 tom.
864 4348 951 4397 vii.
986 4348 1079 4400 col.
1098 4350 1209 4402 706.
1233 4348 1298 4399 A.
1333 4349 1449 4400 vide
1470 4365 1637 4415 supra,
1660 4366 1711 4415 p.
1730 4353 1773 4401 1.
1928 4424 1961 4447 n
1984 4350 2184 4481 [Horat.
2202 4284 2368 4414 Epist.
2393 4348 2458 4400 ad
2481 4350 2649 4401 Pison.
2673 4348 2766 4401 liu.
2790 4345 2895 4413 72]

714 4416 821 4460 not.
844 4411 922 4521 ‘a‘
1167 4477 1179 4491 ο
2005 4414 2212 4471 Alamos
2253 4413 2650 4468 mdiu—Aria.
2682 4413 2802 4465 Eth.
2836 4413 2880 4464 N
2894 4415 2931 4463 i-

909 4490 1003 4536 irg.
1029 4476 1139 4525 AEn.
1164 4492 1229 4527 iv.
1255 4478 1387 4543 172]
1863 4496 1990 4532 com.
2013 4496 2062 4532 v.
2087 4480 2189 4545 10.]

779 4473 793 4505 1

779 4536 802 4568 ¹-
836 4475 1007 4602 [Bou]
1042 4540 1185 4591 Puer.
1222 4543 1305 4605 [ad
1330 4543 1502 4608 Apol]
1537 4558 1588 4608 p.
1612 4548 1660 4596 3.
1701 4546 1780 4612 [ιιι
