3165 4959
956 330 1320 379 stomoma
1366 333 1734 382 RFsPoNsm.
2321 318 2448 378 255

244 510 356 552 cur
390 489 675 549 Christus
704 487 937 550 diceret
966 489 1031 550 in
1063 489 1258 566 Pane,
1291 492 1599 572 Accipite,
1633 491 1947 569 comedite,
1979 490 2084 552 ubi
2114 509 2236 552 non
2266 489 2448 550 addi-

244 594 359 668 dit,
394 599 409 626 ‘
431 611 637 654 omnes
664 618 681 652 :
702 591 720 620 ’
769 592 837 652 in
881 592 1073 654 calice
1105 600 1328 673 autem,
1359 595 1569 659 Bibite
1598 616 1678 658 eoe
1707 597 1822 658 hoc
1851 615 2099 666 omnes,·
2147 597 2217 655 ut
2247 613 2452 656 omnes

242 697 620 772 admoneret,
653 715 771 777 quo
802 695 880 756 ab
911 716 985 758 ea
1013 698 1215 777 specie
1243 700 1398 761 nulli
1426 720 1493 762 se
1523 700 1921 763 abstinerent.

308 821 746 881 Quemadmodum
772 822 995 872 Ecclesia
1017 861 1027 871 .
1054 860 1066 873 .
1091 861 1101 871 .
1117 824 1205 887 jus
1232 825 1413 875 habuit
1447 826 1719 889 aliquando
1744 826 1940 888 jubere,
1975 828 2035 873 ιιι
2069 823 2224 882 trina,
2253 858 2266 871 .
2292 858 2304 870 .
2330 857 2341 870 .
2365 821 2454 870 sli-

374 902 577 967 quando
618 908 676 953 ιιι
713 904 863 953 unica
886 941 897 952 .
924 941 935 952 .
960 940 972 953 .
997 907 1244 956 mersione
1285 907 1569 971 baptismus
1608 907 1779 957 fieret:
1826 908 1900 956 sic
1938 906 2097 955 etiam
2120 941 2132 954 .
2159 941 2170 952 .
2195 941 2206 952 .
2231 903 2453 953 liberum

376 985 674 1048 relinquere,
698 990 758 1035 ιιι
795 986 888 1035 sub
919 1001 1020 1036 una
1047 988 1225 1051 specie,
1260 990 1339 1038 vel
1368 989 1462 1038 sub
1498 990 1693 1039 duabus
1718 989 2039 1038 Eucharistia
2067 987 2453 1050 reciperetur.—

378 1067 524 1132 [Bell.
543 1068 691 1131 Apol.
716 1083 806 1132 pro
827 1068 998 1133 Resp.]
1032 1084 1080 1132 p.
1108 1072 1216 1120 102.
1252 1071 1384 1135 [Op.,
1408 1077 1528 1121 tom.
1555 1072 1640 1121 vii.
1664 1072 1754 1121 col.
1776 1073 1886 1122 762.
1913 1070 1997 1134 A.]

334 1170 445 1246 At,
506 1168 576 1229 in
624 1168 869 1231 Christi
928 1179 1266 1253 praecept0,
1316 1180 1382 1235 et
1433 1173 1549 1236 ubi
1599 1171 1965 1256 imperandi
2017 1190 2169 1233 voce
2221 1167 2448 1244 utitur,

240 1273 546 1335 Ecclesioe
558 1272 673 1352 jus
697 1273 931 1334 nullum
950 1279 1084 1336 est:
1132 1273 1221 1337 ibi
1253 1275 1418 1338 forte
1443 1276 1551 1359 jus
1582 1282 1701 1352 est,
1736 1274 1847 1337 ubi
1885 1274 1982 1355 (ut
2011 1272 2078 1335 in
2110 1270 2444 1349 mersione)
2567 1261 2692 1322 188

241 1399 386 1441 rem
414 1377 484 1440 in
514 1376 725 1439 medio
754 1376 1080 1459 relinquit.
1174 1380 1347 1441 Nam
1378 1379 1449 1457 si,
1481 1381 1670 1442 semel
1698 1385 1938 1442 tantu-m
1968 1378 2226 1458 meryite
2257 1374 2450 1437 dixis·
2481 1345 2693 1410 [Christi

2477 1411 2714 1459 mandata

245 1485 369 1557 set,
389 1479 490 1542 vel
520 1479 574 1541 si
605 1486 720 1557 ter,
742 1479 934 1543 credo
962 1502 1094 1544 non
1128 1489 1439 1545 mutasset
1472 1482 1790 1558 Ecclesia;
1835 1502 1954 1544 nec
1979 1478 2357 1556 CardinaIiS,
2378 1485 2452 1540 ut
2478 1480 2673 1523 mutare

248 1589 556 1660 mutaret,
619 1590 843 1645 auctor
900 1582 1144 1648 fuisset.
1259 1585 1441 1648 Dixit
1502 1593 1721 1648 autem
1782 1585 2111 1660 Comedite,
2167 1582 2328 1645 dixit
2387 1589 2453 1644 et
2477 1540 2739 1664 Ῑέῖᾙιέἑῑω]

246 1685 480 1762 Bibite,
514 1693 580 1749 et
609 1687 917 1763 similiter,
951 1695 1017 1750 et
1052 1696 1188 1750 tam
1224 1688 1625 1771 huic,·quam
1665 1689 1779 1766 illi,
1811 1689 1953 1751 Hoc
1985 1686 2211 1768 facite.
2306 1686 2453 1751 Quo

246 1789 444 1865 dicto,
483 1789 767 1851 Christus
812 1790 1068 1852 liberum
1112 1813 1234 1853 non
1276 1793 1531 1874 reliquit
1553 1821 1571 1855 :
1622 1813 1740 1855 nec
1771 1793 1886 1873 jus
1930 1791 2113 1853 habet
2142 1790 2452 1864 Ecclesia,

247 1893 425 1976 quod
455 1893 751 1956 Christus
772 1893 1128 1977 imperavit,
1162 1896 1420 1959 liberum
1449 1898 1839 1979 relinquendi
1864 1924 1884 1970 ;
1931 1897 2031 1960 vel
2054 1894 2347 1980 jubendi,
2379 1900 2455 1956 ut

248 2018 387 2059 una
430 1996 669 2080 species
700 2005 961 2061 tantum
1004 2000 1367 2082 recipiatur,
1399 2001 1514 2064 ubi
1559 2001 1798 2084 duplici
1844 2007 2163 2082 praecepto
2205 1999 2301 2079 (ut
2333 1996 2454 2060 sub

250 2100 503 2163 duabus
545 2104 847 2182 sumeret)
885 2101 1086 2166 edixit
1117 2103 1452 2167 Christus:
1500 2105 1623 2182 vel,
1671 2104 1784 2166 ubi
1816 2104 2116 2167 Christus
2161 2102 2232 2165 in
2276 2109 2457 2165 utro-

255 2225 402 2286 que,
435 2204 575 2266 Hoc
610 2203 837 2284 facite,
886 2205 1237 2290 subjunxit,
1271 2206 1361 2270 ibi
1405 2208 1477 2269 in
1519 2228 1654 2270 uno
1695 2227 2080 2289 expungere,
2112 2205 2212 2268 vel
2252 2204 2344 2267 ibi
2374 2224 2456 2266 ne

250 2309 493 2372 faciant
534 2309 936 2373 interdicere.
1029 2310 1348 2374 Libertati
1392 2312 1569 2375 locus
1602 2317 1719 2390 est,
1751 2310 1866 2373 ubi
1904 2309 2048 2372 silet
2076 2308 2454 2391 imperium:

251 2414 368 2477 ubi
409 2415 700 2498 imperat,
746 2415 977 2493 Bibite,
1010 2416 1221 2478 Bibite
1256 2437 1480 2494 omnes,
1527 2415 1668 2477 Hoc
1699 2413 1926 2496 facite,
1974 2433 2094 2476 nec
2132 2413 2457 2495 integrum

241 2520 405 2602 jam,
453 2540 575 2581 nec
626 2517 921 2595 liberum,
975 2541 1109 2583 non
1161 2540 1404 2603 parere.
1498 2518 1710 2582 Credo
1755 2527 1992 2594 autem,
2027 2514 2182 2577 vitio
2227 2515 2454 2591 aetatis,

250 2621 584 2685 Cardinali
619 2622 924 2686 excidisse
963 2623 1123 2701 haec,
1156 2623 1256 2685 vel
1299 2622 1380 2685 ad
1411 2623 1647 2684 novitia
1679 2621 1817 2683 haec
1848 2619 2166 2694 adactum,
2210 2638 2292 2679 ne
2322 2638 2457 2680 mo·

251 2746 395 2788 rem
423 2724 597 2788 hunc
627 2746 817 2789 suum
840 2747 1100 2790 necesse
1128 2725 1395 2788 haberet
1426 2725 1725 2787 novitium
1755 2720 2066 2786 confiteri.

320 2842 405 2891 Ab
429 2843 579 2892 initio
596 2842 834 2892 Ecclesiae
855 2858 958 2892 non
972 2843 1253 2902 defuerunt,
1271 2843 1358 2905 qui
1377 2842 1470 2891 sub
1490 2856 1593 2890 una
1609 2844 1813 2889 tantum
1836 2839 2001 2901 specie
2015 2838 2459 2887 communicarent.

385 2923 603 2988 —[Bell.
627 2923 776 2987 Apol.
799 2938 892 2987 pro
916 2923 1085 2989 Resp]
1107 2939 1155 2987 p.
1183 2927 1291 2974 102.
1328 2924 1461 2988 [Op.,
1485 2927 1608 2973 tom.
1633 2922 1720 2970 vii.
1745 2922 1836 2971 col.
1864 2922 1891 2971 7
1897 2922 1974 2969 62.
2000 2919 2080 2983 R]

343 3023 589 3085 Verum
620 3025 811 3105 paulo
842 3032 1011 3101 ante,
1037 3045 1158 3086 non
1187 3026 1288 3085 bic
1315 3022 1780 3085 Controversias
1808 3021 2147 3101 suscepisse
2168 3040 2252 3097 se,
2278 3017 2458 3095 dixit,
2489 3032 2749 3097 [Testimo-

253 3126 390 3203 sed,
436 3134 511 3189 ut
554 3133 823 3189 veterum
855 3128 1123 3190 Patr-um
1169 3126 1522 3190 sententias
1567 3126 1903 3208 proferret,
1953 3126 2058 3206 qui
2099 3144 2222 3205 per
2266 3143 2461 3185 annos
2487 3099 2786 3212 gilnqi'xac

240 3232 491 3312 primos
538 3232 917 3313 quinqentos.
1010 3232 1143 3295 Ubi
1191 3231 1374 3296 nobis
1417 3231 1556 3314 jam
1608 3229 1839 3293 Patres
1892 3229 2041 3292 illi?
2134 3230 2460 3310 Suspenso
2488 3243 2540 3304 r?
2562 3242 2704 3276 excu-

253 3337 364 3400 hic
404 3336 609 3419 gradu
652 3338 895 3401 incedit
927 3336 1303 3415 CardinaliS,
1360 3345 1425 3434 et
1470 3359 1593 3399 non
1645 3335 1915 3415 defuisse
1963 3334 2140 3412 dicit,
2198 3333 2307 3416 qui
2339 3321 2464 3415 per
2487 3289 2721 3353 munzun]

254 3441 400 3504 illos
432 3440 817 3524 quingentos
845 3441 956 3503 sub
986 3462 1110 3502 una
1142 3446 1384 3502 tantum
1427 3441 1629 3520 specie
1660 3439 2190 3502 communicer-int.
2284 3437 2462 3501 Quos

257 3544 526 3607 autem?
619 3545 730 3607 An
770 3544 1056 3607 Patres?
1154 3548 1209 3607 1.
1260 3544 1406 3605 Imo
1438 3544 1785 3605 Nazaraeos
1831 3563 1866 3604 e
1901 3543 1940 3603 J
1947 3541 2164 3616 udaeis,
2212 3542 2274 3602 2.
2311 3538 2459 3600 Ma-

257 3648 536 3711 nichaeos
566 3669 644 3710 ex
677 3646 1035 3724 Haereticis,
1085 3650 1145 3708 3.
1186 3646 1515 3723 Quosdam,
1538 3645 1803 3708 domum
1834 3664 2049 3706 secum
2082 3639 2461 3723 particulam

261 3752 683 3816 Eucharistiae
728 3752 1124 3828 deferentes;
1187 3755 1249 3813 4.
1289 3750 1577 3811 Clinicos.
1671 3749 1965 3814 Quatuor
2014 3746 2156 3821 hos,
2204 3744 2464 3805 Patrem

259 3855 367 3919 hic
388 3857 532 3939 lego
556 3857 833 3920 nullum.
926 3856 1279 3919 Videamus
1308 3862 1551 3932 tamen,
1584 3853 1686 3917 vel
1716 3854 1852 3916 hos„

327 3989 445 4039 Non
467 3995 545 4040 est
567 4026 580 4039 .
605 4028 617 4040 .
640 3990 884 4041 credibile
908 3990 1217 4053 (Nazaraeos)
1243 3994 1418 4039 contra
1438 3993 1614 4037 votum
1639 4001 1784 4036 suum
1808 3986 1995 4035 bibisse
2018 3984 2081 4035 de
2108 3985 2260 4034 calice
2263 4019 2461 4033 ......

387 4072 565 4136 Neque
599 4078 772 4123 tamen
805 4073 1046 4123 credibile
1070 4077 1147 4121 est
1171 4087 1254 4121 eos
1283 4072 1491 4121 omnino
1513 4084 1544 4118 a
1565 4068 1919 4119 communione
1953 4064 2464 4118 abstinuisse—Bell.

391 4154 540 4217 Apol.
566 4170 656 4218 pro
682 4153 852 4218 Resp]
876 4170 922 4218 p.
950 4155 1060 4203 103.
1089 4152 1225 4219 [Op.,
1251 4152 1479 4202 tom.vii.
1503 4151 1597 4201 col.
1622 4151 1648 4202 7
1655 4152 1732 4200 62.
1758 4149 1816 4199 Β.
1838 4149 1912 4213 Q]

356 4252 681 4331 Credibile,
710 4254 799 4336 (id
830 4255 950 4333 est)
980 4252 1305 4333 probabile
1335 4257 1446 4335 est,
1472 4256 1532 4313 et
1549 4252 1662 4331 pie
1686 4250 1856 4312 credi
1881 4254 2092 4329 potest
2109 4247 2156 4326 ¹³,
2190 4268 2224 4311 e
2256 4248 2464 4310 Naza-
2494 4243 2790 4310 [Nazaraei]

331 4421 352 4453 ὓ
386 4422 439 4487 [“
455 4423 719 4474 Probabile
741 4427 832 4483 est,
865 4423 1045 4486 pieque
1067 4421 1202 4471 credi
1237 4436 1323 4484 po·
1411 4419 1477 4468 ir.
1522 4432 1628 4481 cap.
1666 4420 1711 4466 6.
1757 4417 1783 4475 ἓ
1819 4416 2065 4473 ‘Quarta'
2131 4416 2241 4479 Op..
2285 4420 2408 4465 tom.
2434 4416 2467 4463 i.

264 4492 364 4536 test.
413 4488 679 4538 Summum
724 4489 1020 4539 Pontificem
1048 4524 1059 4535 .
1090 4523 1101 4534 .
1124 4524 1136 4534 .
1162 4501 1324 4535 errare
1412 4500 1457 4548 p.
1480 4485 1589 4532 212.
1617 4481 1700 4544 D.]

265 4565 366 4602 non
396 4553 775 4617 posses-Bell.
800 4553 863 4603 de
895 4552 1036 4602 Rom.
1068 4550 1211 4600 Pout.
1235 4551 1322 4600 lib.
