3165 4959
941 345 1311 394 APOLoGIAM
1353 347 1717 396 RESPONSIO.
2349 332 2433 392 33

214 499 331 563 fori
384 497 603 562 nostri
663 498 939 563 formula
997 502 1118 583 est)
1174 523 1306 565 sese
1356 503 1424 564 in
1474 502 1641 563 nullo
1694 501 1838 563 inde
1889 500 2241 581 culpabiles,
2337 501 2433 564 Ut

214 603 519 667 Testibus
548 611 694 666 tum
727 625 903 688 opus,
937 612 1013 669 ut
1043 606 1283 670 tabulis
1329 605 1654 689 agendum
1683 604 1895 680 fuerit,
1930 604 2163 686 quibus
2192 605 2433 687 egregii

212 707 302 770 illi
348 708 690 789 Martyres
730 709 1165 773 confessionis
1219 710 1368 772 fidei
1415 729 1549 772 suae
1597 708 2147 771 convincerentur.
2240 708 2430 772 Certe

214 810 566 891 Martyres,
598 810 721 892 ipsi
752 817 936 874 testea
969 833 1128 891 esse,
1161 833 1295 875 non
1326 811 1580 874 testibus
1616 810 1908 874 convinci
1939 810 2251 874 solebant.
2341 811 2430 874 Et

213 912 394 977 vobis
422 920 651 976 tamen
678 913 750 976 hi
784 914 1106 996 Martyres
1151 921 1322 993 sunt,
1357 913 1467 997 qui
1510 934 1646 977 non
1686 913 1823 976 ausi
1871 914 2081 996 palam
2118 920 2184 978 et
2229 913 2428 977 libere

209 1019 440 1081 testari
468 1018 665 1082 fidem
695 1040 898 1097 suam,
932 1020 1045 1083 sed
1073 1018 1479 1102 tergiversari
1508 1040 1724 1083 coram
1745 1019 1787 1080 J
1789 1018 1995 1113 udice,
2020 1040 2258 1102 negare
2287 1041 2425 1082 rem

210 1123 496 1204 penitus,
540 1122 735 1205 (quod
775 1144 854 1185 ex
894 1123 1104 1205 Regni
1135 1122 1431 1186 Archivis
1472 1125 1747 1205 constat)
1802 1124 2057 1207 quique,
2102 1125 2229 1187 nisi
2274 1146 2427 1188 con-

210 1225 365 1288 victi
394 1225 698 1304 testibus,
732 1227 1079 1290 cuticulam
1120 1234 1478 1291 servassent
1522 1227 1741 1311 probe,
1774 1235 1840 1290 et
1870 1229 2184 1311 Martyrii
2223 1229 2427 1311 gloria

208 1351 343 1392 non
373 1329 704 1393 illibenter
734 1331 1107 1395 caruissent.
1200 1333 1639 1415 Houghtonus
1669 1332 1949 1415 quidem,
1975 1333 2240 1414 quicum
2262 1335 2427 1396 omni

210 1433 566 1508 alacritate,
598 1438 657 1495 et
697 1432 1028 1514 affectuose
1063 1433 1144 1497 ad
1175 1434 1487 1497 vomitum
1528 1434 1712 1496 illum
1759 1434 2097 1497 confratris
2138 1434 2258 1511 sui,
2291 1456 2424 1498 non

208 1556 360 1597 cum
392 1535 531 1618 pari
561 1535 663 1598 vel
693 1535 1041 1614 alacritate,
1072 1537 1175 1600 vel
1205 1537 1439 1600 affectu
1475 1537 1557 1600 ad
1589 1538 1981 1619 Martyrium
2025 1538 2302 1602 accinxit
2334 1560 2421 1617 se,

209 1639 322 1701 sed
352 1640 529 1703 enim
561 1662 687 1723 qua
714 1640 947 1723 potuit,
979 1640 1379 1711 detrectavit.
1670 1643 1685 1656 “

272 1800 396 1849 Non
412 1799 616 1866 [neque]
631 1801 793 1850 solum
811 1800 936 1851 fides
952 1802 1049 1851 ista
1066 1801 1220 1865 Regis
1237 1817 1338 1852 non
1358 1808 1435 1853 est
1449 1803 1722 1865 Catholica„
1742 1804 1862 1868 quia
1877 1820 1981 1855 non
1997 1820 2195 1869 semper
2211 1806 2419 1864 credita,

334 1884 426 1933 sed
450 1884 607 1934 etiam
630 1884 753 1946 qnia
772 1897 877 1933 non
898 1884 1085 1948 ubique
1108 1884 1316 1935 credita.
1372 1883 1526 1934 Fides
1543 1886 1681 1934 enim
1700 1885 1975 1942 Catholica‚
1999 1887 2064 1936 ab
2089 1887 2240 1936 initio
2263 1887 2421 1949 Apos-

337 1970 510 2020 tolieae
531 1969 910 2033 praedicationis
940 1971 996 2018 in
1023 1970 1256 2019 universo
1285 1969 1477 2020 mundo
1495 2006 1508 2018 .
1533 2005 1546 2019 .
1573 2007 1586 2019 .
1609 1970 1909 2021 fructificare
1932 1972 2104 2035 coepit.
2129 2009 2140 2021 .
2167 2007 2178 2019 .
2203 2009 2214 2021 .
2241 1971 2422 2034 Neque

336 2050 458 2099 huic
482 2051 688 2100 veritati
711 2055 975 2113 repugnat,
1005 2050 1139 2114 quod
1173 2051 1389 2100 haereses
1411 2066 1607 2114 quoque
1642 2052 1698 2099 in
1723 2053 1956 2102 universo
1994 2052 2185 2102 mundo
2220 2058 2423 2102 sunt-.—

338 2133 498 2198 [Bell.
527 2133 674 2197 Apol.
698 2148 792 2197 pro
815 2132 990 2197 Resp]
1027 2148 1075 2196 p.
1103 2136 1149 2183 8.
1186 2132 1310 2198 [Op.
1337 2138 1460 2182 tom.
1479 2134 1566 2182 vii.
1593 2132 1684 2184 col.
1712 2134 1824 2185 709.
1850 2133 1936 2197 13.]

286 2280 351 2340 2.
403 2276 661 2356 Semper
688 2296 821 2338 non
851 2275 1173 2355 successit,
1208 2275 1364 2358 quid
1390 2276 1614 2358 ubique
1632 2278 1665 2340 ?
1762 2277 1981 2359 (Nam,
2015 2277 2093 2339 ab
2124 2277 2420 2353 omnibu-9,
2448 2286 2481 2399 E

2481 2286 2707 2338 Romana

2485 2351 2573 2400 des
2594 2367 2699 2401 non

201 2379 619 2445 cardinalem
637 2381 988 2464 pungeret.)
1087 2380 1588 2463 Philosophatur
1630 2402 1779 2445 vero
1809 2382 1914 2445 hic
1945 2382 2321 2459 CardinaIiS,
2357 2390 2422 2446 et
2446 2416 2650 2479 ubique,

202 2485 395 2548 docet
450 2485 794 2548 Lectorem
841 2506 1050 2563 suum,
1095 2485 1251 2567 quid
1302 2486 1384 2548 sit
1430 2486 1652 2568 ubique
1670 2513 1692 2560 ;
1738 2508 1969 2570 nempe
2021 2489 2088 2549 in
2139 2489 2420 2550 universo
2447 2496 2540 2530 nee
2560 2482 2750 2544 ubique

200 2589 452 2652 munde.
545 2589 795 2653 Verum
835 2589 1030 2667 enim,
1065 2589 1216 2672 quia
1251 2610 1395 2673 quae
1434 2591 1570 2673 jam
1619 2596 1737 2669 est,
1779 2592 2065 2654 Romana
2107 2592 2268 2655 fides
2308 2614 2423 2675 per

201 2693 581 2756 universum
622 2693 939 2756 mundum
984 2714 1106 2757 nec
1147 2693 1379 2756 diffusa
1412 2694 1606 2756 modo
1652 2700 1770 2769 est,
1802 2715 1922 2757 nec
1956 2693 2081 2757 fuit
2112 2715 2420 2776 unquam,

205 2799 511 2862 Haereses
564 2818 818 2881 quoque
877 2796 1071 2860 etiam
1119 2798 1187 2860 in
1235 2799 1521 2859 universo
1579 2796 1806 2858 mundo
1865 2802 2035 2872 sunt,
2089 2797 2420 2879 restringit

200 2925 395 2986 porro
424 2903 647 2985 ubique
685 2903 808 2966 hoc
847 2924 1055 2980 suum,
1087 2923 1220 2965 non
1249 2902 1424 2965 enim
1456 2900 1614 2963 satis
1645 2920 1784 2976 esse
1815 2899 1871 2961 si
1898 2899 2120 2981 ubique
2156 2899 2257 2976 sit,
2289 2901 2419 2964 nisi

200 3007 426 3089 ubique
455 3007 540 3069 sit
570 3006 797 3069 eadem.
890 3005 1076 3084 Tum,
1109 3026 1186 3067 ex
1232 3003 1416 3087 signo
1454 3004 1597 3082 hoc,
1631 3024 1814 3066 suam
1845 3004 2192 3066 Romanam
2220 3004 2417 3086 fidem

201 3138 342 3180 vere
378 3117 753 3198 proprieque
809 3115 1192 3177 Catholicam
1249 3134 1398 3178 esse.
1511 3113 1645 3179 Qui
1703 3119 1935 3196 potest,
1996 3135 2145 3177 cum
2196 3114 2418 3196 ubique

199 3243 336 3286 non
384 3221 516 3284 sit?
627 3220 787 3283 Non
831 3218 1007 3281 enim
1052 3219 1125 3281 in
1169 3217 1344 3282 bona
1391 3218 1671 3300 Europae
1715 3223 1918 3300 parte,
1972 3220 2157 3302 cujus
2203 3218 2418 3281 media

197 3348 400 3410 prope
442 3346 590 3410 pars
633 3325 705 3387 in
755 3330 1047 3387 nostram
1096 3321 1648 3386 Reformationem
1700 3322 2047 3386 consensit.
2137 3322 2295 3386 Non
2341 3322 2413 3384 in

200 3431 458 3495 Graecia
486 3428 588 3492 vel
618 3428 885 3493 Oriente
914 3433 1074 3506 toto,
1105 3425 1219 3489 ubi
1245 3433 1377 3489 tres
1410 3425 1798 3489 Patriarchae
1829 3433 2071 3511 negant
2103 3427 2411 3491 Christia-

198 3556 351 3598 nam
382 3534 582 3597 fidem
613 3532 690 3594 de
717 3532 1014 3594 Primatu
1063 3529 1241 3594 Petri
1287 3529 1371 3593 ad
1410 3537 1699 3594 mentem
1729 3530 2109 3608 cardinalis,
2141 3536 2217 3592 ut
2260 3529 2413 3592 inde

197 3638 443 3702 scilicet
470 3634 803 3699 Pontificis
822 3633 1207 3698 Monarchia
1234 3641 1684 3717 consequatur.
1773 3635 1931 3698 Non
1960 3633 2131 3717 apud
2166 3632 2444 3718 Rutheffi

194 3763 338 3820 nos,
393 3743 741 3816 Armenos,
797 3738 1215 3821 Georgian08‚
1264 3737 1646 3817 MaronitaS,
1699 3759 1834 3801 non
1883 3737 2193 3820 (inquam)
2244 3738 2416 3820 apud

193 3847 313 3910 hos
350 3866 602 3923 omnes,
638 3842 834 3907 Orbis
866 3841 1222 3907 Christiani
1254 3848 1506 3925 partem
1556 3841 1750 3924 longe
1797 3840 2170 3905 maximam.
2255 3841 2414 3905 Non

197 3971 350 4034 ergo
378 3950 670 4012 Romana
710 3946 870 4010 fides
913 3966 1062 4010 vere
1096 3947 1198 4009 vel
1241 3945 1515 4029 proprie,
1552 3944 1758 4028 magis
1801 3966 1990 4027 quam
2022 3945 2223 4007 Roma
2251 3945 2411 4029 ipsa,

195 4054 438 4136 ubique.
519 4051 695 4117 Quid
725 4051 925 4132 ergo?
1000 4051 1093 4113 At
1122 4049 1227 4112 ubi
1256 4057 1475 4112 tamen
1504 4056 1623 4127 est,
1655 4048 1869 4111 eadem
1897 4053 2023 4111 eet:
2073 4048 2410 4131 quippini?

199 4160 364 4225 Quae
395 4157 572 4222 enim
601 4155 865 4220 haeresis
895 4176 1030 4217 non
1059 4154 1283 4218 eadem
1314 4161 1430 4232 est,
1463 4152 1577 4216 ubi
1608 4153 1755 4216 est?
1819 4151 2017 4229 Quin,
2044 4171 2163 4214 nee
2192 4151 2413 4232 ubique

198 4271 419 4326 tamen
447 4261 661 4324 eadem
688 4287 708 4322 .·
756 4259 914 4322 Non
955 4257 1127 4320 enim
1166 4256 1244 4320 de
1274 4255 1579 4336 Pontiflce
1612 4276 1804 4337 supra
1842 4255 2199 4331 Concilium,
2231 4254 2409 4317 Pari-

199 4367 389 4429 siism:
434 4385 571 4427 non
602 4363 683 4425 de
713 4360 1044 4441 Pontificis
1073 4380 1263 4441 supra
1292 4359 1489 4441 Leqee
1520 4365 1580 4422 et
1609 4359 2086 4422 Ecclesiastico-9
2101 4364 2412 4440 potestate

367 4534 403 4556 ·
439 4525 600 4591 [Vide
632 4524 843 4574 Ger-son.
869 4521 1029 4572 'I'ract
1055 4522 1117 4572 de
1141 4522 1327 4572 Potest.
1352 4520 1484 4571 Eccl.
1512 4520 1626 4584 Op„
1647 4525 1768 4571 tom.
1794 4521 1827 4572 i.
1846 4522 1958 4572 coll.
1979 4524 2087 4572 110.
2112 4521 2240 4587 seq.]

280 4621 772 4659 unum-amr.
1850 4622 1895 4669 D

2447 2545 2668 2609 eadem]

2548 3429 2745 3506 27,
