3165 4959
354 2336 581 2398 [Exami—

351 2407 539 2450 uantur

349 2467 570 2515 testimo·

347 2533 435 2580 nia
457 2532 505 2580 S.
530 2530 647 2579 Am-

347 2596 548 2659 brosii,]

668 335 753 396 58
1295 355 1380 403 An
1425 354 1806 401 effluimus
1847 353 2246 402 BELLAamm

671 508 932 592 Cyrillo,
1005 516 1232 572 contra
1301 510 1735 574 Julianumv?
1845 510 2001 588 Ubi,
2066 510 2333 593 perinde
2393 532 2432 573 a
2490 512 2879 575 Christianis

668 611 890 675 haberi
950 613 1275 696 Martyres
1336 636 1482 677 suos
1543 636 1618 677 ae
1676 615 1813 698 pari
1878 615 2078 692 cultu,
2150 615 2466 699 objiciunt
2526 615 2749 679 Celsus
2808 623 2882 679 et

670 714 991 793 Julianus,
1022 737 1096 779 ae
1129 718 1378 780 Heroas
1424 740 1463 780 a
1505 718 1827 782 Gentibus
1843 744 1862 796 3
1910 718 2082 801 quod
2124 718 2437 801 Origenes
2484 725 2549 781 et
2595 719 2882 802 Cyrillus

672 825 919 882 exserte
949 827 1212 902 negant.
1305 822 1423 884 Sin
1454 822 1716 885 mallet:
1762 843 1842 885 ex
1873 822 2232 885 Athanasio
2262 831 2487 885 eontra
2515 822 2830 886 Arianosq
2861 849 2876 887 ε

674 922 809 999 ubi,
887 923 1034 986 ideo
1105 924 1438 987 Christum
1520 926 1845 988 convincit
1922 947 2060 989 esse
2144 927 2377 1004 Deum,
2451 926 2621 1009 quod
2696 926 2877 990 invo-

674 1033 877 1089 cetur.
994 1028 1237 1090 Praeter
1284 1030 1496 1092 Deum
1550 1030 1743 1107 enim,
1797 1050 1835 1091 a
1887 1029 2272 1092 Christianis
2324 1029 2651 1092 neminem
2697 1030 2879 1093 invo-

674 1130 825 1193 cari.
916 1131 1166 1195 Nervos
1197 1134 1342 1194 hinc
1371 1153 1576 1195 causae
1608 1153 1742 1195 suae
1770 1131 2053 1210 adderet,
2079 1133 2225 1195 hinc
2254 1139 2504 1195 erueret
2534 1132 2776 1215 aliquid
2806 1134 2883 1195 in

672 1234 990 1298 rationem
1042 1258 1241 1298 suam.
1336 1235 1464 1299 Sed
1511 1237 1582 1298 in
1633 1257 1766 1299 rem
1818 1258 2000 1298 suam
2048 1237 2312 1299 corrasit
2363 1236 2469 1298 hic
2517 1236 2881 1299 Rhetorum

674 1337 910 1419 figuras
957 1338 1221 1421 aliquot,
1269 1347 1335 1402 et
1388 1341 1735 1402 Oratorum
1782 1338 1969 1402 nobis
2021 1339 2333 1403 Encomia
2378 1338 2689 1416 obtrudit,
2735 1362 2884 1423 quae

676 1441 840 1503 nihil
869 1441 1113 1505 habent
1144 1443 1492 1505 enucleatae
1531 1442 1914 1525 Theologiae.
2009 1442 2184 1508 Quid
2213 1442 2496 1505 faceret?
2565 1444 2884 1525 Suppete-

674 1544 833 1607 bant
861 1545 999 1607 haec
1030 1545 1182 1624 sola,
1216 1545 1458 1628 aliquid
1489 1546 1835 1609 Rhetorice
1866 1545 2112 1608 dietum
2141 1544 2326 1623 forte,
2352 1546 2519 1608 nihil
2548 1546 2667 1609 hac
2700 1546 2778 1609 de
2809 1569 2894 1613 re,

672 1654 976 1711 statutum
1004 1650 1274 1732 repetit:
1320 1649 1647 1731 frigebant
1677 1650 1936 1732 penitus
1967 1650 2437 1732 Theologorum
2468 1649 2790 1732 dogmata.

740 1803 788 1852 S.
807 1803 1037 1851 Ambros,
1056 1803 1110 1851 in
1134 1803 1226 1851 lib.
1241 1802 1303 1852 de
1319 1801 1516 1851 Viduis.
1585 1805 1601 1828 ⁴
1618 1803 1955 1861 Obsecmndi,’
1976 1803 2161 1867 inquit,
2184 1807 2330 1853 ‘sunt
2345 1804 2532 1866 Angeli
2559 1804 2669 1869 [pro
2696 1805 2887 1869 nobis]‚

805 1887 894 1947 qui
916 1886 1064 1935 nobis
1086 1885 1150 1936 ad
1172 1885 1466 1948 praesidium
1495 1885 1603 1935 dati
1633 1891 1768 1946 sunt,
1793 1886 2041 1949 Martyres
2074 1887 2385 1945 obsecrandi,
2408 1902 2622 1951 quorum
2650 1887 2890 1937 videmur

806 1967 953 2016 nobis
988 1966 1242 2030 quoddam
1282 1967 1504 2030 eorporis
1549 1968 1761 2030 pignore
1799 1968 2140 2031 patrocinium
2174 1968 2448 2019 vindicare.
2534 1968 2751 2019 Possunt
2787 1984 2888 2034 pro

805 2050 1022 2111 peccatis
1043 2049 1228 2097 nostris
1258 2064 1447 2111 rogare,
1470 2049 1558 2112 qui
1580 2050 1785 2113 proprio
1808 2049 2052 2112 sanguine
2076 2050 2231 2099 etiam
2252 2050 2413 2114 siquae
2438 2050 2575 2115 [qua]
2601 2051 2892 2101 habuerunt.

805 2135 1006 2194 peccata
1039 2131 1285 2191 laverunt,
1324 2130 1685 2195 etc.‘'—[Bell.
1731 2131 1881 2195 Apol.
1928 2146 2020 2195 pro
2059 2131 2228 2196 Resp]
2272 2146 2321 2196 p.
2362 2135 2438 2183 15.
2478 2132 2616 2195 [Op.,
2650 2137 2769 2181 tom.
2793 2133 2888 2183 vii,

806 2212 898 2261 eol.
922 2213 1033 2263 713.
1058 2211 1112 2261 Ο.
1138 2211 1226 2274 Ῑ).]

764 2330 1026 2392 Poterat
1061 2336 1284 2392 tamen
1321 2328 1684 2393 Cardinalis
1732 2329 1812 2393 ab
1853 2330 1964 2393 illo
1996 2330 2322 2393 Ambrosii
2362 2331 2503 2395 loeo
2540 2332 2889 2410 abstinere,

675 2454 795 2497 nec
825 2439 958 2496 tam
990 2432 1172 2497 avide
1203 2433 1434 2497 citare:
1482 2433 1610 2496 nisi
1640 2433 1808 2516 quia,
1841 2434 1938 2516 (ut
1959 2434 2256 2516 videtur‚)
2282 2457 2414 2498 non
2439 2435 2684 2499 invitus
2716 2437 2893 2501 sinet

683 2539 918 2600 Christi
967 2539 1327 2620 sanquinem
1379 2537 1776 2621 superfluum
1827 2538 2070 2617 haberi,
2108 2539 2324 2621 potius
2373 2562 2564 2623 quam
2621 2542 2895 2605 Sanctos

677 2664 715 2705 a
745 2663 811 2705 se
849 2663 979 2704 non
1015 2641 1313 2704 invocari.
1409 2640 1783 2723 Superfluus
1821 2642 1995 2703 enim
2033 2651 2205 2704 certe
2249 2644 2507 2725 sanquis
2544 2645 2797 2721 Christi,
2830 2647 2894 2707 si

676 2767 793 2808 sua
819 2750 1086 2826 possunt
1107 2751 1376 2825 peccata
1410 2745 1735 2825 Martyres
1767 2746 2032 2826 proprio
2071 2747 2372 2827 sanquine
2413 2749 2645 2809 lavare.
2741 2748 2894 2812 Quo

682 2871 762 2912 ex
818 2850 959 2913 loco
1016 2849 1203 2912 facile
1258 2847 1695 2931 deprehendet
1749 2849 2002 2927 Lector,
2057 2849 2400 2912 Ambrosio
2449 2850 2659 2913 adhuc
2711 2851 2891 2914 Neo-

683 2953 886 3036 phyto
917 2953 1224 3035 seriptum
1257 2952 1453 3015 fuisse
1482 2952 1722 3015 librum
1751 2952 1957 3028 illum,
1998 2953 2118 3035 (uti
2149 2953 2273 3015 fuit
2301 2954 2654 3036 imprimis⁸
2676 2956 2712 3037 :)
2769 2977 2894 3019 neo

685 3054 1025 3117 mirabitur
1064 3054 1296 3136 (credo)
1334 3055 1406 3132 si,
1440 3056 1550 3137 qui
1592 3057 1816 3117 lavisse
1847 3056 2081 3119 dioeerit
2111 3057 2441 3138 Martyres
2483 3079 2599 3120 sua
2621 3065 2893 3140 peccata

672 3159 937 3239 proprio
977 3158 1296 3238 sanquine,
1328 3157 1500 3219 idem
1531 3158 1703 3221 dicat
1733 3159 2061 3241 Martyres
2091 3160 2520 3224 obsecrandos.
2606 3162 2699 3225 At
2730 3164 2891 3226 Am-

684 3260 895 3324 brosio
942 3259 1096 3322 alibi
1145 3282 1331 3323 mens
1380 3260 1521 3338 alia,
1564 3263 1769 3345 magis
1814 3270 2112 3346 provecto
2150 3265 2309 3347 jam,
2350 3264 2580 3328 melius
2625 3265 2853 3329 edocto
2872 3292 2890 3344 ;

684 3416 828 3457 ματα.
865 3395 1199 3446 συναίσθονται
1229 3397 1326 3461 γὰρ
1358 3400 1455 3445 τῶν
1487 3397 1625 3458 ἀξίων
1658 3401 1748 3447 τοῦ

686 3462 811 3523 παρὰ
844 3465 931 3510 τοί
952 3464 1073 3510 Θεοῦ
1096 3462 1389 3522 εὐμενισμοῦ’
1412 3464 1491 3512 καὶ
1523 3466 1579 3511 οὺ
1600 3463 1747 3524 μόνον

686 3529 764 3576 καὶ
798 3528 930 3575 αὐτοὶ
963 3528 1175 3586 εὐμενεῖς
1201 3530 1304 3577 τοῖς
1336 3525 1480 3588 α’ξίυις
1513 3528 1744 3589 γίνονται,

684 3593 817 3642 ἀλλὰ
841 3593 919 3641 καὶ
935 3591 1292 3652 συμπράττουσι
1312 3595 1413 3642 τοῖς
1435 3592 1744 3652 βουλομένοις

685 3657 774 3706 τὸν
795 3658 871 3706 ε’πὶ
893 3660 1010 3707 πᾶσι
1042 3658 1164 3706 Θεὸν
1197 3655 1481 3740 θεραπεύειν,
1516 3660 1595 3707 καὶ
1624 3660 1745 3719 ἐξευ-

685 3721 973 3783 μένιζονται,
1005 3723 1084 3772 καὶ
1108 3741 1439 3784 συνευχονται,
1465 3725 1544 3773 καὶ
1567 3729 1744 3785 συναξι·

687 3790 835 3836 οῦσιν·
858 3785 985 3836 ὥστε
1007 3790 1195 3853 τολμᾷν
1216 3789 1337 3847 ἡμᾶς
1353 3786 1534 3850 λέγειν,
1563 3786 1641 3838 ὅτι
1663 3789 1741 3837 ἀν-

688 3851 899 3912 θρώποις,
920 3853 1043 3910 μετὰ
1066 3852 1381 3916 προαιρέσεως
1398 3855 1747 3913 προτιθεμένοις

686 3917 749 3965 τὰ
774 3918 1037 3977 κρείττονα,
1063 3918 1335 3979 εὐχομένοις
1356 3922 1424 3980 τῷ
1444 3922 1561 3982 Θεῷ,
1593 3918 1749 3979 μυρίαι

686 3980 798 4030 ὅσαι
819 3982 1025 4039 ἄκλητοι
1046 3981 1365 4043 συνεύχονται
1386 3985 1598 4045 δυνάμεις
1614 3982 1745 4043 ἱεραί.

688 4046 824 4108 Orig.
846 4051 1003 4096 contr.
1030 4047 1156 4096 Cels.
1176 4047 1263 4096 lib.
1278 4048 1387 4096 viii.
1405 4053 1521 4098 sect.
1542 4051 1619 4098 64.
1638 4047 1748 4110 Op„

687 4115 810 4160 tom.
836 4112 866 4159 i.
890 4126 941 4174 p.
966 4111 1076 4163 789.
1113 4112 1176 4161 D.
1192 4111 1248 4160 E.
1270 4112 1354 4175 R]

752 4185 774 4215 ¹²
813 4175 956 4240 [Τοῦς
972 4194 1031 4237 ’γε
1053 4177 1149 4238 μὴν
1179 4177 1342 4238 ἁγίους
1360 4176 1611 4242 μάρτυρας.
1637 4174 1746 4227 οὔτε

687 4241 820 4291 θεοὺς
851 4239 967 4290 εἶναι
993 4242 1164 4303 φαμὲν,
1184 4245 1292 4292 οὔτε
1313 4246 1595 4306 προσκυνεῖν
1612 4242 1748 4292 εἰθίσ-

686 4313 821 4363 μεθα,
844 4309 1166 4367 λατρευτικῶς
1189 4308 1428 4366 δηλονότι,
1447 4309 1577 4357 ἀλλὰ
1606 4326 1748 4369 σχετ-

690 4371 798 4418 ικῶς
852 4371 929 4419 καὶ
984 4372 1258 4432 τιμητικῶς.
1315 4376 1648 4435 στεφανοῦμεν
1695 4374 1744 4420 δὲ

686 4436 880 4492 μᾶλλον
922 4438 1029 4484 ταῖς
1068 4436 1293 4485 ἀνωτάτω
1332 4441 1505 4499 τιμαῖς,
1550 4440 1611 4488 ὥς
1664 4440 1749 4496 τῆς

689 4499 912 4555 ἀληθείας
945 4501 1171 4560 γενναίως
1194 4501 1747 4562 ὐπεραθλήσαντας.-8.

572 4601 589 4607 -
691 4560 801 4621 Cyr.
828 4562 975 4609 Alex.
993 4570 1147 4612 contr.
1167 4564 1196 4612 J
1204 4565 1269 4613 ul.
1298 4567 1379 4615 lib.
1408 4568 1476 4616 vi.
1500 4567 1611 4629 Op.‚
1630 4574 1747 4616 tom.

1832 3400 1898 3448 vi.
1927 3398 1983 3448 B.
2003 3414 2052 3463 p.
2077 3402 2187 3449 203.
2225 3400 2286 3450 D.
2302 3399 2386 3463 E]

1897 3473 1919 3505 '1
1953 3466 2061 3530 [Διὸ
2087 3467 2166 3514 καὶ
2190 3465 2433 3523 διηκόνουν
2455 3467 2584 3529 αὐτῷ
2604 3467 2649 3516 οἱ
2669 3465 2896 3528 ἄγγελοι,

1832 3531 1893 3579 ὡς
1917 3531 2053 3592 ἄλλῳ
2081 3530 2189 3587 παρ’
2229 3531 2398 3581 αὐτοὺς
2434 3530 2551 3580 ὄντι·
2585 3533 2666 3580 καὶ
2690 3551 2896 3594 προσκυ-

1831 3597 1983 3643 νεῖται
2000 3598 2106 3657 παρ’
2124 3596 2292 3655 αὐτῶν,
2308 3595 2401 3657 οὑχ
2423 3597 2482 3645 ὡς
2505 3599 2566 3660 τῇ
2582 3597 2690 3661 δόξῃ
2703 3596 2897 3657 μείζων.

1831 3659 1942 3708 ἀλλ’
1966 3662 2024 3709 ὡς
2046 3662 2200 3710 ἄλλος
2221 3659 2346 3722 παρὰ
2369 3660 2527 3710 πάντα
2548 3660 2612 3709 τὰ
2635 3661 2898 3722 κτίσματα,

1831 3725 1913 3773 καὶ
1945 3726 2052 3787 παρ’
2072 3724 2279 3775 ἐκείνους
2308 3727 2385 3783 ὢν,
2409 3726 2550 3785 μόνος
2582 3726 2663 3776 καὶ
2691 3727 2778 3775 τοῦ
2811 3746 2901 3776 πα·

1831 3790 1941 3846 τρὸς
1959 3791 2075 3839 ἴδιος
2098 3791 2162 3838 ὣν
2183 3791 2291 3839 κατ’
2307 3791 2474 3839 οὐσίαν
2498 3789 2593 3841 υἱός
2615 3827 2627 3840 .
2651 3826 2663 3838 .
2691 3827 2703 3839 .
2725 3791 2902 3840 οὐκοῦν

1833 3857 1956 3902 Θεοῦ
1994 3856 2099 3904 ἐστι
2123 3855 2268 3914 μόνου
2304 3856 2362 3902 τὸ
2401 3858 2780 3914 προσκυνεῖσθαι,
2816 3861 2899 3906 καὶ

1833 3922 1978 3967 τοῦτο
2001 3920 2134 3968 ἴσασι
2157 3920 2234 3968 καὶ
2253 3919 2385 3969 αὐτοὶ
2403 3920 2447 3968 οἱ
2467 3919 2685 3980 ἄγγελοι,
2707 3921 2781 3968 ὅτι
2804 3920 2902 3985 κᾷν

1835 3985 1998 4033 ἄλλων
2011 3985 2115 4033 ταῖς
2133 3985 2283 4046 δόξαις
2300 3982 2606 4047 ὑπερέχωσιν,
2621 3985 2752 4034 ἀλλὰ
2766 3989 2901 4036 κτίσ·

1835 4068 1964 4108 ματα
1987 4049 2162 4098 πάντες
2184 4049 2295 4107 εἶσὶ,
2321 4049 2398 4098 καὶ
2420 4051 2506 4101 οὐκ
2524 4048 2618 4099 εἶσὶ
2639 4053 2735 4098 τῶν
2754 4068 2900 4110 προσ-

1836 4114 2142 4174 κυνουμένων.
2198 4113 2331 4163 ἀλλὰ
2369 4117 2465 4162 τῶν
2512 4116 2902 4178 προσκυνούντων

1834 4179 1925 4227 τὸν
1968 4177 2306 4237 Δεσπότην.-
2317 4178 2366 4227 S.
2390 4179 2607 4239 Atham]
2666 4179 2805 4228 Orat.
2841 4182 2897 4229 ii.

1840 4243 2041 4306 [contra
2073 4243 2262 4292 Arian:
2302 4248 2420 4294 sect.
2454 4246 2531 4292 23.
2566 4245 2677 4307 Op„
2713 4249 2836 4293 tom.
2863 4247 2898 4295 i.

1835 4323 1882 4372 p.
1908 4311 2018 4357 491.
2055 4309 2118 4356 A.
2145 4307 2221 4372 c.]

1901 4382 1920 4406 ¹
1958 4373 2034 4436 [S.
2053 4373 2232 4422 Ambr.
2266 4372 2328 4422 de
2361 4372 2481 4422 vid.
2515 4388 2620 4435 cap.
2653 4374 2722 4421 ix.
2757 4375 2902 4436 (sect.

1837 4440 1935 4500 55.)
1957 4440 2068 4500 Op„
2088 4444 2207 4486 tom.
2225 4439 2278 4486 ii.
2304 4438 2396 4486 001.
2416 4441 2526 4487 200.
2549 4439 2598 4486 Ε.
2619 4438 2699 4501 R]

1902 4513 1918 4533 ¹¹
1955 4504 2076 4567 [Hic
2097 4504 2226 4551 liber
2248 4503 2347 4553 fuit
2362 4505 2593 4567 scriptuS,
2608 4521 2647 4551 c.
2664 4520 2762 4552 Λα).
2783 4507 2900 4556 3ῖ7.

1836 4583 1930 4619 sce.
1955 4569 2031 4617 ed.
2059 4569 2274 4631 Bened]
