3165 4959
524 1753 610 1813 50

738 351 824 413 66
1363 363 1448 410 AD
1493 361 1877 410 cmm-’Ans
1920 361 2319 409 BELLARnnx’i

742 521 899 583 Rex.
991 520 1134 582 Nec
1183 519 1357 582 enim
1408 518 1757 603 Angelum,
1815 539 2006 601 quem
2075 516 2340 580 adorare
2385 513 2608 593 voluit,
2660 516 2700 578 J
2706 535 2952 578 oannes

745 624 1016 706 (saltem,
1068 645 1200 687 non
1241 623 1522 687 secunda
1550 623 1707 704 vice)
1747 622 2076 705 Angelum
2119 620 2389 683 nescivit
2419 641 2598 696 esse3
2648 641 2769 682 nec
2804 641 2952 702 per-

741 749 964 791 sonam
994 727 1243 791 Triadis
1271 726 1493 805 ullam,
1526 733 1640 790 aut
1670 728 1904 804 Deum,
1937 747 2052 808 pcr
2081 745 2363 787 errorem
2392 724 2664 807 putavit,
2695 734 2772 787 ut
2813 724 2950 805 (qui

742 831 859 895 soli
890 832 1032 895 Deo
1062 830 1355 911 debetur)
1395 831 1708 894 honorem
1740 830 1800 893 ei
1830 829 2078 893 deferre
2107 828 2318 892 vellet.
2394 828 2707 891 Adoravit
2735 828 2950 906 mod0,

740 955 862 998 nee
911 934 1034 998 alio
1083 935 1473 997 adorationis
1519 954 1774 1017 genere,
1817 955 2010 1015 quam
2053 953 2184 1014 φησι
2228 932 2412 994 rebus
2454 933 2659 995 sam-is
2699 932 2958 993 debetur

746 1041 844 1119 (ut
876 1038 1204 1102 cardinali
1232 1038 1438 1120 placet
1462 1039 1499 1120 ε)
1542 1045 1610 1099 at
1640 1037 1846 1099 vetuit
1876 1044 2096 1100 tamen
2125 1037 2402 1117 Anyelus
2431 1057 2514 1099 ne
2559 1036 2817 1113 faceret,
2848 1035 2952 1098 bis

739 1142 966 1220 vetuit,
998 1141 1097 1205 bis
1124 1141 1568 1225 ingeminavit,
1615 1141 1769 1203 Vide
1799 1162 1874 1203 ne
1905 1139 2141 1222 feceris
2166 1168 2186 1201 :
2221 1141 2420 1202 Deam
2452 1140 2650 1202 adora
2668 1149 2718 1202 ¹¹.
2809 1141 2955 1203 Nec

741 1245 917 1308 enim
952 1253 1111 1309 nota
1139 1244 1409 1308 fortasse
1439 1244 1714 1326 Ange10,
1760 1264 1881 1307 nec
1930 1245 2012 1307 D.-
2048 1245 2090 1306 J
2095 1243 2288 1306 oanni
2326 1250 2485 1305 nota
2529 1244 2695 1325 (quae
2727 1242 2954 1306 Cardi-

739 1349 872 1411 nali
902 1356 1038 1412 tam
1067 1348 1394 1431 explorata
1417 1349 1591 1430 sunt)
1621 1347 2010 1410 adorationis
2029 1367 2264 1429 yenera
2292 1348 2488 1409 multa
2511 1375 2528 1409 .·
2565 1347 2659 1410 Ut
2689 1367 2953 1409 monere

740 1452 1053 1535 potuisset
1093 1453 1135 1514 J
1138 1473 1379 1516 oannes
1418 1452 1768 1534 Angelum,
1820 1452 1973 1515 Sine
2001 1472 2152 1515 vero
2191 1459 2256 1515 te
2287 1451 2538 1514 adore-m
2565 1478 2584 1512 .·
2630 1450 2950 1533 Equidem

741 1577 876 1620 non
919 1557 1112 1619 adoro
1151 1562 1240 1633 te,
1280 1577 1357 1620 ea
1403 1577 1545 1638 quae
1588 1556 1730 1619 Deo
1771 1554 1908 1632 soli,
1941 1554 2053 1618 sed
2090 1554 2216 1618 alio
2261 1554 2650 1617 adorationi-3
2695 1575 2949 1636 genere,

746 1680 878 1741 quoe
925 1666 985 1722 et
1029 1659 1213 1722 rebus
1254 1660 1476 1736 sacri-3,
1521 1679 1870 1741 earumque
1914 1659 2223 1740 Reliquias
2267 1658 2554 1721 debetur.
2645 1658 2790 1720 Nec
2829 1657 2953 1720 hoc

745 1771 888 1826 tum
936 1762 1370 1825 distinctionis
1415 1761 1835 1844 emplastrum
1882 1762 2180 1825 adhibuit
2222 1762 2263 1824 J
2266 1784 2524 1838 oanneS,
2570 1782 2692 1824 nec
2736 1763 2951 1843 acqui-

745 1866 874 1929 evit
904 1865 962 1929 ei
992 1865 1283 1947 Angelus
1309 1891 1323 1928 :
1371 1865 1717 1928 inculcavit
1746 1864 1825 1944 ei,
1864 1864 2056 1949 (quod
2087 1875 2153 1928 et
2182 1865 2369 1928 nobis
2398 1865 2642 1946 haeret,)
2692 1866 2845 1927 Vide
2877 1888 2955 1928 ne

729 1968 968 2049 feceris
993 1995 1013 2030 .·
1074 1968 1275 2030 Deum
1322 1970 1538 2031 adora.
1630 1969 1774 2032 Nec
1823 1977 1919 2031 est
1967 1969 2365 2052 Angelorum
2411 1969 2577 2032 ratio
2630 1969 2774 2046 alia,
2830 1970 2955 2033 alia

750 2075 1172 2135 Sanctorum:
1219 2092 1340 2134 nec
1372 2081 1470 2134 est
1500 2072 1934 2155 Reliquiarum
1978 2072 2144 2135 ratio
2184 2074 2412 2155 potior,
2444 2095 2637 2156 quam
2680 2095 2953 2156 quorum

746 2177 1049 2258 Reliquiae
1102 2192 1272 2239 sunt.
1388 2177 1533 2240 Nec
1587 2177 1681 2239 ita
1740 2176 1924 2240 valde
1974 2176 2339 2240 laborarent
2390 2176 2775 2241 Ambrosius
2794 2191 2839 2256 ⁰,
2887 2186 2955 2241 et

745 2280 1154 2360 Augustinus
1173 2292 1220 2357 P,
1256 2278 1573 2362 quomodo
1616 2280 1946 2342 scabellum
1976 2281 2098 2341 Dei
2128 2280 2388 2342 adorari
2415 2289 2667 2363 posset3
2713 2302 2835 2344 nec
2865 2281 2951 2359 id,

746 2383 870 2444 nisi
917 2383 989 2445 in
1037 2403 1296 2465 corpore
1339 2382 1602 2460 Christi,
1642 2382 1836 2465 (quod
1868 2384 1947 2447 de
1988 2392 2162 2446 terra
2202 2384 2317 2465 est)
2369 2383 2507 2446 ficri
2535 2405 2719 2467 posse
2750 2392 2954 2447 statu-

748 2494 931 2550 erent
953 2512 971 2563 ;
1021 2487 1077 2549 si
1126 2495 1343 2570 posset
1394 2486 1610 2569 lepido
1653 2487 1774 2551 hoc
1807 2486 2166 2550 Cardinalis
2207 2497 2571 2551 commento
2617 2488 2791 2551 eludi
2826 2511 2952 2567 ree,

747 2589 801 2651 si
842 2598 1104 2673 possent
1147 2611 1249 2653 res
1286 2611 1482 2653 sacrae
1527 2590 1617 2654 sic
1659 2590 1896 2673 passim
1926 2591 2203 2653 adorari.
2298 2590 2560 2668 Saltem,
2596 2590 2957 2655 Cardinalis

738 2693 878 2776 jam
924 2694 1210 2757 adoratio
1261 2715 1376 2776 per
1420 2690 1832 2780 κατάχρησιν
1874 2693 2060 2771 forte,
2105 2693 2358 2776 proprie
2400 2700 2617 2756 autem
2663 2695 2953 2757 adoratio

747 2819 882 2860 non
913 2806 1032 2861 est.
1120 2798 1407 2861 Tandem
1438 2805 1657 2860 autem
1702 2818 1778 2861 eo
1822 2797 1988 2860 forte
2031 2796 2289 2872 recidet,
2323 2805 2397 2860 ut
2437 2819 2570 2860 non
2613 2798 2810 2860 alium
2860 2798 2954 2862 eis

747 2899 1057 2963 honorem
1113 2922 1465 2983 congruere
1513 2902 1805 2964 dicturus
1858 2902 1961 2978 sit,
2015 2922 2208 2982 quam
2256 2900 2424 2962 libro
2467 2900 2820 2983 Evanyelii,
2853 2903 2955 2965 vel

746 3004 915 3064 vasis
966 3006 1554 3066 Sacramentorum:
1636 3004 1717 3068 de
1786 3026 1932 3087 qu0,
1987 3025 2196 3087 neque
2253 3026 2374 3067 nos
2449 3004 2711 3068 habebit
2769 3006 2955 3069 valde

747 3113 1199 3187 repugnantes.
1295 3106 1424 3168 Sed
1481 3106 1625 3185 hoc,
1690 3115 2005 3190 quantum
2062 3108 2159 3170 illi
2219 3107 2400 3171 abest
2459 3108 2540 3171 ab
2598 3108 2951 3174 instituto?

749 3213 1064 3290 quantum
1099 3207 1178 3271 ab
1211 3209 1576 3273 adoratione
1595 3212 1629 3273 ,7

812 3342 1053 3392 Ruffinus.
1077 3380 1089 3392 .
1114 3380 1127 3392 .
1151 3380 1162 3392 .
1190 3344 1276 3393 lib.
1302 3343 1355 3394 ii.
1380 3381 1392 3393 .
1418 3382 1429 3394 .
1456 3382 1468 3395 .
1493 3361 1534 3395 e.
1560 3348 1640 3396 33.
1664 3383 1676 3394 .
1702 3383 1714 3395 .
1741 3383 1753 3395 .
1780 3353 1792 3375 ‘
1809 3348 1946 3396 Ante
1986 3347 2268 3410 Martyrum
2300 3352 2352 3398 et
2387 3349 2744 3412 Apostolorum
2785 3349 2956 3399 thecas

868 3423 1069 3487 jaeebat
1094 3424 1438 3489 (Theodosius)
1480 3427 1648 3477 cilicio
1687 3432 1964 3491 prostratus
1980 3430 2098 3479 ³.'·—
2115 3429 2260 3494 [Bell.
2291 3431 2437 3494 Apol.
2463 3446 2554 3494 pro
2589 3430 2760 3495 Resp]
2798 3446 2848 3495 p.
2875 3435 2951 3481 16.

879 3504 994 3569 [Op.
1019 3509 1141 3556 tom.
1166 3505 1252 3556 vii.
1287 3506 1378 3556 eol.
1403 3507 1514 3559 714.
1539 3505 1625 3572 A.]

811 3648 837 3671 ¹¹
870 3641 1159 3704 Apoexix.
1186 3644 1276 3698 1ος
1314 3642 1438 3692 xxii.
1466 3646 1511 3692 9.

1900 3645 2037 3694 visus
2069 3649 2146 3694 est
2169 3644 2413 3704 Chris-tua,
2458 3645 2544 3694 sed
2580 3660 2736 3695 unus:
2793 3661 2956 3709 neque

814 3715 836 3739 0
860 3705 910 3770 [⁸⁶
931 3706 978 3754 N
984 3721 1049 3755 on
1067 3707 1334 3757 mediocris
1354 3708 1511 3770 igitur
1522 3709 1749 3770 quaestio,
1760 3713 1813 3757 et

1899 3724 2014 3759 cum
2058 3710 2295 3759 adoratur
2340 3716 2579 3774 tanquam
2626 3711 2721 3760 Dei
2778 3711 2956 3773 Filius,

747 3770 861 3820 ideo
876 3770 1177 3834 diligentius
1194 3773 1577 3832 consideremus,
1600 3774 1721 3835 quid
1745 3776 1813 3823 sit

747 3836 1036 3885 scabellum.
1098 3837 1338 3901 Legimus
1361 3840 1498 3888 enim
1520 3838 1674 3888 alibi:
1712 3838 1811 3888 Oae-

748 3900 855 3950 Iam
875 3901 1006 3950 mihi
1023 3901 1247 3962 thronus,
1271 3909 1411 3953 terra
1440 3909 1610 3952 autem
1629 3904 1808 3954 scabel-

746 3965 856 4015 lum
893 3966 1089 4029 pedum
1132 3983 1377 4025 meorum,
1417 3968 1547 4032 (Esa.
1584 3969 1705 4017 lxvi.
1740 3971 1804 4033 1.)

748 4030 846 4080 Sed
871 4046 962 4080 nec
985 4036 1120 4082 terra
1147 4033 1401 4083 adoranda
1421 4038 1497 4083 est
1518 4035 1666 4084 nobis
1688 4037 1808 4097 quia

746 4101 973 4146 creatura
1005 4102 1082 4146 est
1116 4097 1228 4148 Dei.
1265 4099 1346 4160 (ἐ.)
1385 4099 1461 4150 79.
1531 4099 1807 4149 Videamus

746 4167 917 4210 tamen
952 4177 1015 4211 ne
1045 4166 1232 4212 terram
1268 4165 1412 4213 illam
1434 4164 1571 4213 dieat
1603 4165 1805 4215 adoran-

746 4226 865 4274 dam
902 4226 1166 4290 Propheta,
1201 4243 1351 4290 quam
1387 4228 1634 4278 Dominus
1661 4229 1807 4280 Jesus

747 4290 803 4337 in
821 4293 984 4341 carnis
997 4292 1351 4356 adsumptione
1365 4295 1594 4356 suscepit.
1633 4293 1651 4340 1
1661 4298 1806 4357 taque

746 4368 837 4417 per
876 4357 1151 4406 scabellum
1187 4363 1321 4407 terra
1352 4358 1684 4420 intelligitur;
1719 4373 1809 4421 per

746 4425 933 4469 terram
964 4426 1134 4471 autem
1170 4437 1282 4472 earo
1307 4423 1512 4480 Christi,
1541 4437 1690 4485 quam
1723 4423 1804 4472 ho-

747 4483 927 4546 dieque
950 4486 1004 4534 in
1019 4487 1274 4548 mysteriis
1290 4488 1566 4544 adoramus,
1590 4492 1642 4535 et
1656 4503 1805 4550 quam

747 4548 980 4609 Apostoli
1018 4551 1074 4598 in
1115 4550 1335 4599 Domino
1377 4551 1512 4608 Jesu,
1563 4558 1618 4599 ut
1659 4568 1809 4616 supra

746 4610 987 4673 diximus,
1025 4612 1329 4676 adorarunt3
1363 4629 1524 4676 neque
1559 4617 1696 4665 enim
1738 4619 1810 4666 di-

1898 3781 2049 3824 natus
2071 3790 2133 3824 ex
2153 3775 2365 3836 Virgine
2383 3775 2660 3837 denegatur
2673 3814 2684 3825 .
2704 3812 2715 3825 .
2731 3814 2743 3825 .
2767 3779 2849 3839 (ς.)
2877 3782 2954 3827 80.

1898 3840 1974 3888 Ae
2015 3854 2078 3889 ne
2118 3841 2229 3902 quis
2269 3841 2362 3888 hoc
2400 3841 2596 3890 derivat
2632 3841 2696 3891 ad
2739 3841 2955 3893 Mariam

1896 3904 2192 3967 Virginem:
2229 3905 2391 3954 Maria
2419 3913 2527 3954 erat
2563 3906 2808 3968 templum
2842 3907 2954 3969 Dei,

1893 3984 1996 4018 non
2021 3968 2155 4019 Deus
2188 3970 2383 4033 templi.
2451 3969 2518 4018 Et
2553 3971 2665 4020 ideo
2698 3971 2787 4019 ille
2820 3973 2955 4021 solus

1891 4034 2175 4084 adorandus
2198 4035 2282 4098 qui
2308 4035 2606 4097 operabatur
2632 4037 2687 4084 in
2719 4037 2955 4100 temp10.''

1891 4099 2007 4149 —S.
2032 4100 2209 4149 Ambr.
2249 4099 2310 4148 de
2350 4100 2483 4163 Spir.
2517 4101 2715 4158 Sancto,
2755 4101 2841 4150 lib.
2879 4103 2956 4153 iii.

1892 4179 1998 4227 cap.
2014 4168 2088 4214 11.
2109 4164 2293 4243 Bened.
2314 4166 2398 4227 (al.
2417 4167 2514 4228 12.)
2530 4170 2670 4215 sectt.
2691 4168 2767 4223 78,
2782 4166 2858 4220 79,
2875 4170 2952 4216 80.

1895 4230 2482 4360 Οῗ’[ἔῗ’ῐὲἱιέ’ἕιῗξτῗ.8ῑ(ι)ἰ
2499 4230 2574 4344 ξιξ.
2588 4231 2952 4348 3515&AE

1895 4360 2004 4423 Op„
2030 4365 2151 4409 tom.
2177 4362 2242 4408 iv.
2268 4361 2360 4409 col.
2386 4362 2527 4410 1520.
2556 4360 2610 4409 B.
2635 4359 2758 4423 seq.]

1961 4434 1984 4464 ‘¹
2022 4425 2231 4489 [Ruffin.
2259 4425 2394 4475 Hist.
2422 4426 2551 4475 Eecl.
2574 4426 2663 4474 lib.
2690 4426 2739 4475 ii.
2775 4426 2856 4486 (al.
2883 4427 2950 4476 xi.

1894 4489 1957 4538 ad
1991 4491 2109 4618 calci
2148 4491 2325 4542 Euseb.
2367 4490 2501 4541 Hist.
2539 4490 2692 4554 Ecel.)
2728 4505 2832 4555 cap.
2875 4494 2951 4541 33.
