3165 4959
942 337 1308 385 APoLofflAM
1353 338 1718 386 nxsroxsm.
2308 329 2434 390 417¹

229 514 440 557 corum
470 493 714 557 seditio.
810 493 937 557 Sed
976 499 1043 557 et
1075 494 1377 572 Helvetii,
1412 501 1637 558 eontra
1672 493 1984 557 Dominos
2014 494 2433 577 insurgentes,

228 598 484 680 penitus
531 619 637 661 eos
687 597 1105 674 sustulerunt,
1147 598 1219 660 in
1271 617 1557 680 eamque,
1597 617 1739 679 quae
1784 618 1959 660 nunc
1999 603 2115 675 est,
2161 597 2435 661 formam

227 708 565 764 mutarunt
614 699 1122 783 Rempublicam.
1214 701 1492 763 Factum‘
1538 699 1723 762 annis
1773 700 1918 781 plus
1969 705 2231 763 centum
2284 710 2435 763 ante

227 803 589 866 Lutherum
620 809 868 866 natum.
964 803 1313 866 Catholicae
1343 824 1494 886 ergo
1528 802 1862 885 utriusque
1902 802 2230 867 seditionis
2264 803 2435 865 illius

224 914 518 971 auctores
574 905 787 986 fuisse,
842 905 1038 969 etiam
1096 906 1470 969 Adversarii
1529 906 1746 969 dicant
1804 927 2059 970 neeesse
2117 913 2232 986 est,
2287 927 2432 970 cum

223 1010 478 1073 nullum
507 1030 622 1092 per
649 1008 717 1071 id
744 1015 999 1092 tempus
1029 1008 1331 1087 habeant,
1365 1030 1554 1091 quem
1587 1008 1822 1087 dicant,
1853 1009 2299 1073 Datheranum.

290 1146 391 1204 Qui
414 1183 425 1195 .
449 1182 462 1197 .
489 1146 811 1198 Franciscum
833 1183 846 1195 .
873 1183 885 1196 .
910 1181 923 1196 .
948 1147 1223 1197 secundum
1248 1184 1260 1195 .
1284 1183 1297 1196 .
1324 1184 1335 1196 .
1361 1147 1644 1197 interficere
1666 1147 1834 1197 moliti
1857 1150 2008 1198 sunt?
2056 1147 2242 1198 Nonne
2257 1148 2434 1197 fratres

357 1228 895 1294 Evangelicii—[Bell.
922 1228 1072 1293 Apol.
1106 1243 1197 1293 pro
1225 1227 1397 1292 Resp.]
1426 1242 1475 1293 p.
1501 1230 1609 1280 167.
1639 1229 1778 1293 [Op.‚
1799 1233 1921 1279 tom.
1943 1229 2030 1278 vii.
2054 1229 2147 1278 col.
2164 1229 2278 1280 798.
2302 1228 2384 1292 0.]

311 1329 399 1392 In
456 1328 779 1392 Francisci
839 1327 1034 1412 Regis
1085 1328 1284 1391 vitam
1354 1328 1518 1391 nihil
1580 1331 1780 1392 moliti
1836 1334 1981 1392 sunt
2039 1329 2428 1410 Evanqelici.
2459 1337 2646 1402 [neque

222 1433 478 1496 Notum
518 1439 755 1511 autem,
801 1453 878 1495 ex
927 1453 1053 1513 qua
1103 1430 1356 1495 officina
1398 1431 1636 1514 prodiit
1689 1433 2073 1515 figmentum
2113 1431 2292 1509 illud,
2334 1439 2428 1510 ut,
2454 1402 2721 1527 erhnnfffliiz

221 1557 375 1599 cum
403 1536 567 1598 nihil
596 1536 728 1600 veri
768 1542 951 1616 esset,
984 1535 1209 1598 saltem
1250 1556 1326 1599 ex
1357 1535 1649 1599 mendaci
1690 1536 2027 1614 calumnia,
2060 1536 2322 1599 conflari
2350 1537 2431 1599 iis
2454 1531 2656 1597 Gallim]

220 1640 444 1704 odium
477 1648 707 1723 posset.
758 1641 885 1704 Par
913 1640 1176 1718 factum,
1208 1639 1280 1702 in
1311 1641 1560 1702 laniena
1592 1639 1708 1703 sub
1729 1641 1957 1704 Carolo
1977 1641 2211 1718 Nono;
2258 1661 2429 1704 eom-

220 1744 474 1807 minisci
520 1742 759 1826 aliquid
803 1744 1105 1827 oportuit,
1150 1765 1276 1825 quo
1321 1750 1600 1825 stragem
1648 1750 1782 1806 tam
1823 1742 2166 1806 nefandam
2207 1743 2429 1826 pallia·

220 1854 390 1911 rent.
481 1847 590 1911 Illi
619 1868 767 1912 vero
806 1869 1140 1931 nunquam
1173 1869 1350 1911 arma
1387 1846 1759 1925 induerunt,
1791 1856 1866 1910 ut
1894 1847 2041 1910 vitae
2085 1847 2323 1930 Regiae,
2354 1854 2429 1908 ut

217 1953 601 2035 cujusquam
630 1951 777 2014 vitae
806 1951 935 2014 vim
973 1951 1325 2026 inferrent3
1373 1957 1630 2013 tantum
1674 1958 1749 2014 ut
1790 1973 1829 2013 a
1858 1973 1973 2013 sua
2003 1950 2132 2014 vim
2170 1950 2428 2032 propul-

218 2061 478 2134 sarent,
539 2075 764 2117 necem
816 2054 982 2136 regis
1029 2076 1163 2118 non
1213 2054 1442 2133 moliti,
1492 2054 1737 2118 amoliti
1787 2076 1989 2117 suam.
2084 2054 2429 2115 Calumniis

226 2161 327 2240 (ut
374 2159 470 2239 fit)
521 2157 603 2221 ad
649 2165 903 2241 tempus
950 2158 1249 2241 oppressi,
1281 2166 1347 2222 at
1392 2158 1623 2222 Filiam
1671 2180 1851 2222 suam
1891 2159 2029 2242 jam
2068 2164 2321 2239 tempus
2357 2158 2427 2219 in

217 2261 431 2324 lucem
480 2259 715 2324 eduxit.
807 2261 895 2323 Et
942 2281 1069 2344 qua
1110 2267 1291 2343 parte
1337 2268 1672 2344 peccatum
1718 2261 1930 2338 fuerit,
1976 2261 2045 2322 in
2091 2259 2427 2323 turbarum
2458 2316 2479 2337 ,

218 2365 464 2446 ονὶρὶηε
508 2363 626 2427 sub
662 2363 1019 2442 Francisco,
1050 2365 1122 2427 in
1161 2364 1408 2427 laniena
1453 2364 1565 2426 ina
1611 2363 1728 2427 sub
1768 2363 2017 2440 Carolo,
2047 2362 2251 2426 libera
2288 2363 2425 2446 jam

219 2489 377 2532 voce
415 2468 771 2551 loquuntur
820 2468 1141 2534 Historiae.
1237 2469 1623 2552 Quanquam
1665 2488 1748 2529 ne
1794 2473 1937 2529 tum
1986 2466 2241 2548 quidem
2289 2487 2425 2529 eor-

221 2572 392 2636 datis
420 2571 571 2635 viris
615 2572 841 2659 ignota
878 2594 977 2636 res
1013 2572 1250 2656 (videas
1281 2592 1358 2634 ex
1389 2571 1592 2633 literis
1623 2569 1699 2636 ad
1733 2568 2186 2633 Schwendium
2218 2569 2427 2631 Maxi-

222 2675 473 2739 miliani
504 2675 771 2740 Caesaris
788 2675 859 2757 ⁰),
901 2681 976 2738 ut
1020 2661 1377 2739 Cardinalis
1415 2674 1606 2758 plane
1647 2694 1865 2737 excors
1910 2672 2011 2751 sit,
2046 2672 2155 2754 qui
2197 2671 2426 2734 vulnus

221 2781 351 2846 hoc
379 2780 652 2844 refricet.

289 2917 391 2974 Qui
416 2916 633 2979 denique
662 2918 796 2975 sunt,
820 2914 906 2977 qui
927 2914 1166 2965 adversus
1187 2915 1322 2963 hunc
1338 2915 1504 2977 ipsum
1527 2912 1717 2975 Regem
1742 2916 1818 2963 tot
1840 2912 2010 2963 turbas
2032 2913 2088 2960 in
2110 2909 2280 2962 Scotia
2299 2911 2427 2961 exci-

358 2999 563 3045 tarunt'l
597 3032 608 3044 .
644 3032 657 3045 .
693 3034 706 3046 .
742 3031 755 3043 .
780 2995 965 3044 Nonne
988 3031 1001 3044 .
1039 3031 1052 3043 .
1087 3033 1098 3044 .
1122 2995 1210 3058 qui
1235 2995 1554 3045 reformatam
1577 2994 1778 3044 Calvini
1801 2994 2098 3056 religionem
2124 3030 2136 3042 .
2163 3030 2174 3042 .
2199 3031 2209 3042 .
2237 3031 2247 3042 .
2274 2993 2428 3042 intro-

357 3077 857 3142 duxerunt‘l—[Bell.
883 3076 1034 3141 Apol.
1058 3092 1150 3141 pro
1173 3076 1343 3141 Resp]
1365 3092 1412 3140 p.
1441 3078 1549 3128 167.
1585 3076 1719 3141 [Op.‚
1743 3080 1867 3126 tom.
1889 3076 1976 3125 vii.
2013 3077 2105 3126 col.
2130 3076 2240 3127 798.
2259 3075 2312 3125 O.
2330 3074 2422 3138 D]

312 3177 407 3239 At
450 3175 645 3258 Regis
688 3176 756 3238 in
814 3176 1031 3240 Scotia
1076 3197 1268 3240 nemo
1307 3177 1505 3239 vitam
1551 3177 1861 3259 quaesivit,
1904 3198 2097 3240 nemo
2144 3175 2427 3239 dominio
2452 3181 2645 3257 [neque

222 3281 412 3344 illum
464 3280 710 3363 privare
762 3302 1094 3363 aggressus
1145 3287 1262 3343 est.
1360 3281 1600 3343 Turbas
1658 3281 1893 3345 alicubi
1939 3281 2119 3349 datas
2165 3281 2245 3344 de
2304 3282 2425 3343 Ee·
2454 3247 2575 3360 ,9ζὲ
2578 3250 2743 3357 ¹¹5¹1¹1⁸¹³'

224 3383 436 3448 clesiae
483 3382 691 3447 forma
732 3382 1048 3461 exteriori,
1100 3382 1415 3446 exstitisse
1461 3385 1742 3466 partium
1791 3385 2019 3463 studia,
2069 3383 2425 3447 simultates
2452 3374 2655 3437 Scotia]

224 3487 351 3571 ipsi
379 3488 552 3552 inter
592 3508 659 3550 se
696 3487 1004 3569 quasdam
1045 3507 1192 3549 cum
1233 3485 1564 3564 haberent,
1600 3487 1881 3570 quisque·
1909 3488 2004 3569 (ut
2045 3487 2142 3569 fit)
2181 3488 2424 3569 Regem
2539 3483 2662 3545 301

227 3590 311 3653 ad
374 3613 443 3653 se
501 3591 779 3668 trahere,
841 3590 979 3673 ejus
1044 3588 1222 3670 (dum
1294 3589 1644 3652 immatura
1703 3589 1911 3652 adhue
1969 3595 2159 3651 aetate
2232 3591 2421 3671 esset)

225 3694 615 3758 auctoritate
646 3693 726 3755 ad
757 3714 904 3755 suas
926 3700 1141 3774 partes
1173 3691 1355 3755 abuti
1384 3692 1739 3775 satagebat.
1816 3692 1988 3755 Vitae
2018 3713 2168 3770 suae,
2203 3693 2430 3774 Regno

226 3820 364 3877 su0,
398 3797 526 3860 vim
556 3797 793 3861 factam
824 3818 1143 3880 nusquam
1171 3801 1468 3860 testatur.
1564 3796 1670 3859 Sic
1701 3796 1889 3859 diluit
1918 3816 2099 3859 veras
2127 3796 2430 3859 Ecclesiae

225 3924 361 3965 suae
393 3902 677 3965 maculas
708 3900 1087 3977 cardinalis,
1120 3900 1276 3964 dum
1308 3900 1465 3964 alias
1495 3900 1672 3964 falsis
1702 3899 1999 3984 aspergit.

295 4037 516 4086 Miratus
532 4072 545 4087 .
569 4073 581 4085 .
606 4035 752 4087 valde
780 4052 909 4096 sum,
946 4051 1186 4099 quorsum
1217 4037 1410 4100 templa
1448 4037 1559 4102 [leq.
1591 4035 1846 4100 exempla]
1884 4035 2182 4098 Martyrum,
2214 4038 2267 4084 et
2297 4033 2432 4082 testi·

361 4121 537 4169 monia
557 4118 644 4168 SS.
662 4119 800 4168 Petri
823 4124 877 4168 et
895 4118 1040 4169 Pauli
1061 4119 1215 4169 allata
1238 4120 1539 4183 pertineant.
1609 4119 1761 4178 Quasi
1785 4132 1888 4168 non
1914 4119 2074 4183 possit
2095 4116 2360 4165 humilitas
2382 4119 2434 4164 et

361 4202 610 4266 patientia
630 4203 830 4259 servari,
844 4206 897 4251 et
917 4202 1071 4251 simul
1091 4202 1348 4262 violentia,
1365 4207 1417 4251 et
1439 4202 1710 4252 crudelitas
1732 4205 2102 4265 persecutorum
2119 4197 2434 4262 reprehendi,

366 4286 460 4348 (ut)
492 4284 549 4353 in
583 4284 692 4348 [lib.
716 4282 794 4346 ii.]
831 4283 1061 4334 Machab.
1090 4298 1130 4333 c.
1156 4284 1202 4336 7.
1226 4320 1240 4334 .
1264 4321 1276 4333 .
1302 4319 1314 4331 .
1339 4282 1557 4344 Christo,
1577 4283 1723 4333 Joan.
1749 4283 1893 4332 xviii.
1918 4318 1930 4330 .
1953 4319 1963 4330 .
1990 4318 2001 4330 .
2027 4280 2299 4344 Stephano,
2318 4277 2429 4327 Act.

363 4367 450 4415 vii.
476 4403 487 4414 .
515 4402 526 4413 .
551 4401 566 4414 .
593 4365 763 4424 Paulo,
789 4368 901 4414 Aet.
925 4366 1072 4415 xxiii.
1111 4403 1121 4414 .
1161 4403 1171 4414 .
1206 4404 1217 4416 .
1255 4365 1420 4424 Petro,
1443 4365 1476 4413 J
1480 4380 1590 4415 oan.
1617 4367 1721 4414 xxi.
1749 4402 1760 4414 .
1797 4402 1808 4414 .
1844 4400 1856 4413 .
1884 4363 2188 4426 Augustino,
2214 4361 2431 4411 Confusa.

560 4552 576 4574 ⁶
613 4543 788 4609 [Apud
811 4544 1033 4595 Goldast.
1059 4545 1270 4596 Constit.
1297 4547 1480 4613 Imper.
1507 4551 1627 4596 tom.
1654 4546 1705 4596 ii.
1731 4559 1812 4609 pp.
1836 4547 1949 4605 383,
1973 4542 2103 4608 384.]

321 4641 789 4678 Arnuwss—nesr.
1802 4643 1840 4689 1⁴3
1886 4643 1924 4691 Ε
