3165 4959
420 1155 537 1215 193

326 1513 437 1575 [uec
454 1527 518 1569 re,
535 1526 625 1560 nec

324 1578 541 1635 nomine,

329 1639 561 1689 Patribus

328 1703 544 1767 notum]

334 3124 436 3187 [De
460 3124 551 3172 hac
575 3138 626 3171 rc

329 3189 613 3237 examinan-

329 3257 412 3300 tur
434 3253 568 3301 testi·

330 3318 500 3366 monia

330 3382 376 3429 S.
406 3381 579 3443 Cyrill.

330 3446 377 3496 11
385 3444 564 3510 ieros.,]

641 344 769 403 262
1269 361 1353 406 An
1399 360 1786 407 emmaus
1823 359 2222 407 Bfflfflmm

645 514 941 575 novitium
988 520 1047 576 et
1088 535 1387 595 nuperum
1432 516 1795 596 appelletur.
1886 514 2103 597 Triplo
2147 514 2293 597 plus
2340 513 2482 590 erit,
2512 511 2584 574 in
2627 511 2852 595 primis

646 615 771 677 illis
830 615 1037 678 tribus
1097 617 1689 699 quadringentorum
1755 637 2057 678 annorum
2117 615 2387 693 circulis,
2449 623 2526 679 ut
2583 635 2801 676 novum
2829 641 2848 674 .-

649 739 860 799 quam,
891 719 1072 781 unico
1117 718 1240 782 hoc
1279 725 1617 800 postremo,
1663 726 1738 783 ut
1772 726 1947 782 vetus
1977 719 2351 802 appelletur.
2442 719 2655 795 Certe,
2683 716 2849 779 illud

647 820 890 902 liquido
952 821 1143 883 nimis
1210 822 1528 885 constabit
1550 849 1569 901 3
1653 823 2420 898 Transubstantiationem,
2476 841 2619 903 quae
2676 820 2854 882 hisce

649 922 893 985 ultimis
924 923 1408 1006 quadringentis
1458 932 1617 988 nata
1666 925 1925 988 demum
1969 932 2088 1004 est,
2121 924 2346 1008 primis
2385 923 2513 986 inis
2551 921 2851 1005 quadrin-

652 1027 864 1108 gentis
895 1048 1210 1109 nusquam
1240 1027 1580 1091 exstitisse.

718 1159 816 1209 Scd
850 1160 893 1209 si
914 1158 978 1208 de
1001 1175 1054 1210 re
1087 1161 1196 1223 ipsa
1227 1165 1421 1222 agatur,
1445 1166 1578 1210 certe
1609 1160 2117 1221 Transubstantiati0,
2141 1160 2197 1210 id
2224 1164 2301 1210 est
2331 1159 2678 1210 substantialis
2700 1163 2854 1209 nans-

781 1241 1014 1301 mutatio‚
1038 1255 1140 1290 non
1169 1241 1331 1290 solum
1353 1246 1471 1291 ante
1493 1256 1652 1291 annos
1677 1241 2089 1304 quadringentos,
2111 1241 2199 1291 scd
2221 1247 2338 1291 ante
2360 1241 2503 1291 mille
2524 1245 2577 1290 et
2598 1240 2855 1300 ducentos,

780 1337 811 1371 a
834 1321 1068 1371 Patribus
1096 1322 1326 1385 usurpari
1348 1321 1738 1387 coepit—[Bell.
1764 1323 1912 1386 Apol.
1938 1338 2030 1386 pro
2051 1323 2224 1388 Resp.]
2248 1325 2428 1386 p.105.
2453 1323 2596 1386 [Op.,
2620 1328 2742 1372 tom.
2766 1323 2853 1371 vii.

781 1403 873 1452 col.
898 1402 1009 1455 763.
1035 1403 1128 1466 D.]

741 1501 888 1580 Sed,
912 1523 1041 1564 rem
1070 1509 1290 1565 tamen
1310 1503 1536 1585 ipsam,
1562 1504 1683 1567 etsi
1712 1500 2058 1584 ἀνώνυμον,
2078 1525 2116 1566 a
2138 1504 2436 1568 Patribus
2457 1511 2851 1586 usurpatam,

658 1605 816 1686 (ait,)
852 1613 1078 1669 contra
1121 1628 1314 1688 quam
1344 1608 1387 1669 J
1392 1608 1612 1670 esuitae
1654 1607 1762 1670 hic
1798 1607 2023 1684 nostri,
2069 1608 2178 1689 qui
2222 1628 2353 1669 rem
2399 1607 2855 1669 framuh-stan-

652 1710 935 1772 tiationis
965 1710 1195 1771 Patres
1237 1731 1506 1792 unquam
1547 1718 1790 1793 negant
1817 1711 1918 1774 vel
1949 1712 2290 1793 attiyisseq.
2383 1710 2856 1774 Transubstan·

650 1813 936 1875 tiationis
976 1834 1077 1875 res
1120 1821 1220 1876 est
1263 1814 1356 1876 illi
1393 1814 1825 1877 substantialis
1864 1816 2324 1876 transmutatio.
2415 1815 2503 1876 Et
2542 1821 2743 1876 testes
2773 1813 2857 1875 ad

652 1915 818 1977 hanc
863 1937 998 1979 rem
1047 1916 1292 1999 aliquot
1344 1924 1586 1980 evocat.
1677 1918 1765 1980 Et
1810 1917 1932 1980 hoc
1978 1925 2218 1995 tamen,
2262 1919 2367 1999 (an
2414 1916 2860 1980 substantialis

653 2018 740 2080 ibi
773 2020 1123 2099 conversio)
1160 2041 1295 2082 non
1337 2017 1447 2082 diu
1489 2028 1641 2083 ante
1673 2021 2109 2084 Lateranense
2142 2020 2504 2085 Concilium
2541 2020 2859 2103 Magister

651 2121 787 2202 ipse
821 2123 1300 2185 Sententiarum
1333 2122 1608 2202 definire,
1639 2124 1871 2207 inquit,
1910 2146 2032 2187 non
2059 2126 2296 2209 sufficio
2312 2135 2356 2188 f.
2445 2125 2672 2188 Testes
2704 2145 2856 2188 vero

652 2245 895 2302 omneS,
920 2247 1035 2307 pro
1064 2226 1421 2304 mutatione,
1447 2227 1893 2304 immutatione,
1916 2229 2454 2304 transmutatione,
2479 2227 2854 2309 loquuntur.

654 2327 1100 2391 Substantialis
1145 2335 1360 2391 autem
1396 2328 1505 2406 ibi,
1540 2328 1640 2392 vel
1669 2329 2050 2408 substantioe,
2092 2329 2338 2393 mentio
2379 2328 2576 2392 nulla.
2665 2329 2759 2391 At
2790 2338 2856 2391 et

653 2451 770 2493 nos
815 2429 1328 2514 praepositionem
1373 2430 1465 2496 ibi
1512 2437 1692 2495 trans
1734 2454 1868 2497 non
1916 2453 2264 2517 negamus:
2333 2438 2399 2496 et
2444 2434 2858 2495 transmutari

655 2535 949 2597 elementa
996 2535 1239 2598 damus.
1333 2535 1818 2597 Substantialem
1862 2557 2010 2600 vero
2052 2535 2416 2619 quaerimus,
2454 2557 2575 2599 nec
2618 2537 2856 2620 reperi-

655 2642 805 2702 mus‘
830 2661 1123 2722 usquam.

720 2768 765 2820 S.
806 2769 959 2830 Cyril.
1000 2769 1247 2819 Hierosol.
1290 2768 1399 2819 Cat.
1425 2770 1489 2817 iv.
1529 2768 1682 2831 Myst.
1721 2769 1983 2831 ‘Aquam,'
2020 2769 2207 2834 inquit,
2247 2769 2546 2832 ‘aliquando
2587 2771 2644 2818 in
2677 2770 2857 2819 vinum

783 2852 1136 2907 commutavit;
1167 2855 1218 2899 et
1241 2866 1345 2900 non
1368 2851 1467 2899 erit
1490 2850 1691 2911 dignus,
1714 2852 1796 2899 cui
1819 2851 2094 2910 credamus,
2118 2851 2254 2915 quod
2277 2853 2453 2900 vinum
2477 2852 2533 2901 in
2555 2853 2856 2913 sanguinem

785 2932 1502 2996 transmutaverit-r-[Bell.
1551 2932 1698 2995 Apol.
1732 2947 1824 2996 pro
1847 2932 2019 2996 Resp]
2057 2948 2105 2997 p.
2143 2936 2251 2983 105.
2294 2933 2426 2996 [Op.,
2461 2936 2585 2981 tom.
2629 2932 2715 2981 vii.
2761 2932 2857 2982 col.

784 3012 892 3062 763.
918 3011 1000 3075 1).]

742 3110 1055 3192 Cyrillum
1096 3118 1377 3173 vestrum
1409 3114 1712 3194 Augusta
1740 3118 1971 3189 vestra,
2019 3119 2104 3190 et,
2143 3133 2286 3194 quae
2323 3111 2417 3175 ibi
2460 3120 2577 3188 est,
2613 3111 2856 3174 Biblio-

655 3213 866 3291 theca,
914 3220 999 3289 et,
1048 3214 1219 3294 quod
1275 3214 1437 3277 inibi
1498 3223 1617 3293 est,
1666 3217 1984 3297 exemplar
2027 3216 2125 3279 M.
2171 3217 2240 3279 S.
2286 3222 2658 3299 suspectum
2709 3215 2856 3278 red-

655 3314 889 3378 didit‘:
940 3323 1006 3378 et
1036 3315 1135 3377 vel
1179 3315 1509 3379 character
1542 3318 1684 3399 ejus
1731 3318 2049 3400 posterius
2085 3320 2388 3382 saeculum
2434 3319 2620 3401 sapit.
2711 3318 2858 3381 Nec

654 3420 763 3483 ille
822 3429 1063 3496 tamen,
1124 3418 1405 3498 similem,
1468 3421 1648 3500 dixit,
1704 3424 2102 3485 mutationem
2161 3425 2291 3485 vini
2347 3425 2414 3485 in
2469 3423 2853 3503 sanquinem,

653 3525 982 3586 mutationi
1017 3544 1190 3606 aquoe
1231 3525 1296 3585 in
1330 3525 1539 3586 vinum
1585 3525 1837 3607 (melius
1866 3524 2039 3588 enim
2077 3526 2378 3608 procedet
2423 3525 2482 3589 ei
2514 3546 2856 3608 argumen-

653 3636 816 3706 tum,
851 3650 888 3690 a
918 3627 1164 3711 majori,
1200 3649 1390 3709 quam
1423 3650 1460 3690 a
1491 3627 1682 3690 simili
1706 3630 1745 3709 ε)
1797 3634 1881 3706 et,
1916 3628 1969 3691 si
2013 3630 2278 3691 similem
2318 3628 2599 3705 dixisset,
2633 3628 2859 3691 simili-

653 3733 812 3795 tudo
843 3732 1169 3814 qualitatis
1199 3737 1318 3808 est,
1350 3752 1481 3793 non
1511 3732 1892 3795 substantioe.
1984 3732 2207 3795 Verba
2238 3731 2564 3813 quideme
2530 3733 2688 3815 e,jus
2717 3752 2860 3813 quae

720 3911 741 3940 ‘³
803 3900 932 3951 Vide
954 3917 1119 3964 supra,
1149 3915 1195 3964 p.
1224 3904 1267 3951 8.
1304 3906 1407 3950 not.
1432 3900 1492 3965 ¹¹.]

724 3976 741 3999 ¹
799 3972 826 3991 ‘⁸
844 3966 896 4015 Si
933 3972 1103 4015 autem
1133 3966 1405 4027 quaeriturz
1445 3967 1607 4028 qualis
1643 3967 1711 4014 sit

658 4031 746 4079 illa
785 4031 1066 4090 conversim
1122 4045 1186 4079 an
1227 4031 1461 4085 formalia.
1500 4046 1565 4080 an
1602 4031 1711 4079 sub-

659 4096 925 4156 stantialis,
962 4096 1038 4144 vel
1079 4095 1285 4144 alterius
1323 4096 1550 4156 gcncris'ss
1585 4094 1711 4143 Defi-

658 4160 766 4208 nirc
803 4175 904 4208 non
949 4159 1152 4208 sufficio.
1225 4159 1507 4209 Formalem
1543 4165 1712 4208 tamen

657 4238 757 4271 non
772 4240 876 4272 esse
894 4239 1155 4286 cognosco:
1188 4226 1307 4287 quia
1323 4225 1510 4286 species
1528 4240 1711 4284 rerum,

657 4304 768 4349 quae
800 4296 917 4338 ante
945 4290 1156 4347 fuerant,
1181 4294 1458 4349 remanent,
1482 4293 1533 4338 et
1567 4304 1714 4352 sapor

655 4357 705 4400 et
742 4353 949 4413 pondus.
1018 4353 1328 4410 Quibusdam
1364 4367 1469 4402 esse
1512 4355 1714 4402 videtur

655 4417 772 4463 subs
773 4418 1016 4473 tantialis,
1045 4418 1331 4466 dicentibus
1369 4422 1441 4467 sic
1479 4420 1551 4467 sul
1560 4426 1710 4467 stan

658 4480 779 4526 tiam
804 4482 1026 4529 converti
1062 4482 1116 4528 in
1140 4483 1491 4539 substantiam,
1516 4492 1571 4530 ut-
1606 4484 1711 4531 haec

654 4544 985 4591 mentialitcr
1042 4546 1129 4592 fiat
1186 4545 1287 4594 illa.
1392 4546 1484 4594 Cui
1543 4548 1709 4595 sensui

1797 3902 2070 3964 praemissae
2111 3901 2434 3950 auctoritates
2471 3900 2753 3949 consentire
2788 3901 2858 3947 vi·

1798 3966 2010 4015 dentur.⁹
2017 3966 2226 4014 '.-Petr
2267 3964 2533 4014 Lombard
2575 3965 2708 4013 Sent
2746 3963 2858 4025 lib.]

1798 4031 2093 4190 {zyras
2121 4030 2710 4180 i¹gssgf‘1},⁵3{··]⁰⁰¹
2638 4032 2710 4089 2

1863 4160 1998 4224 ’[Τὸ
2023 4162 2139 4220 ὕδωρ
2172 4160 2288 4209 ποτὲ
2315 4160 2381 4209 εἷς
2404 4160 2530 4208 οἶνον
2551 4158 2857 4218 μεταβέβλη-

1799 4244 1882 4273 κεν
1917 4225 2091 4273 οἰκεῖον
2126 4225 2205 4280 αἵμ
2192 4244 2301 4281 em
2336 4226 2387 4272 ἐν
2425 4224 2560 4288 κοινᾷ
2601 4226 2688 4281 τῆς
2725 4231 2859 4272 Γαλι-

1799 4290 1953 4338 λαίας·
1988 4290 2067 4338 καὶ
2105 4308 2191 4338 ουκ
2294 4287 2508 4338 cadram-65
2552 4292 2699 4346 ἐστιν,
2734 4287 2861 4336 οἶνον

1798 4357 2085 4413 μεταβαλὼν
2130 4353 2197 4403 εἷς
2243 4374 2355 4411 αμα
2379 4353 2509 4411 ;—-S.
2552 4353 2662 4414 er.
2715 4353 2856 4401 Hier.

1801 4418 1999 4467 Catech.
2047 4419 2172 4467 xxii.
2220 4418 2388 4479 (Myst.
2436 4418 2524 4477 iv.)
2584 4423 2607 4479 ς
2645 4420 2688 4466 2.
2744 4417 2857 4479 Op„

1799 4499 1846 4546 p.
1873 4487 1979 4531 320.
2012 4482 2088 4545 B.]

1865 4552 1877 4579 ⁸
1917 4547 1990 4609 [V
1995 4547 2076 4595 ide
2098 4563 2260 4611 supra,
2284 4562 2332 4610 p.
2360 4550 2436 4597 55.
2465 4557 2569 4597 not.
2588 4548 2652 4608 ·.]
