3165 4959
658 322 787 383 260
1285 336 1370 382 ΑΒ
1414 333 1794 381 mumulus
1837 332 2232 380 Bnmnmm1

366 502 611 564 Reliquiae
747 490 890 552 Nec
935 488 1148 553 abnuo
1196 488 1409 565 fuisse,
1456 488 1678 572 primis
1716 489 1845 551 illis
1885 487 2304 572 temporibus,
2339 486 2449 569 qui
2492 487 2735 549 domum
2766 505 2868 548 se·

334 567 523 680 ,ῑξζιξ
660 613 829 671 011111,
860 593 1135 675 peractis
1173 593 1385 670 sacris,
1419 593 1601 675 panis
1633 593 1985 656 consecrati
2019 592 2407 672 particulam
2445 590 2864 671 deportarent,

333 710 477 809 ἔθει
490 695 571 744 ‘¹0-
661 696 775 759 sed
805 697 943 780 ejus
972 695 1194 778 ipsius,
1228 716 1355 777 quo
1396 694 1573 776 prius
1604 696 1672 757 in
1703 694 2007 771 Ecclesia,
2040 693 2621 757 communicassent
2644 716 2662 766 ;
2716 711 2868 754 cum

337 822 556 887 delatae]
662 806 729 862 et
768 798 861 861 ibi
894 798 1163 861 alteram
1196 819 1448 880 quoque
1480 798 1757 880 speciem
1787 819 1921 861 non
1950 797 2167 859 minus
2198 796 2641 878 sumpsissent.
2731 792 2870 856 Ubi
2977 853 2988 862 ,

664 903 860 978 enim,
903 901 1210 964 mandato
1242 901 1486 964 Christi
1528 900 1951 977 satisfactum,
1984 899 2267 962 edissent
2315 898 2394 961 de
2440 919 2624 981 pane,
2667 895 2869 959 bibis-

664 1013 809 1068 sent
841 1004 920 1066 de
951 1003 1146 1067 calice
1168 1029 1187 1080 3
1242 1024 1324 1065 ne
1365 1009 1571 1066 totam
1603 1002 1784 1085 panis
1814 1002 2174 1084 portionem
2205 1022 2582 1064 consumere
2610 1019 2867 1062 necesse

666 1111 855 1184 esset,
904 1105 1307 1188 permissum,
1346 1112 1421 1168 ut
1469 1105 1834 1188 decerptam
1884 1103 1964 1166 de
2015 1125 2180 1186 pane
2226 1101 2608 1186 particulam
2662 1100 2867 1163 defer-

668 1213 816 1271 rent
848 1227 1084 1284 secum,
1118 1213 1532 1284 asservarent,
1566 1228 1760 1289 quam
1791 1212 1941 1269 ante
1975 1226 2233 1269 omnem
2267 1204 2482 1269 cibum
2515 1210 2864 1279 sumerent,

670 1332 797 1394 qua
851 1331 937 1388 se,
989 1311 1041 1374 si
1088 1311 1448 1394 persecutio
1500 1310 1847 1392 ingrueret,
1897 1309 2277 1386 solarentur,
2331 1329 2465 1371 non
2525 1314 2599 1371 ut
2646 1308 2869 1369 mutila

665 1420 886 1477 tamen
915 1412 1341 1492 Eucharistia,
1374 1413 1485 1477 sed
1513 1420 1589 1476 ut
1618 1411 1903 1495 reliquiis
1929 1412 2222 1493 integrae.

732 1565 877 1614 Nulli
902 1564 1101 1629 [Neque
1126 1563 1241 1627 ulli]
1265 1570 1410 1614 erant
1432 1566 1487 1614 in
1510 1564 1746 1614 domibus
1778 1564 2020 1613 laicorum
2053 1564 2231 1612 calices
2263 1563 2389 1611 sacri
2410 1561 2475 1612 ad
2498 1561 2870 1612 Eucharistiam

797 1646 891 1693 sub
926 1646 1036 1693 vini
1078 1646 1241 1707 specie
1278 1645 1686 1695 conservandam.
1708 1672 1774 1680 —
1798 1644 1946 1709 [Bell.
1981 1644 2128 1707 Apol.
2163 1658 2254 1708 pro
2287 1642 2457 1706 Resp]
2503 1660 2552 1707 p.
2579 1645 2689 1692 104.
2737 1643 2871 1707 [Op.,

799 1730 921 1774 torn.
945 1727 1031 1775 vii.
1056 1726 1147 1775 col.
1174 1726 1285 1776 763.
1311 1724 1391 1786 Β.“Ι

349 1853 515 1918 [Quod
756 1842 865 1904 An
896 1862 1048 1904 vero
1093 1849 1159 1904 et
1205 1842 1431 1905 vinum
1480 1843 1887 1920 asservarint,
1934 1842 2294 1918 incertum;
2350 1864 2499 1905 cum
2543 1848 2678 1905 tam
2727 1863 2871 1925 pos·

348 1923 520 2030 ξξζξξίῗ
540 1930 647 2028 ῐέζ
673 1950 816 2005 sent
848 1943 918 2004 in
944 1963 1090 2005 vase
1122 1964 1255 2006 non
1285 1964 1469 2006 sacro
1500 1945 1743 2023 vinum,
1771 1966 1963 2028 quam
1986 1945 2054 2006 in
2084 1945 2243 2007 cista
2274 1964 2396 2006 non
2422 1965 2606 2006 sacra
2639 1964 2875 2026 panem

349 2043 535 2118 alesia]
675 2064 1001 2125 reponere.
1095 2046 1188 2106 At
1251 2043 1328 2106 de
1389 2045 1675 2128 reliquiis
1723 2046 1872 2123 illis,
1923 2068 2080 2129 quas
2132 2055 2575 2122 asservassent,
2626 2046 2877 2127 quoties

677 2145 1002 2227 demptam
1033 2145 1413 2228 particulam
1439 2147 1651 2231 jejuni
1683 2157 2032 2227 sumerent,
2063 2171 2196 2212 non
2236 2156 2393 2232 puto
2423 2148 2547 2211 dici
2574 2158 2874 2231 poterant

676 2249 869 2311 toties
901 2249 1170 2332 synaxin
1195 2249 1369 2312 domi
1391 2250 1763 2315 celebrasse.
1852 2254 1939 2315 Et
1962 2253 2084 2315 hoc
2113 2253 2344 2335 ipsum,
2376 2250 2547 2334 quod
2577 2252 2874 2314 toleravit

676 2351 757 2413 ad
787 2357 1041 2434 tempus
1070 2352 1377 2430 Ecclesia,
1411 2359 1575 2435 post,
1611 2354 1869 2418 decreto
1899 2376 2014 2418 suo
2045 2355 2304 2417 sustulit
2319 2352 2355 2418 ¹.
2446 2355 2541 2417 Ut
2571 2354 2733 2416 nihil
2763 2353 2870 2415 hic

677 2454 948 2518 aedificet
977 2476 1013 2518 e
1045 2455 1343 2519 Patribus
1375 2456 1750 2536 Cardinalis,
1792 2457 1916 2521 nisi
1961 2457 2133 2540 quod
2159 2459 2381 2521 Patres
2419 2457 2540 2540 ipsi
2583 2462 2726 2540 post
2760 2456 2872 2519 de—

438 2561 565 2625 192
678 2557 1050 2621 struxerint.
1138 2556 1324 2621 Adeo
1354 2557 1608 2621 caducis
1638 2558 2030 2621 fulcimentis
2058 2559 2197 2622 haec
2226 2580 2416 2622 causa
2443 2558 2694 2621 nititur.

741 2708 894 2773 Apud
927 2713 1118 2760 veteres
1151 2710 1464 2760 consuevisse
1497 2709 1680 2759 deferri
1712 2708 1777 2759 ad
1810 2714 2027 2771 aegrotos
2048 2709 2415 2759 Eucharistiam
2449 2708 2543 2758 sub
2576 2710 2681 2758 sola
2707 2708 2875 2772 specie

804 2791 965 2854 panis,
993 2800 1052 2840 ut
1090 2794 1268 2841 notum
1301 2794 1377 2840 est
1418 2806 1482 2840 ex
1523 2790 1751 2854 Epistola
1786 2791 2018 2853 Dionysii
2054 2789 2331 2855 [Episcopi]
2367 2789 2704 2840 Alexandrini
2739 2790 2875 2851 apud

807 2871 1081 2920 Eusebium
1116 2871 1203 2920 lib.
1229 2872 1292 2919 vi.
1330 2869 1512 2935 [Hinc]
1546 2887 1588 2921 c.
1615 2874 1677 2921 36
1693 2871 1969 2935 ¹¹¹.-—[Bell.
1996 2871 2145 2933 Apol.
2181 2885 2273 2934 pro
2305 2870 2478 2933 Resp.]
2518 2885 2567 2934 p.
2594 2873 2702 2920 105.
2741 2870 2874 2936 [Op.,

805 2955 927 3001 tom.
951 2952 1039 3000 vii.
1061 2951 1153 3001 col.
1179 2953 1288 3003 763.
1315 2952 1396 3014 0.]

350 3063 557 3141 [βαριιω
763 3055 868 3118 Ad
897 3077 1093 3138 oeyros
1122 3069 1188 3119 et
1218 3057 1498 3119 absentes
1527 3059 1799 3121 delatam
1830 3080 1868 3121 a
1896 3059 2198 3122 Diaconis
2219 3060 2694 3122 Eucharistiam
2723 3079 2875 3121 con-

351 3125 611 3253 ffrtsszssb
676 3163 823 3235 stat,
856 3158 967 3219 sed
1002 3160 1326 3239 inteyram,
1361 3166 1426 3221 et
1461 3165 1725 3240 utraque
1767 3163 1986 3242 specie,
2018 3161 2202 3243 panis
2241 3168 2308 3223 et
2337 3160 2487 3239 vini,
2519 3183 2652 3225 non
2693 3161 2880 3244 panis

351 3256 515 3318 specie
536 3251 602 3303 ’ἃ
678 3260 833 3324 sola.
929 3259 1055 3322 Sed
1096 3269 1161 3323 et
1192 3270 1786 3343 praeconsecratam,
1819 3263 2034 3326 viatici
2062 3264 2221 3341 1000,
2256 3263 2338 3325 ad
2367 3264 2648 3326 animam
2667 3284 2874 3345 agen-

349 3383 412 3433 de
434 3379 553 3446 ata]
676 3368 793 3425 tes.
882 3362 1058 3424 Nam
1089 3364 1271 3444 panis
1302 3363 1576 3446 speciem
1609 3385 1741 3427 non
1772 3365 1993 3440 solam,
2019 3365 2297 3427 delatam
2329 3365 2410 3428 ad
2437 3365 2873 3448 Serapionem,

678 3562 814 3597 num.
840 3550 956 3596 sect
977 3548 1055 3597 15.
1092 3546 1201 3611 Op„
1227 3551 1347 3597 tom.
1368 3548 1400 3596 i.
1424 3549 1515 3597 col.
1543 3549 1652 3599 225.
1672 3548 1735 3597 D.
1824 3547 1963 3597 velut
1986 3548 2255 3611 sacrilegus
2287 3550 2873 3614 propellatur.'']—Conc.

679 3612 773 3661 Cui
798 3612 905 3661 loco
929 3610 1109 3661 Editor
1132 3612 1223 3661 sub
1246 3613 1409 3674 ungit,
1444 3616 1475 3639 “
1497 3612 1634 3661 Hinc
1655 3626 1738 3675 ap-
1825 3613 1982 3662 Tolet.
2011 3612 2048 3662 I.
2084 3612 2256 3677 C[an.]
2282 3614 2383 3662 xiv.
2419 3612 2564 3677 [ibid.
2599 3615 2690 3663 col.
2729 3617 2872 3664 1225.

678 3681 821 3739 paret
834 3676 1110 3727 obtinuisse
1131 3677 1195 3726 ad
1339 3693 1368 3724 u
1432 3692 1493 3725 ue
1509 3682 1738 3739 tempora
1824 3676 1914 3740 D.]

677 3739 1104 3799 consuetudinem,
1128 3745 1187 3790 ut
1209 3740 1380 3789 fideles
1447 3741 1735 3790 ucbaristiae
1886 3749 1920 3771 ¹¹¹
1954 3740 2137 3804 [Βραχὺ
2170 3744 2259 3799 τῆς
2298 3742 2600 3805 εὐχαριστίας
2639 3742 2876 3792 ἐπέδωκεν

678 3805 1056 3854 Sacramentum
1104 3804 1242 3854 domi
1296 3804 1553 3864 haberent,
1599 3804 1734 3868 quod
1821 3808 1890 3867 τᾷ
1927 3804 2165 3866 παιδαρίῳ,
2210 3804 2465 3869 &tondeat
2502 3806 2748 3865 κελεύσας,
2794 3810 2876 3857 καὶ

678 3867 995 3931 sumerent.'']
1820 3872 1892 3930 τᾷ
1923 3868 2171 3934 πρεσβύτῃ
2215 3871 2337 3920 κατὰ
2373 3874 2462 3919 τοῦ
2500 3873 2738 3931 στόματος
2783 3873 2875 3920 ἔτι·

747 3931 759 3963 ¹
813 3934 865 3994 [“
891 3932 1023 3981 Item
1068 3932 1194 3993 legit
1253 3932 1458 3993 (Lucius
1504 3933 1592 3996 sc.)
1639 3932 1733 3981 Eu-
1821 3934 2005 3996 στάξαι.
2039 3933 2274 3991 ἐπανῆκεν
2313 3936 2339 3982 ό
2378 3936 2485 3984 ταῖς
2519 3934 2688 3998 φέρων·
2725 3937 2876 3995 ἐγγύς

679 3995 933 4046 charistiae
976 3997 1195 4057 gratiam
1239 3998 1284 4046 si
1326 3997 1440 4059 quin
1492 3996 1735 4060 probatur
1818 4015 1874 4046 τε
1909 3995 2182 4058 γενομένου,
2206 3999 2313 4060 πρὶν
2344 3996 2596 4059 elo-exosi),
2617 3999 2877 4058 ἀνενέγκας

678 4065 933 4123 acceptam
983 4074 1085 4109 non
1129 4062 1413 4124 sumpsisse.
1459 4062 1535 4121 (in
1568 4076 1730 4123 mary.
1819 4060 1966 4110 πάλιν
1987 4063 2014 4110 ὁ
2040 4061 2300 4124 Σαραπίων,
2324 4060 2493 4122 'hetta'
2529 4062 2636 4125 ἔφη,
2658 4064 2875 4113 ’τέκνον

679 4124 1081 4187 consumpsisse),
1104 4125 1373 4175 anathema
1417 4125 1486 4174 sit
1529 4128 1585 4174 in
1629 4140 1735 4187 per·
1821 4126 1899 4174 καὶ
1933 4128 1960 4174 ὁ
1989 4125 2078 4185 μὶν
2108 4125 2433 4189 πρεσβύτερος
2464 4129 2625 4177 ἐλθεῖν
2657 4129 2742 4176 οὒκ
2772 4129 2876 4184 ἠδυ-

681 4193 904 4250 petuum.
974 4188 1055 4237 Ab
1079 4189 1325 4238 universis
1349 4190 1613 4253 Episcopis
1635 4188 1733 4238 dic-
1821 4190 1952 4248 νήθη·
1991 4190 2052 4240 σι)
2090 4190 2141 4240 δὲ
2177 4190 2376 4249 ποίησον
2409 4192 2599 4252 ταχέως
2633 4193 2691 4240 τὸ
2736 4210 2878 4254 προσ·

682 4258 791 4300 tum
835 4256 928 4310 est,
986 4252 1193 4301 Placet.”
1223 4254 1437 4303 —Conc.
1485 4252 1732 4303 001881·αο·
1818 4254 2012 4316 ταχθὲν,
2039 4255 2118 4303 καὶ
2144 4253 2431 4304 dulium(
2448 4256 2538 4316 pel
2566 4255 2828 4318 ἀπίβρεξεν
2853 4257 2879 4303 ὁ

680 4321 815 4376 gust.
872 4316 992 4364 Can.
1039 4316 1110 4364 iii.
1159 4318 1178 4379 [
1223 4334 1327 4367 onc.
1376 4324 1496 4365 tom.
1532 4318 1586 4365 ii.
1639 4318 1729 4366 col.
1820 4321 1945 4377 ταῖς,
1969 4319 2047 4367 καὶ
2079 4316 2175 4378 ἅμα
2207 4337 2263 4367 τε
2298 4317 2464 4380 ἐνέχει
2497 4323 2567 4381 τᾷ
2588 4319 2878 4378 στόματι.-

685 4382 824 4427 1010.
852 4382 911 4428 Α.
1823 4381 2000 4431 Euseb.
2049 4382 2185 4431 Hist.
2234 4382 2366 4432 Ecel.
2413 4384 2500 4432 lib.
2538 4386 2603 4433 vi.
2650 4398 2757 4446 cap.
2795 4385 2874 4431 44.

748 4448 775 4467 “
797 4442 850 4489 Si
938 4443 1016 4491 uis
1057 4448 1225 4493 autem
1275 4450 1530 4507 acceptam
1576 4462 1609 4494 a
1663 4460 1732 4494 sa·
1819 4461 1902 4509 pp.
1929 4446 2202 4509 317,318.]

680 4503 879 4553 cei-dote
948 4506 1273 4558 ucharistiam
1308 4524 1409 4557 non
1443 4511 1729 4573 sumpserit,
