<?xml version="1.0" encoding="UTF-8"?>
<!DOCTYPE html PUBLIC "-//W3C//DTD XHTML 1.0 Transitional//EN"
    "http://www.w3.org/TR/xhtml1/DTD/xhtml1-transitional.dtd">
<html xmlns="http://www.w3.org/1999/xhtml" xml:lang="en" lang="en">
 <head>
  <title>
</title>
<meta http-equiv="Content-Type" content="text/html;charset=utf-8" />
  <meta name='ocr-system' content='tesseract 3.04.00' />
  <meta name='ocr-capabilities' content='ocr_page ocr_carea ocr_par ocr_line ocrx_word'/>
</head>
<body>
  <div class='ocr_page' id='page_1' title='image "./responsioadapol01andrgoog_0023.png"; bbox 0 0 3165 4959; ppageno 0'>
   <div class='ocr_carea' id='block_1_1' title="bbox 1227 348 2516 414">
    <p class='ocr_par' dir='ltr' id='par_1_1' title="bbox 1227 348 2516 414">
     <span class='ocr_line' id='line_1_1' title="bbox 1227 348 2516 414; baseline -0.003 0"><span class='ocrx_word' id='word_1_1' title='bbox 1227 366 1313 414; x_wconf 76' lang='lat' dir='ltr'>AD</span> <span class='ocrx_word' id='word_1_2' title='bbox 1359 366 1597 413; x_wconf 68' lang='lat' dir='ltr'>amen.</span> <span class='ocrx_word' id='word_1_3' title='bbox 2413 348 2516 410; x_wconf 85' lang='lat' dir='ltr'>xix</span> 
     </span>
    </p>
   </div>
   <div class='ocr_carea' id='block_1_2' title="bbox 299 516 2516 3906">
    <p class='ocr_par' dir='ltr' id='par_1_2' title="bbox 299 516 2516 2756">
     <span class='ocr_line' id='line_1_2' title="bbox 319 516 2515 605; baseline 0 -25"><span class='ocrx_word' id='word_1_4' title='bbox 319 516 556 595; x_wconf 83' lang='lat' dir='ltr'><strong>Voluit,</strong></span> <span class='ocrx_word' id='word_1_5' title='bbox 598 518 799 602; x_wconf 85' lang='lat' dir='ltr'>jussit</span> <span class='ocrx_word' id='word_1_6' title='bbox 849 520 1010 583; x_wconf 82' lang='lat' dir='ltr'>Tuos</span> <span class='ocrx_word' id='word_1_7' title='bbox 1056 519 1162 585; x_wconf 92' lang='lat' dir='ltr'>hic</span> <span class='ocrx_word' id='word_1_8' title='bbox 1205 521 1518 605; x_wconf 78' lang='lat' dir='ltr'><strong>injuratos</strong></span> <span class='ocrx_word' id='word_1_9' title='bbox 1563 541 1722 600; x_wconf 89' lang='lat' dir='ltr'>esse,</span> <span class='ocrx_word' id='word_1_10' title='bbox 1755 526 1830 584; x_wconf 83' lang='lat' dir='ltr'>ut</span> <span class='ocrx_word' id='word_1_11' title='bbox 1873 519 2134 584; x_wconf 89' lang='lat' dir='ltr'>liberius</span> <span class='ocrx_word' id='word_1_12' title='bbox 2178 539 2294 603; x_wconf 87' lang='lat' dir='ltr'>per</span> <span class='ocrx_word' id='word_1_13' title='bbox 2333 519 2515 582; x_wconf 84' lang='lat' dir='ltr'>nefas</span> 
     </span>
     <span class='ocr_line' id='line_1_3' title="bbox 310 622 2516 708; baseline 0.001 -25"><span class='ocrx_word' id='word_1_14' title='bbox 310 628 610 697; x_wconf 83' lang='lat' dir='ltr'>ruerent3</span> <span class='ocrx_word' id='word_1_15' title='bbox 658 643 782 687; x_wconf 88' lang='lat' dir='ltr'>nec</span> <span class='ocrx_word' id='word_1_16' title='bbox 831 623 933 686; x_wconf 89' lang='lat' dir='ltr'>vel</span> <span class='ocrx_word' id='word_1_17' title='bbox 980 623 1292 708; x_wconf 86' lang='lat' dir='ltr'>explorari</span> <span class='ocrx_word' id='word_1_18' title='bbox 1353 625 1395 687; x_wconf 88' lang='lat' dir='ltr'><strong>J</strong></span> <span class='ocrx_word' id='word_1_19' title='bbox 1398 645 1664 688; x_wconf 89' lang='lat' dir='ltr'>uramen</span> <span class='ocrx_word' id='word_1_20' title='bbox 1674 630 1740 687; x_wconf 92' lang='lat' dir='ltr'>to</span> <span class='ocrx_word' id='word_1_21' title='bbox 1798 623 1965 701; x_wconf 80' lang='lat' dir='ltr'>sivit,</span> <span class='ocrx_word' id='word_1_22' title='bbox 2018 622 2119 686; x_wconf 90' lang='lat' dir='ltr'>vel</span> <span class='ocrx_word' id='word_1_23' title='bbox 2169 643 2209 685; x_wconf 97' lang='lat' dir='ltr'>a</span> <span class='ocrx_word' id='word_1_24' title='bbox 2262 622 2516 686; x_wconf 78' lang='lat' dir='ltr'><strong>Scelere</strong></span> 
     </span>
     <span class='ocr_line' id='line_1_4' title="bbox 310 724 2515 810; baseline 0.001 -23"><span class='ocrx_word' id='word_1_25' title='bbox 310 724 625 788; x_wconf 85' lang='lat' dir='ltr'>retardari</span> <span class='ocrx_word' id='word_1_26' title='bbox 643 724 678 789; x_wconf 74' lang='lat'>¹.</span> <span class='ocrx_word' id='word_1_27' title='bbox 768 726 957 805; x_wconf 88' lang='lat' dir='ltr'>Exin,</span> <span class='ocrx_word' id='word_1_28' title='bbox 982 748 1098 810; x_wconf 88' lang='lat' dir='ltr'>per</span> <span class='ocrx_word' id='word_1_29' title='bbox 1124 727 1513 790; x_wconf 85' lang='lat' dir='ltr'>Emissarios</span> <span class='ocrx_word' id='word_1_30' title='bbox 1541 727 1693 791; x_wconf 86' lang='lat' dir='ltr'>libri</span> <span class='ocrx_word' id='word_1_31' title='bbox 1720 726 1959 809; x_wconf 89' lang='lat' dir='ltr'>passim</span> <span class='ocrx_word' id='word_1_32' title='bbox 1990 725 2168 804; x_wconf 89' lang='lat' dir='ltr'>editi,</span> <span class='ocrx_word' id='word_1_33' title='bbox 2201 725 2314 809; x_wconf 87' lang='lat' dir='ltr'>qui</span> <span class='ocrx_word' id='word_1_34' title='bbox 2343 726 2515 790; x_wconf 87' lang='lat' dir='ltr'>Pon-</span> 
     </span>
     <span class='ocr_line' id='line_1_5' title="bbox 310 826 2511 913; baseline 0.002 -23"><span class='ocrx_word' id='word_1_35' title='bbox 310 826 499 891; x_wconf 87' lang='lat' dir='ltr'>tificis</span> <span class='ocrx_word' id='word_1_36' title='bbox 523 828 841 892; x_wconf 85' lang='lat' dir='ltr'>directum</span> <span class='ocrx_word' id='word_1_37' title='bbox 872 829 944 892; x_wconf 91' lang='lat' dir='ltr'>in</span> <span class='ocrx_word' id='word_1_38' title='bbox 968 831 1178 913; x_wconf 85' lang='lat' dir='ltr'>Reges</span> <span class='ocrx_word' id='word_1_39' title='bbox 1203 830 1562 896; x_wconf 87' lang='lat' dir='ltr'>dominium</span> <span class='ocrx_word' id='word_1_40' title='bbox 1588 837 1916 894; x_wconf 77' lang='lat' dir='ltr'><strong>astruant:</strong></span> <span class='ocrx_word' id='word_1_41' title='bbox 1964 828 2206 894; x_wconf 73' lang='lat' dir='ltr'>MartaJ&#39;</span> <span class='ocrx_word' id='word_1_42' title='bbox 2229 828 2511 913; x_wconf 80' lang='lat' dir='ltr'>scripsit:</span> 
     </span>
     <span class='ocr_line' id='line_1_6' title="bbox 310 930 2514 1017; baseline 0.002 -24"><span class='ocrx_word' id='word_1_43' title='bbox 310 930 422 993; x_wconf 88' lang='lat' dir='ltr'>scd</span> <span class='ocrx_word' id='word_1_44' title='bbox 453 952 649 1014; x_wconf 91' lang='lat' dir='ltr'>quem</span> <span class='ocrx_word' id='word_1_45' title='bbox 679 932 911 996; x_wconf 89' lang='lat' dir='ltr'>merito</span> <span class='ocrx_word' id='word_1_46' title='bbox 940 933 1164 998; x_wconf 78' lang='lat' dir='ltr'>rideas.</span> <span class='ocrx_word' id='word_1_47' title='bbox 1245 934 1514 1017; x_wconf 79' lang='lat' dir='ltr'>Scripsit</span> <span class='ocrx_word' id='word_1_48' title='bbox 1544 941 1612 998; x_wconf 91' lang='lat' dir='ltr'>et</span> <span class='ocrx_word' id='word_1_49' title='bbox 1642 931 1939 998; x_wconf 66' lang='lat' dir='ltr'>Boziuskz</span> <span class='ocrx_word' id='word_1_50' title='bbox 1988 932 2101 996; x_wconf 90' lang='lat' dir='ltr'>sed</span> <span class='ocrx_word' id='word_1_51' title='bbox 2134 940 2268 997; x_wconf 90' lang='lat' dir='ltr'>tam</span> <span class='ocrx_word' id='word_1_52' title='bbox 2301 954 2514 998; x_wconf 90' lang='lat' dir='ltr'>crassa</span> 
     </span>
     <span class='ocr_line' id='line_1_7' title="bbox 308 1032 2509 1120; baseline 0.002 -24"><span class='ocrx_word' id='word_1_53' title='bbox 308 1032 700 1114; x_wconf 76' lang='lat' dir='ltr'>adulatione,</span> <span class='ocrx_word' id='word_1_54' title='bbox 732 1037 880 1099; x_wconf 81' lang='lat' dir='ltr'>tam&#39;</span> <span class='ocrx_word' id='word_1_55' title='bbox 914 1036 1204 1117; x_wconf 83' lang='lat' dir='ltr'>deformi,</span> <span class='ocrx_word' id='word_1_56' title='bbox 1247 1044 1321 1100; x_wconf 88' lang='lat' dir='ltr'>ut</span> <span class='ocrx_word' id='word_1_57' title='bbox 1361 1059 1511 1101; x_wconf 89' lang='lat' dir='ltr'>eum</span> <span class='ocrx_word' id='word_1_58' title='bbox 1557 1036 1660 1100; x_wconf 86' lang='lat' dir='ltr'>sui</span> <span class='ocrx_word' id='word_1_59' title='bbox 1704 1058 1819 1120; x_wconf 93' lang='lat' dir='ltr'>pro</span> <span class='ocrx_word' id='word_1_60' title='bbox 1862 1035 2166 1100; x_wconf 87' lang='lat' dir='ltr'>derelicto</span> <span class='ocrx_word' id='word_1_61' title='bbox 2207 1035 2509 1101; x_wconf 86' lang='lat' dir='ltr'>habeant.</span> 
     </span>
     <span class='ocr_line' id='line_1_8' title="bbox 308 1136 2513 1224; baseline 0.002 -24"><span class='ocrx_word' id='word_1_62' title='bbox 308 1136 441 1200; x_wconf 85' lang='lat' dir='ltr'>Alii</span> <span class='ocrx_word' id='word_1_63' title='bbox 468 1159 724 1222; x_wconf 91' lang='lat' dir='ltr'>quoque</span> <span class='ocrx_word' id='word_1_64' title='bbox 753 1141 1179 1224; x_wconf 86' lang='lat' dir='ltr'>scripserunt:</span> <span class='ocrx_word' id='word_1_65' title='bbox 1225 1148 1302 1204; x_wconf 92' lang='lat' dir='ltr'>ut</span> <span class='ocrx_word' id='word_1_66' title='bbox 1331 1140 1597 1224; x_wconf 88' lang='lat' dir='ltr'>quisque</span> <span class='ocrx_word' id='word_1_67' title='bbox 1627 1140 1927 1205; x_wconf 87' lang='lat' dir='ltr'>Pontifici</span> <span class='ocrx_word' id='word_1_68' title='bbox 1956 1139 2233 1204; x_wconf 79' lang='lat' dir='ltr'>maxime</span> <span class='ocrx_word' id='word_1_69' title='bbox 2262 1140 2513 1223; x_wconf 89' lang='lat' dir='ltr'>placere</span> 
     </span>
     <span class='ocr_line' id='line_1_9' title="bbox 310 1240 2509 1328; baseline 0.003 -26"><span class='ocrx_word' id='word_1_70' title='bbox 310 1240 547 1319; x_wconf 88' lang='lat' dir='ltr'>studet,</span> <span class='ocrx_word' id='word_1_71' title='bbox 600 1242 695 1306; x_wconf 90' lang='lat' dir='ltr'>ita</span> <span class='ocrx_word' id='word_1_72' title='bbox 757 1243 829 1306; x_wconf 91' lang='lat' dir='ltr'>in</span> <span class='ocrx_word' id='word_1_73' title='bbox 886 1265 1077 1308; x_wconf 81' lang='lat' dir='ltr'>causa</span> <span class='ocrx_word' id='word_1_74' title='bbox 1120 1245 1241 1309; x_wconf 90' lang='lat' dir='ltr'>hac</span> <span class='ocrx_word' id='word_1_75' title='bbox 1286 1244 1809 1328; x_wconf 87' lang='lat' dir='ltr'>projectissimus.</span> <span class='ocrx_word' id='word_1_76' title='bbox 1896 1243 2168 1309; x_wconf 85' lang='lat' dir='ltr'>Accedit</span> <span class='ocrx_word' id='word_1_77' title='bbox 2224 1243 2509 1322; x_wconf 88' lang='lat' dir='ltr'>tandem,</span> 
     </span>
     <span class='ocr_line' id='line_1_10' title="bbox 308 1343 2513 1429; baseline 0.003 -24"><span class='ocrx_word' id='word_1_78' title='bbox 308 1349 504 1426; x_wconf 88' lang='lat' dir='ltr'>atque</span> <span class='ocrx_word' id='word_1_79' title='bbox 548 1343 778 1427; x_wconf 88' lang='lat' dir='ltr'>implet</span> <span class='ocrx_word' id='word_1_80' title='bbox 815 1367 1157 1411; x_wconf 89' lang='lat' dir='ltr'>numerum</span> <span class='ocrx_word' id='word_1_81' title='bbox 1220 1347 1599 1425; x_wconf 79' lang='lat' dir='ltr'>cardinalis,</span> <span class='ocrx_word' id='word_1_82' title='bbox 1649 1348 1831 1429; x_wconf 88' lang='lat' dir='ltr'>cujus</span> <span class='ocrx_word' id='word_1_83' title='bbox 1889 1353 1956 1410; x_wconf 91' lang='lat' dir='ltr'>et</span> <span class='ocrx_word' id='word_1_84' title='bbox 1999 1345 2209 1410; x_wconf 91' lang='lat' dir='ltr'>eidem</span> <span class='ocrx_word' id='word_1_85' title='bbox 2242 1347 2357 1425; x_wconf 89' lang='lat' dir='ltr'>rei,</span> <span class='ocrx_word' id='word_1_86' title='bbox 2391 1348 2513 1411; x_wconf 90' lang='lat' dir='ltr'>etsi</span> 
     </span>
     <span class='ocr_line' id='line_1_11' title="bbox 310 1448 2512 1533; baseline 0.003 -26"><span class='ocrx_word' id='word_1_87' title='bbox 310 1465 444 1508; x_wconf 90' lang='lat' dir='ltr'>non</span> <span class='ocrx_word' id='word_1_88' title='bbox 488 1448 714 1511; x_wconf 87' lang='lat' dir='ltr'>eadem</span> <span class='ocrx_word' id='word_1_89' title='bbox 758 1449 1027 1528; x_wconf 88' lang='lat' dir='ltr'>ratione,</span> <span class='ocrx_word' id='word_1_90' title='bbox 1054 1450 1324 1521; x_wconf 83' lang='lat' dir='ltr'>desudat</span> <span class='ocrx_word' id='word_1_91' title='bbox 1365 1449 1702 1515; x_wconf 85' lang='lat' dir='ltr'>industria.</span> <span class='ocrx_word' id='word_1_92' title='bbox 1790 1449 1964 1513; x_wconf 88' lang='lat' dir='ltr'>Nam</span> <span class='ocrx_word' id='word_1_93' title='bbox 1995 1456 2061 1512; x_wconf 89' lang='lat' dir='ltr'>et</span> <span class='ocrx_word' id='word_1_94' title='bbox 2089 1448 2225 1533; x_wconf 90' lang='lat' dir='ltr'>ipse</span> <span class='ocrx_word' id='word_1_95' title='bbox 2268 1450 2512 1514; x_wconf 81' lang='lat' dir='ltr'>Idolum</span> 
     </span>
     <span class='ocr_line' id='line_1_12' title="bbox 308 1551 2510 1636; baseline 0.003 -26"><span class='ocrx_word' id='word_1_96' title='bbox 308 1567 486 1611; x_wconf 71' lang='lat' dir='ltr'>mm</span> <span class='ocrx_word' id='word_1_97' title='bbox 520 1551 879 1632; x_wconf 89' lang='lat' dir='ltr'>(Pontificis</span> <span class='ocrx_word' id='word_1_98' title='bbox 908 1561 1294 1636; x_wconf 89' lang='lat' dir='ltr'>potestatem</span> <span class='ocrx_word' id='word_1_99' title='bbox 1327 1554 1409 1617; x_wconf 88' lang='lat' dir='ltr'>ad</span> <span class='ocrx_word' id='word_1_100' title='bbox 1435 1555 1644 1636; x_wconf 61' lang='lat' dir='ltr'>Reges</span> <span class='ocrx_word' id='word_1_101' title='bbox 1674 1551 2105 1635; x_wconf 90' lang='lat' dir='ltr'>deponendos)</span> <span class='ocrx_word' id='word_1_102' title='bbox 2147 1552 2327 1635; x_wconf 90' lang='lat' dir='ltr'>quasi</span> <span class='ocrx_word' id='word_1_103' title='bbox 2356 1554 2510 1616; x_wconf 88' lang='lat' dir='ltr'>Pal-</span> 
     </span>
     <span class='ocr_line' id='line_1_13' title="bbox 307 1652 2511 1721; baseline 0.003 -7"><span class='ocrx_word' id='word_1_104' title='bbox 307 1652 548 1716; x_wconf 83' lang='lat' dir='ltr'>ladium</span> <span class='ocrx_word' id='word_1_105' title='bbox 594 1653 899 1719; x_wconf 85' lang='lat' dir='ltr'>invehere</span> <span class='ocrx_word' id='word_1_106' title='bbox 946 1655 1163 1720; x_wconf 85' lang='lat' dir='ltr'>studet</span> <span class='ocrx_word' id='word_1_107' title='bbox 1212 1656 1283 1720; x_wconf 92' lang='lat' dir='ltr'>in</span> <span class='ocrx_word' id='word_1_108' title='bbox 1333 1677 1471 1721; x_wconf 90' lang='lat' dir='ltr'>rem</span> <span class='ocrx_word' id='word_1_109' title='bbox 1529 1656 1972 1719; x_wconf 75' lang='lat' dir='ltr'>Christianam.</span> <span class='ocrx_word' id='word_1_110' title='bbox 2066 1655 2264 1719; x_wconf 89' lang='lat' dir='ltr'>Plane</span> <span class='ocrx_word' id='word_1_111' title='bbox 2301 1657 2511 1721; x_wconf 81' lang='lat' dir='ltr'>Romae</span> 
     </span>
     <span class='ocr_line' id='line_1_14' title="bbox 299 1754 2507 1843; baseline 0.003 -25"><span class='ocrx_word' id='word_1_112' title='bbox 299 1754 458 1839; x_wconf 88' lang='lat' dir='ltr'>jam,</span> <span class='ocrx_word' id='word_1_113' title='bbox 489 1756 562 1820; x_wconf 91' lang='lat' dir='ltr'>in</span> <span class='ocrx_word' id='word_1_114' title='bbox 587 1758 853 1842; x_wconf 78' lang='lat' dir='ltr'>Qfficimz</span> <span class='ocrx_word' id='word_1_115' title='bbox 880 1758 971 1823; x_wconf 92' lang='lat' dir='ltr'>ibi</span> <span class='ocrx_word' id='word_1_116' title='bbox 991 1760 1363 1842; x_wconf 71' lang='lat' dir='ltr'>doymatum,</span> <span class='ocrx_word' id='word_1_117' title='bbox 1381 1760 1449 1824; x_wconf 91' lang='lat' dir='ltr'>id</span> <span class='ocrx_word' id='word_1_118' title='bbox 1477 1760 1710 1843; x_wconf 85' lang='lat' dir='ltr'>agitur,</span> <span class='ocrx_word' id='word_1_119' title='bbox 1734 1767 1810 1823; x_wconf 91' lang='lat' dir='ltr'>ut</span> <span class='ocrx_word' id='word_1_120' title='bbox 1839 1759 2183 1843; x_wconf 84' lang='lat' dir='ltr'>implexam</span> <span class='ocrx_word' id='word_1_121' title='bbox 2212 1760 2507 1839; x_wconf 89' lang='lat' dir='ltr'>reddant,</span> 
     </span>
     <span class='ocr_line' id='line_1_15' title="bbox 307 1859 2508 1946; baseline 0.003 -24"><span class='ocrx_word' id='word_1_122' title='bbox 307 1865 502 1942; x_wconf 82' lang='lat' dir='ltr'>atque</span> <span class='ocrx_word' id='word_1_123' title='bbox 529 1859 905 1940; x_wconf 87' lang='lat' dir='ltr'>involutam,</span> <span class='ocrx_word' id='word_1_124' title='bbox 927 1882 999 1925; x_wconf 90' lang='lat' dir='ltr'>ac</span> <span class='ocrx_word' id='word_1_125' title='bbox 1018 1862 1198 1946; x_wconf 91' lang='lat' dir='ltr'>quasi</span> <span class='ocrx_word' id='word_1_126' title='bbox 1218 1883 1416 1926; x_wconf 88' lang='lat' dir='ltr'>unam</span> <span class='ocrx_word' id='word_1_127' title='bbox 1445 1862 1515 1926; x_wconf 89' lang='lat' dir='ltr'>in</span> <span class='ocrx_word' id='word_1_128' title='bbox 1545 1862 1742 1927; x_wconf 88' lang='lat' dir='ltr'>telam</span> <span class='ocrx_word' id='word_1_129' title='bbox 1760 1870 1983 1926; x_wconf 83' lang='lat' dir='ltr'>texant</span> <span class='ocrx_word' id='word_1_130' title='bbox 2012 1883 2159 1926; x_wconf 90' lang='lat' dir='ltr'>cum</span> <span class='ocrx_word' id='word_1_131' title='bbox 2190 1871 2508 1946; x_wconf 88' lang='lat' dir='ltr'>potestate</span> 
     </span>
     <span class='ocr_line' id='line_1_16' title="bbox 312 1961 2510 2054; baseline 0.003 -30"><span class='ocrx_word' id='word_1_132' title='bbox 312 1961 644 2044; x_wconf 87' lang='lat' dir='ltr'>Spirituali</span> <span class='ocrx_word' id='word_1_133' title='bbox 678 1964 967 2043; x_wconf 88' lang='lat' dir='ltr'>Summa,</span> <span class='ocrx_word' id='word_1_134' title='bbox 1002 1966 1338 2054; x_wconf 82' lang='lat' dir='ltr'>Summam</span> <span class='ocrx_word' id='word_1_135' title='bbox 1375 1986 1627 2049; x_wconf 87' lang='lat' dir='ltr'>quoque</span> <span class='ocrx_word' id='word_1_136' title='bbox 1656 1965 2117 2049; x_wconf 88' lang='lat' dir='ltr'>Temporalem,</span> <span class='ocrx_word' id='word_1_137' title='bbox 2150 1987 2224 2030; x_wconf 89' lang='lat' dir='ltr'>ac</span> <span class='ocrx_word' id='word_1_138' title='bbox 2251 1972 2510 2032; x_wconf 87' lang='lat' dir='ltr'>tantum</span> 
     </span>
     <span class='ocr_line' id='line_1_17' title="bbox 308 2065 2510 2155; baseline 0.004 -28"><span class='ocrx_word' id='word_1_139' title='bbox 308 2084 442 2127; x_wconf 88' lang='lat' dir='ltr'>non</span> <span class='ocrx_word' id='word_1_140' title='bbox 470 2065 761 2129; x_wconf 88' lang='lat' dir='ltr'>inserant</span> <span class='ocrx_word' id='word_1_141' title='bbox 788 2067 861 2130; x_wconf 90' lang='lat' dir='ltr'>in</span> <span class='ocrx_word' id='word_1_142' title='bbox 893 2069 1247 2151; x_wconf 82' lang='lat' dir='ltr'>Symbolum</span> <span class='ocrx_word' id='word_1_143' title='bbox 1277 2068 1445 2145; x_wconf 89' lang='lat' dir='ltr'>fidei,</span> <span class='ocrx_word' id='word_1_144' title='bbox 1477 2088 1593 2151; x_wconf 90' lang='lat' dir='ltr'>pro</span> <span class='ocrx_word' id='word_1_145' title='bbox 1611 2068 1901 2132; x_wconf 81' lang='lat' dir='ltr'>Articulo</span> <span class='ocrx_word' id='word_1_146' title='bbox 1932 2068 2162 2133; x_wconf 72' lang='lat' dir='ltr'>xmo.</span> <span class='ocrx_word' id='word_1_147' title='bbox 2191 2096 2204 2134; x_wconf 92' lang='lat'>:</span> <span class='ocrx_word' id='word_1_148' title='bbox 2253 2070 2510 2155; x_wconf 88' lang='lat' dir='ltr'>Nempe</span> 
     </span>
     <span class='ocr_line' id='line_1_18' title="bbox 308 2167 2510 2257; baseline 0.004 -27"><span class='ocrx_word' id='word_1_149' title='bbox 308 2187 347 2230; x_wconf 88' lang='lat' dir='ltr'>a</span> <span class='ocrx_word' id='word_1_150' title='bbox 375 2167 714 2245; x_wconf 87' lang='lat' dir='ltr'>Pontifice,</span> <span class='ocrx_word' id='word_1_151' title='bbox 746 2170 856 2253; x_wconf 91' lang='lat' dir='ltr'>qui</span> <span class='ocrx_word' id='word_1_152' title='bbox 884 2171 1019 2253; x_wconf 87' lang='lat' dir='ltr'>ipse</span> <span class='ocrx_word' id='word_1_153' title='bbox 1049 2172 1336 2253; x_wconf 79' lang='lat' dir='ltr'>Apostoli</span> <span class='ocrx_word' id='word_1_154' title='bbox 1365 2172 1590 2234; x_wconf 83' lang='lat' dir='ltr'>decimi</span> <span class='ocrx_word' id='word_1_155' title='bbox 1620 2170 1820 2234; x_wconf 82' lang='lat' dir='ltr'>tertii¹</span> <span class='ocrx_word' id='word_1_156' title='bbox 1848 2171 2112 2235; x_wconf 88' lang='lat' dir='ltr'>titulum</span> <span class='ocrx_word' id='word_1_157' title='bbox 2145 2172 2224 2236; x_wconf 90' lang='lat' dir='ltr'>ab</span> <span class='ocrx_word' id='word_1_158' title='bbox 2257 2173 2510 2257; x_wconf 89' lang='lat' dir='ltr'>Impos-</span> 
     </span>
     <span class='ocr_line' id='line_1_19' title="bbox 308 2270 2506 2358; baseline 0.003 -25"><span class='ocrx_word' id='word_1_159' title='bbox 308 2277 448 2334; x_wconf 86' lang='lat' dir='ltr'>tore</span> <span class='ocrx_word' id='word_1_160' title='bbox 491 2270 790 2335; x_wconf 85' lang='lat' dir='ltr'>famelico</span> <span class='ocrx_word' id='word_1_161' title='bbox 833 2273 1142 2353; x_wconf 86' lang='lat' dir='ltr'>delatum,</span> <span class='ocrx_word' id='word_1_162' title='bbox 1173 2274 1462 2358; x_wconf 87' lang='lat' dir='ltr'>propitiis</span> <span class='ocrx_word' id='word_1_163' title='bbox 1491 2273 1753 2338; x_wconf 88' lang='lat' dir='ltr'>auribus</span> <span class='ocrx_word' id='word_1_164' title='bbox 1782 2295 1915 2338; x_wconf 92' lang='lat' dir='ltr'>non</span> <span class='ocrx_word' id='word_1_165' title='bbox 1944 2275 2184 2338; x_wconf 87' lang='lat' dir='ltr'>invitus</span> <span class='ocrx_word' id='word_1_166' title='bbox 2228 2275 2506 2340; x_wconf 87' lang='lat' dir='ltr'>admisit.</span> 
     </span>
     <span class='ocr_line' id='line_1_20' title="bbox 309 2373 2508 2461; baseline 0.003 -23"><span class='ocrx_word' id='word_1_167' title='bbox 309 2373 474 2439; x_wconf 76' lang='lat' dir='ltr'>Quis</span> <span class='ocrx_word' id='word_1_168' title='bbox 482 2375 645 2459; x_wconf 84' lang='lat' dir='ltr'>jam,</span> <span class='ocrx_word' id='word_1_169' title='bbox 670 2376 807 2440; x_wconf 85' lang='lat' dir='ltr'>haec</span> <span class='ocrx_word' id='word_1_170' title='bbox 831 2398 958 2461; x_wconf 91' lang='lat' dir='ltr'>quo</span> <span class='ocrx_word' id='word_1_171' title='bbox 975 2377 1267 2457; x_wconf 89' lang='lat' dir='ltr'>tendant,</span> <span class='ocrx_word' id='word_1_172' title='bbox 1287 2400 1421 2442; x_wconf 91' lang='lat' dir='ltr'>non</span> <span class='ocrx_word' id='word_1_173' title='bbox 1445 2377 1663 2442; x_wconf 80' lang='lat' dir='ltr'>videt?</span> <span class='ocrx_word' id='word_1_174' title='bbox 1700 2378 1862 2445; x_wconf 77' lang='lat' dir='ltr'>Quis</span> <span class='ocrx_word' id='word_1_175' title='bbox 1885 2399 2018 2442; x_wconf 90' lang='lat' dir='ltr'>non</span> <span class='ocrx_word' id='word_1_176' title='bbox 2039 2378 2309 2443; x_wconf 90' lang='lat' dir='ltr'>flabellis</span> <span class='ocrx_word' id='word_1_177' title='bbox 2331 2379 2508 2445; x_wconf 88' lang='lat' dir='ltr'>hisce</span> 
     </span>
     <span class='ocr_line' id='line_1_21' title="bbox 308 2478 2507 2565; baseline 0.003 -23"><span class='ocrx_word' id='word_1_178' title='bbox 308 2478 690 2545; x_wconf 83' lang='lat' dir='ltr'>redaccendi</span> <span class='ocrx_word' id='word_1_179' title='bbox 718 2481 938 2565; x_wconf 86' lang='lat' dir='ltr'>ignem</span> <span class='ocrx_word' id='word_1_180' title='bbox 979 2482 1231 2559; x_wconf 87' lang='lat' dir='ltr'>denuo;</span> <span class='ocrx_word' id='word_1_181' title='bbox 1277 2483 1495 2565; x_wconf 83' lang='lat' dir='ltr'>ignem</span> <span class='ocrx_word' id='word_1_182' title='bbox 1524 2482 1709 2546; x_wconf 89' lang='lat' dir='ltr'>illum</span> <span class='ocrx_word' id='word_1_183' title='bbox 1740 2503 1931 2565; x_wconf 91' lang='lat' dir='ltr'>quem</span> <span class='ocrx_word' id='word_1_184' title='bbox 1963 2483 2136 2547; x_wconf 84' lang='lat' dir='ltr'>exire</span> <span class='ocrx_word' id='word_1_185' title='bbox 2167 2483 2327 2547; x_wconf 91' lang='lat' dir='ltr'>vidit</span> <span class='ocrx_word' id='word_1_186' title='bbox 2359 2485 2507 2549; x_wconf 90' lang='lat' dir='ltr'>Hil-</span> 
     </span>
     <span class='ocr_line' id='line_1_22' title="bbox 309 2580 2505 2672; baseline 0.003 -27"><span class='ocrx_word' id='word_1_187' title='bbox 309 2580 677 2648; x_wconf 87' lang='lat' dir='ltr'>debrandus</span> <span class='ocrx_word' id='word_1_188' title='bbox 706 2607 783 2649; x_wconf 90' lang='lat' dir='ltr'>ex</span> <span class='ocrx_word' id='word_1_189' title='bbox 814 2607 923 2651; x_wconf 91' lang='lat' dir='ltr'>ore</span> <span class='ocrx_word' id='word_1_190' title='bbox 954 2608 1091 2666; x_wconf 88' lang='lat' dir='ltr'>suo,</span> <span class='ocrx_word' id='word_1_191' title='bbox 1131 2591 1265 2672; x_wconf 88' lang='lat' dir='ltr'>(per</span> <span class='ocrx_word' id='word_1_192' title='bbox 1279 2586 1599 2669; x_wconf 78' lang='lat' dir='ltr'>famosum</span> <span class='ocrx_word' id='word_1_193' title='bbox 1627 2587 1793 2650; x_wconf 83' lang='lat' dir='ltr'>illud</span> <span class='ocrx_word' id='word_1_194' title='bbox 1815 2588 2185 2652; x_wconf 73' lang='lat' dir='ltr'>insomnium</span> <span class='ocrx_word' id='word_1_195' title='bbox 2213 2607 2389 2652; x_wconf 86' lang='lat' dir='ltr'>suum</span> <span class='ocrx_word' id='word_1_196' title='bbox 2406 2598 2446 2627; x_wconf 83' lang='lat'>¹¹¹</span> <span class='ocrx_word' id='word_1_197' title='bbox 2459 2591 2505 2671; x_wconf 92' lang='grc'>.·)</span> 
     </span>
     <span class='ocr_line' id='line_1_23' title="bbox 309 2685 1905 2756; baseline 0.002 -7"><span class='ocrx_word' id='word_1_198' title='bbox 309 2685 480 2751; x_wconf 88' lang='lat' dir='ltr'>unde</span> <span class='ocrx_word' id='word_1_199' title='bbox 510 2688 736 2752; x_wconf 83' lang='lat' dir='ltr'>statim</span> <span class='ocrx_word' id='word_1_200' title='bbox 766 2690 838 2753; x_wconf 90' lang='lat' dir='ltr'>in</span> <span class='ocrx_word' id='word_1_201' title='bbox 869 2690 1043 2756; x_wconf 89' lang='lat' dir='ltr'>Orbe</span> <span class='ocrx_word' id='word_1_202' title='bbox 1071 2699 1211 2756; x_wconf 87' lang='lat' dir='ltr'>toto</span> <span class='ocrx_word' id='word_1_203' title='bbox 1238 2690 1609 2754; x_wconf 88' lang='lat' dir='ltr'>incendium</span> <span class='ocrx_word' id='word_1_204' title='bbox 1640 2689 1905 2754; x_wconf 88' lang='lat' dir='ltr'>exstitit.</span> 
     </span>
    </p>

    <p class='ocr_par' dir='ltr' id='par_1_3' title="bbox 304 2789 2513 3906">
     <span class='ocr_line' id='line_1_24' title="bbox 395 2789 2513 2876; baseline 0.003 -23"><span class='ocrx_word' id='word_1_205' title='bbox 395 2789 616 2854; x_wconf 88' lang='lat' dir='ltr'>Narro</span> <span class='ocrx_word' id='word_1_206' title='bbox 646 2799 863 2856; x_wconf 86' lang='lat' dir='ltr'>autem</span> <span class='ocrx_word' id='word_1_207' title='bbox 894 2793 1241 2872; x_wconf 79' lang='lat' dir='ltr'>cardinali,</span> <span class='ocrx_word' id='word_1_208' title='bbox 1273 2794 1325 2856; x_wconf 91' lang='lat' dir='ltr'>si</span> <span class='ocrx_word' id='word_1_209' title='bbox 1355 2793 1512 2858; x_wconf 92' lang='lat' dir='ltr'>olim</span> <span class='ocrx_word' id='word_1_210' title='bbox 1543 2792 1805 2876; x_wconf 85' lang='lat' dir='ltr'>segnius</span> <span class='ocrx_word' id='word_1_211' title='bbox 1837 2794 1963 2856; x_wconf 91' lang='lat' dir='ltr'>ista</span> <span class='ocrx_word' id='word_1_212' title='bbox 1990 2793 2301 2857; x_wconf 87' lang='lat' dir='ltr'>curabant</span> <span class='ocrx_word' id='word_1_213' title='bbox 2324 2793 2513 2859; x_wconf 87' lang='lat' dir='ltr'>Prin·</span> 
     </span>
     <span class='ocr_line' id='line_1_25' title="bbox 308 2892 2508 2984; baseline 0.002 -29"><span class='ocrx_word' id='word_1_214' title='bbox 308 2892 499 2975; x_wconf 85' lang='lat' dir='ltr'>cipes,</span> <span class='ocrx_word' id='word_1_215' title='bbox 532 2914 667 2958; x_wconf 91' lang='lat' dir='ltr'>non</span> <span class='ocrx_word' id='word_1_216' title='bbox 697 2895 791 2957; x_wconf 87' lang='lat' dir='ltr'>ita</span> <span class='ocrx_word' id='word_1_217' title='bbox 819 2917 1069 2980; x_wconf 88' lang='lat' dir='ltr'>semper</span> <span class='ocrx_word' id='word_1_218' title='bbox 1095 2896 1251 2960; x_wconf 84' lang='lat' dir='ltr'>fore.</span> <span class='ocrx_word' id='word_1_219' title='bbox 1328 2895 1601 2984; x_wconf 86' lang='lat' dir='ltr'>Propius</span> <span class='ocrx_word' id='word_1_220' title='bbox 1646 2896 1821 2959; x_wconf 91' lang='lat' dir='ltr'>enim</span> <span class='ocrx_word' id='word_1_221' title='bbox 1855 2895 1995 2979; x_wconf 85' lang='lat' dir='ltr'>jam</span> <span class='ocrx_word' id='word_1_222' title='bbox 2039 2894 2508 2979; x_wconf 89' lang='lat' dir='ltr'>introspiciunt,</span> 
     </span>
     <span class='ocr_line' id='line_1_26' title="bbox 311 2996 2511 3084; baseline 0.003 -25"><span class='ocrx_word' id='word_1_223' title='bbox 311 3005 377 3059; x_wconf 87' lang='lat' dir='ltr'>et</span> <span class='ocrx_word' id='word_1_224' title='bbox 406 2996 785 3081; x_wconf 85' lang='lat' dir='ltr'>diligentius</span> <span class='ocrx_word' id='word_1_225' title='bbox 814 2999 1169 3079; x_wconf 85' lang='lat' dir='ltr'>excutiunt,</span> <span class='ocrx_word' id='word_1_226' title='bbox 1195 3022 1337 3084; x_wconf 84' lang='lat' dir='ltr'>quae</span> <span class='ocrx_word' id='word_1_227' title='bbox 1367 3000 1608 3084; x_wconf 87' lang='lat' dir='ltr'>scripta</span> <span class='ocrx_word' id='word_1_228' title='bbox 1636 2999 1818 3077; x_wconf 83' lang='lat' dir='ltr'>aliis3</span> <span class='ocrx_word' id='word_1_229' title='bbox 1866 2998 1979 3064; x_wconf 90' lang='lat' dir='ltr'>sed</span> <span class='ocrx_word' id='word_1_230' title='bbox 2009 2999 2345 3084; x_wconf 81' lang='lat' dir='ltr'>praecipue,</span> <span class='ocrx_word' id='word_1_231' title='bbox 2369 3021 2511 3084; x_wconf 81' lang='lat' dir='ltr'>quae</span> 
     </span>
     <span class='ocr_line' id='line_1_27' title="bbox 314 3099 2510 3187; baseline 0.002 -25"><span class='ocrx_word' id='word_1_232' title='bbox 314 3099 537 3182; x_wconf 80' lang='lat' dir='ltr'>scripti</span> <span class='ocrx_word' id='word_1_233' title='bbox 596 3100 707 3164; x_wconf 94' lang='lat' dir='ltr'>Illi</span> <span class='ocrx_word' id='word_1_234' title='bbox 757 3123 964 3186; x_wconf 89' lang='lat' dir='ltr'>nuper</span> <span class='ocrx_word' id='word_1_235' title='bbox 1023 3102 1091 3166; x_wconf 90' lang='lat' dir='ltr'>in</span> <span class='ocrx_word' id='word_1_236' title='bbox 1152 3103 1321 3167; x_wconf 90' lang='lat' dir='ltr'>hanc</span> <span class='ocrx_word' id='word_1_237' title='bbox 1376 3124 1533 3181; x_wconf 88' lang='lat' dir='ltr'>rem,</span> <span class='ocrx_word' id='word_1_238' title='bbox 1588 3102 1660 3166; x_wconf 91' lang='lat' dir='ltr'>in</span> <span class='ocrx_word' id='word_1_239' title='bbox 1708 3102 1938 3186; x_wconf 90' lang='lat' dir='ltr'>quibus</span> <span class='ocrx_word' id='word_1_240' title='bbox 2002 3102 2195 3166; x_wconf 90' lang='lat' dir='ltr'>nimis</span> <span class='ocrx_word' id='word_1_241' title='bbox 2253 3104 2510 3187; x_wconf 88' lang='lat' dir='ltr'>evulgat</span> 
     </span>
     <span class='ocr_line' id='line_1_28' title="bbox 311 3201 2507 3290; baseline 0.003 -27"><span class='ocrx_word' id='word_1_242' title='bbox 311 3201 567 3265; x_wconf 80' lang='lat' dir='ltr'>Arcana</span> <span class='ocrx_word' id='word_1_243' title='bbox 596 3203 950 3268; x_wconf 89' lang='lat' dir='ltr'>Pontificis.</span> <span class='ocrx_word' id='word_1_244' title='bbox 1021 3206 1286 3270; x_wconf 85' lang='lat' dir='ltr'>Certum</span> <span class='ocrx_word' id='word_1_245' title='bbox 1317 3213 1531 3269; x_wconf 91' lang='lat' dir='ltr'>autem</span> <span class='ocrx_word' id='word_1_246' title='bbox 1560 3206 1703 3267; x_wconf 85' lang='lat' dir='ltr'>Illis</span> <span class='ocrx_word' id='word_1_247' title='bbox 1731 3205 1971 3268; x_wconf 90' lang='lat' dir='ltr'>diutius</span> <span class='ocrx_word' id='word_1_248' title='bbox 1993 3205 2131 3290; x_wconf 88' lang='lat' dir='ltr'>jam</span> <span class='ocrx_word' id='word_1_249' title='bbox 2160 3227 2295 3269; x_wconf 92' lang='lat' dir='ltr'>non</span> <span class='ocrx_word' id='word_1_250' title='bbox 2322 3205 2507 3284; x_wconf 88' lang='lat' dir='ltr'>ferre,</span> 
     </span>
     <span class='ocr_line' id='line_1_29' title="bbox 310 3303 2510 3393; baseline 0.004 -28"><span class='ocrx_word' id='word_1_251' title='bbox 310 3303 399 3366; x_wconf 83' lang='lat' dir='ltr'>sic</span> <span class='ocrx_word' id='word_1_252' title='bbox 428 3303 704 3388; x_wconf 90' lang='lat' dir='ltr'>deprimi</span> <span class='ocrx_word' id='word_1_253' title='bbox 736 3308 1005 3392; x_wconf 82' lang='lat' dir='ltr'>Regiam</span> <span class='ocrx_word' id='word_1_254' title='bbox 1035 3314 1436 3393; x_wconf 84' lang='lat' dir='ltr'>potestatem,</span> <span class='ocrx_word' id='word_1_255' title='bbox 1467 3308 1557 3372; x_wconf 90' lang='lat' dir='ltr'>sic</span> <span class='ocrx_word' id='word_1_256' title='bbox 1585 3308 1656 3371; x_wconf 91' lang='lat' dir='ltr'>in</span> <span class='ocrx_word' id='word_1_257' title='bbox 1682 3308 2074 3372; x_wconf 90' lang='lat' dir='ltr'>immensum</span> <span class='ocrx_word' id='word_1_258' title='bbox 2104 3309 2286 3373; x_wconf 88' lang='lat' dir='ltr'>evehi</span> <span class='ocrx_word' id='word_1_259' title='bbox 2317 3315 2510 3392; x_wconf 88' lang='lat' dir='ltr'>atque</span> 
     </span>
     <span class='ocr_line' id='line_1_30' title="bbox 308 3408 2511 3495; baseline 0.002 -25"><span class='ocrx_word' id='word_1_260' title='bbox 308 3408 681 3491; x_wconf 82' lang='lat' dir='ltr'>exaggerari</span> <span class='ocrx_word' id='word_1_261' title='bbox 720 3410 1241 3493; x_wconf 78' lang='lat' dir='ltr'>omnipotentiam</span> <span class='ocrx_word' id='word_1_262' title='bbox 1272 3411 1690 3493; x_wconf 78' lang='lat' dir='ltr'>Pontificiam,</span> <span class='ocrx_word' id='word_1_263' title='bbox 1721 3413 2067 3476; x_wconf 79' lang='lat' dir='ltr'>mulctandi</span> <span class='ocrx_word' id='word_1_264' title='bbox 2095 3413 2295 3495; x_wconf 75' lang='lat' dir='ltr'>Reyes</span> <span class='ocrx_word' id='word_1_265' title='bbox 2321 3414 2511 3476; x_wconf 86' lang='lat' dir='ltr'>vecti-</span> 
     </span>
     <span class='ocr_line' id='line_1_31' title="bbox 304 3511 2510 3597; baseline 0.002 -24"><span class='ocrx_word' id='word_1_266' title='bbox 304 3511 574 3591; x_wconf 70' lang='lat' dir='ltr'>yalibus‚</span> <span class='ocrx_word' id='word_1_267' title='bbox 605 3515 891 3577; x_wconf 81' lang='lat' dir='ltr'>mutandi</span> <span class='ocrx_word' id='word_1_268' title='bbox 920 3515 1158 3597; x_wconf 63' lang='lat' dir='ltr'>Regna,</span> <span class='ocrx_word' id='word_1_269' title='bbox 1192 3515 1268 3578; x_wconf 83' lang='lat' dir='ltr'>de</span> <span class='ocrx_word' id='word_1_270' title='bbox 1303 3515 1764 3597; x_wconf 84' lang='lat' dir='ltr'>Temporalibus</span> <span class='ocrx_word' id='word_1_271' title='bbox 1805 3516 1940 3579; x_wconf 82' lang='lat' dir='ltr'>sine</span> <span class='ocrx_word' id='word_1_272' title='bbox 1990 3516 2266 3578; x_wconf 79' lang='lat' dir='ltr'>Censura</span> <span class='ocrx_word' id='word_1_273' title='bbox 2308 3521 2510 3579; x_wconf 85' lang='lat' dir='ltr'>statu-</span> 
     </span>
     <span class='ocr_line' id='line_1_32' title="bbox 307 3613 2508 3700; baseline 0.002 -24"><span class='ocrx_word' id='word_1_274' title='bbox 307 3614 472 3690; x_wconf 82' lang='lat' dir='ltr'>endi,</span> <span class='ocrx_word' id='word_1_275' title='bbox 488 3613 805 3694; x_wconf 78' lang='lat' dir='ltr'>faciendi,</span> <span class='ocrx_word' id='word_1_276' title='bbox 830 3623 900 3679; x_wconf 84' lang='lat' dir='ltr'>ut</span> <span class='ocrx_word' id='word_1_277' title='bbox 930 3619 1036 3699; x_wconf 77' lang='lat' dir='ltr'>qui</span> <span class='ocrx_word' id='word_1_278' title='bbox 1056 3618 1258 3699; x_wconf 72' lang='lat' dir='ltr'>Reyes</span> <span class='ocrx_word' id='word_1_279' title='bbox 1269 3619 1414 3699; x_wconf 83' lang='lat' dir='ltr'>jam</span> <span class='ocrx_word' id='word_1_280' title='bbox 1441 3624 1606 3696; x_wconf 79' lang='lat' dir='ltr'>sunt,</span> <span class='ocrx_word' id='word_1_281' title='bbox 1640 3618 1927 3700; x_wconf 75' lang='lat' dir='ltr'>deinceps</span> <span class='ocrx_word' id='word_1_282' title='bbox 1947 3618 2149 3699; x_wconf 76' lang='lat' dir='ltr'>Reyes</span> <span class='ocrx_word' id='word_1_283' title='bbox 2177 3638 2253 3679; x_wconf 81' lang='lat' dir='ltr'>ne</span> <span class='ocrx_word' id='word_1_284' title='bbox 2280 3618 2441 3680; x_wconf 82' lang='lat' dir='ltr'>sient</span> <span class='ocrx_word' id='word_1_285' title='bbox 2461 3627 2508 3681; x_wconf 83' lang='lat'>¹².</span> 
     </span>
     <span class='ocr_line' id='line_1_33' title="bbox 309 3716 2511 3804; baseline 0.002 -26"><span class='ocrx_word' id='word_1_286' title='bbox 309 3716 395 3779; x_wconf 84' lang='lat' dir='ltr'>Et</span> <span class='ocrx_word' id='word_1_287' title='bbox 439 3717 510 3780; x_wconf 91' lang='lat' dir='ltr'>id</span> <span class='ocrx_word' id='word_1_288' title='bbox 557 3718 884 3783; x_wconf 86' lang='lat' dir='ltr'>Cardinali</span> <span class='ocrx_word' id='word_1_289' title='bbox 922 3722 1157 3804; x_wconf 86' lang='lat' dir='ltr'>(credo)</span> <span class='ocrx_word' id='word_1_290' title='bbox 1199 3723 1338 3804; x_wconf 85' lang='lat' dir='ltr'>jam</span> <span class='ocrx_word' id='word_1_291' title='bbox 1373 3721 1527 3785; x_wconf 89' lang='lat' dir='ltr'>satis</span> <span class='ocrx_word' id='word_1_292' title='bbox 1566 3726 1840 3798; x_wconf 85' lang='lat' dir='ltr'>constat,</span> <span class='ocrx_word' id='word_1_293' title='bbox 1871 3726 2211 3803; x_wconf 88' lang='lat' dir='ltr'>postquam</span> <span class='ocrx_word' id='word_1_294' title='bbox 2241 3719 2511 3782; x_wconf 90' lang='lat' dir='ltr'>novissi-</span> 
     </span>
     <span class='ocr_line' id='line_1_34' title="bbox 307 3820 2508 3906; baseline 0.001 -23"><span class='ocrx_word' id='word_1_295' title='bbox 307 3840 453 3883; x_wconf 86' lang='lat' dir='ltr'>mus</span> <span class='ocrx_word' id='word_1_296' title='bbox 488 3820 553 3884; x_wconf 87' lang='lat' dir='ltr'>ei</span> <span class='ocrx_word' id='word_1_297' title='bbox 592 3820 757 3885; x_wconf 89' lang='lat' dir='ltr'>liber</span> <span class='ocrx_word' id='word_1_298' title='bbox 794 3824 927 3905; x_wconf 93' lang='lat' dir='ltr'>(qui</span> <span class='ocrx_word' id='word_1_299' title='bbox 964 3830 1030 3886; x_wconf 91' lang='lat' dir='ltr'>et</span> <span class='ocrx_word' id='word_1_300' title='bbox 1074 3824 1209 3906; x_wconf 92' lang='lat' dir='ltr'>ipse</span> <span class='ocrx_word' id='word_1_301' title='bbox 1257 3825 1592 3887; x_wconf 80' lang='lat' dir='ltr'>Tractatus</span> <span class='ocrx_word' id='word_1_302' title='bbox 1633 3822 2034 3898; x_wconf 70' lang='lat' dir='ltr'>monitorias,</span> <span class='ocrx_word' id='word_1_303' title='bbox 2075 3820 2246 3885; x_wconf 92' lang='lat' dir='ltr'>bono</span> <span class='ocrx_word' id='word_1_304' title='bbox 2291 3829 2508 3886; x_wconf 89' lang='lat' dir='ltr'>autem</span> 
     </span>
    </p>
   </div>
   <div class='ocr_carea' id='block_1_3' title="bbox 307 4020 2509 4611">
    <p class='ocr_par' dir='ltr' id='par_1_4' title="bbox 310 4020 2508 4165">
     <span class='ocr_line' id='line_1_35' title="bbox 370 4020 2508 4100; baseline 0.004 -30"><span class='ocrx_word' id='word_1_305' title='bbox 370 4020 384 4053; x_wconf 83' lang='lat'><strong>¹</strong></span> <span class='ocrx_word' id='word_1_306' title='bbox 429 4021 728 4100; x_wconf 43' lang='lat' dir='ltr'>[Vide-duo</span> <span class='ocrx_word' id='word_1_307' title='bbox 754 4025 935 4075; x_wconf 80' lang='lat' dir='ltr'>Brevia</span> <span class='ocrx_word' id='word_1_308' title='bbox 962 4026 1107 4077; x_wconf 83' lang='lat' dir='ltr'>Pauli</span> <span class='ocrx_word' id='word_1_309' title='bbox 1131 4025 1194 4077; x_wconf 82' lang='lat' dir='ltr'>V.</span> <span class='ocrx_word' id='word_1_310' title='bbox 1228 4026 1363 4093; x_wconf 83' lang='lat' dir='ltr'>apud</span> <span class='ocrx_word' id='word_1_311' title='bbox 1451 4026 1688 4091; x_wconf 81' lang='lat' dir='ltr'>Appeud.</span> <span class='ocrx_word' id='word_1_312' title='bbox 1737 4041 1784 4091; x_wconf 89' lang='lat' dir='ltr'>p.</span> <span class='ocrx_word' id='word_1_313' title='bbox 1801 4028 1911 4076; x_wconf 86' lang='grc'><strong>692.</strong></span> <span class='ocrx_word' id='word_1_314' title='bbox 1949 4025 2108 4091; x_wconf 85' lang='lat' dir='ltr'>[Edit.</span> <span class='ocrx_word' id='word_1_315' title='bbox 2132 4026 2307 4088; x_wconf 82' lang='lat' dir='ltr'>Rom.;</span> <span class='ocrx_word' id='word_1_316' title='bbox 2339 4031 2392 4076; x_wconf 85' lang='lat' dir='ltr'>et</span> <span class='ocrx_word' id='word_1_317' title='bbox 2413 4027 2508 4078; x_wconf 87' lang='lat' dir='ltr'>col.</span> 
     </span>
     <span class='ocr_line' id='line_1_36' title="bbox 310 4084 2080 4165; baseline 0.002 -29"><span class='ocrx_word' id='word_1_318' title='bbox 310 4084 452 4150; x_wconf 68' lang='lat' dir='ltr'>neap.</span> <span class='ocrx_word' id='word_1_319' title='bbox 477 4086 675 4165; x_wconf 62' lang='lat' dir='ltr'>Tortal</span> <span class='ocrx_word' id='word_1_320' title='bbox 1453 4093 1564 4140; x_wconf 83' lang='grc'><strong>906.</strong></span> <span class='ocrx_word' id='word_1_321' title='bbox 1590 4092 1647 4141; x_wconf 81' lang='lat' dir='ltr'>E.</span> <span class='ocrx_word' id='word_1_322' title='bbox 1741 4094 1913 4155; x_wconf 74' lang='lat' dir='ltr'>egunt..</span> <span class='ocrx_word' id='word_1_323' title='bbox 1940 4094 2080 4141; x_wconf 84' lang='lat'>1601.</span> 
     </span>
    </p>

    <p class='ocr_par' dir='ltr' id='par_1_5' title="bbox 307 4151 2509 4570">
     <span class='ocr_line' id='line_1_37' title="bbox 365 4151 2509 4219; baseline 0.002 -18"><span class='ocrx_word' id='word_1_324' title='bbox 365 4151 382 4191; x_wconf 77' lang='lat'><strong><em>³</em></strong></span> <span class='ocrx_word' id='word_1_325' title='bbox 564 4152 596 4201; x_wconf 84' lang='lat' dir='ltr'>J</span> <span class='ocrx_word' id='word_1_326' title='bbox 599 4152 828 4203; x_wconf 81' lang='lat' dir='ltr'>unsdict.</span> <span class='ocrx_word' id='word_1_327' title='bbox 867 4154 980 4205; x_wconf 84' lang='lat' dir='ltr'>Par.</span> <span class='ocrx_word' id='word_1_328' title='bbox 1016 4157 1062 4205; x_wconf 92' lang='lat'>1.</span> <span class='ocrx_word' id='word_1_329' title='bbox 1111 4170 1253 4219; x_wconf 86' lang='lat' dir='ltr'>capp.</span> <span class='ocrx_word' id='word_1_330' title='bbox 1285 4158 1363 4207; x_wconf 79' lang='lat'>18.</span> <span class='ocrx_word' id='word_1_331' title='bbox 1516 4164 1550 4187; x_wconf 82' lang='lat'>¹¹</span> <span class='ocrx_word' id='word_1_332' title='bbox 1586 4155 1729 4207; x_wconf 89' lang='lat' dir='ltr'>Paul.</span> <span class='ocrx_word' id='word_1_333' title='bbox 1780 4156 2036 4206; x_wconf 84' lang='lat' dir='ltr'>Bernried.</span> <span class='ocrx_word' id='word_1_334' title='bbox 2115 4154 2397 4205; x_wconf 75' lang='lat' dir='ltr'>comment.</span> <span class='ocrx_word' id='word_1_335' title='bbox 2443 4157 2509 4206; x_wconf 79' lang='lat' dir='ltr'>ds</span> 
     </span>
     <span class='ocr_line' id='line_1_38' title="bbox 309 4219 2506 4335; baseline 0.002 -5"><span class='ocrx_word' id='word_1_336' title='bbox 309 4228 411 4311; x_wconf 56' lang='lat'>&#39;⁹3&#39;</span> <span class='ocrx_word' id='word_1_337' title='bbox 442 4279 636 4331; x_wconf 68' lang='lat' dir='ltr'>netem</span> <span class='ocrx_word' id='word_1_338' title='bbox 761 4284 796 4332; x_wconf 88' lang='lat'>1·</span> <span class='ocrx_word' id='word_1_339' title='bbox 816 4283 934 4334; x_wconf 72' lang='lat' dir='ltr'>noel</span> <span class='ocrx_word' id='word_1_340' title='bbox 989 4284 1002 4297; x_wconf 91' lang='lat'><strong>·</strong></span> <span class='ocrx_word' id='word_1_341' title='bbox 1074 4284 1128 4334; x_wconf 78' lang='grc' dir='ltr'><strong>Μ</strong></span> <span class='ocrx_word' id='word_1_342' title='bbox 1279 4285 1331 4335; x_wconf 81' lang='lat' dir='ltr'>h·</span> <span class='ocrx_word' id='word_1_343' title='bbox 1451 4221 1556 4316; x_wconf 54' lang='lat' dir='ltr'>vii*</span> <span class='ocrx_word' id='word_1_344' title='bbox 1576 4221 1726 4334; x_wconf 50' lang='lat' dir='ltr'>Gvriff&#39;</span> <span class='ocrx_word' id='word_1_345' title='bbox 1745 4220 1892 4335; x_wconf 44' lang='lat'>{¹215}</span> <span class='ocrx_word' id='word_1_346' title='bbox 1911 4235 1959 4283; x_wconf 69' lang='lat' dir='ltr'>p&#39;</span> <span class='ocrx_word' id='word_1_347' title='bbox 1979 4219 2233 4334; x_wconf 44' lang='lat'>²323&amp;</span> <span class='ocrx_word' id='word_1_348' title='bbox 2233 4219 2506 4334; x_wconf 52' lang='lat' dir='ltr'>iit‘ssfflm</span> 
     </span>
     <span class='ocr_line' id='line_1_39' title="bbox 307 4286 2509 4413; baseline 0.004 -20"><span class='ocrx_word' id='word_1_349' title='bbox 307 4348 359 4393; x_wconf 85' lang='lat' dir='ltr'>et</span> <span class='ocrx_word' id='word_1_350' title='bbox 377 4344 411 4394; x_wconf 82' lang='lat' dir='ltr'>J</span> <span class='ocrx_word' id='word_1_351' title='bbox 413 4297 759 4406; x_wconf 48' lang='lat' dir='ltr'>misdictibiiz</span> <span class='ocrx_word' id='word_1_352' title='bbox 782 4299 1367 4402; x_wconf 48' lang='lat' dir='ltr'>kuctfflfissngnssro‘izig</span> <span class='ocrx_word' id='word_1_353' title='bbox 1452 4286 1666 4399; x_wconf 72' lang='lat' dir='ltr'>Sumini¹</span> <span class='ocrx_word' id='word_1_354' title='bbox 1689 4300 2085 4399; x_wconf 43' lang='lat' dir='ltr'>lffontifxxdlireis.</span> <span class='ocrx_word' id='word_1_355' title='bbox 2113 4291 2509 4413; x_wconf 50' lang='lat' dir='ltr'>Barclaeimgugglt:</span> 
     </span>
     <span class='ocr_line' id='line_1_40' title="bbox 310 4408 2508 4492; baseline 0.003 -34"><span class='ocrx_word' id='word_1_356' title='bbox 310 4408 592 4474; x_wconf 68' lang='lat' dir='ltr'>nugubino,</span> <span class='ocrx_word' id='word_1_357' title='bbox 613 4412 798 4476; x_wconf 79' lang='lat' dir='ltr'>Congr.</span> <span class='ocrx_word' id='word_1_358' title='bbox 824 4414 962 4465; x_wconf 84' lang='lat' dir='ltr'>Orat.</span> <span class='ocrx_word' id='word_1_359' title='bbox 987 4414 1155 4468; x_wconf 80' lang='lat' dir='ltr'>Presb.</span> <span class='ocrx_word' id='word_1_360' title='bbox 1175 4415 1365 4478; x_wconf 71' lang='lat' dir='ltr'>Romae,</span> <span class='ocrx_word' id='word_1_361' title='bbox 1453 4415 1516 4464; x_wconf 89' lang='lat' dir='ltr'>de</span> <span class='ocrx_word' id='word_1_362' title='bbox 1540 4414 1773 4464; x_wconf 75' lang='lat' dir='ltr'>Excusat.</span> <span class='ocrx_word' id='word_1_363' title='bbox 1802 4415 2053 4476; x_wconf 86' lang='lat' dir='ltr'>Barclaii,)</span> <span class='ocrx_word' id='word_1_364' title='bbox 2077 4429 2183 4478; x_wconf 76' lang='lat' dir='ltr'>cap.</span> <span class='ocrx_word' id='word_1_365' title='bbox 2209 4416 2367 4492; x_wconf 40' lang='lat' dir='ltr'>xxv-ii.</span> <span class='ocrx_word' id='word_1_366' title='bbox 2395 4415 2508 4479; x_wconf 68' lang='lat' dir='ltr'>Op„</span> 
     </span>
     <span class='ocr_line' id='line_1_41' title="bbox 310 4477 2505 4570; baseline 0.003 -48"><span class='ocrx_word' id='word_1_367' title='bbox 310 4477 440 4570; x_wconf 60' lang='lat' dir='ltr'>min&#39;</span> <span class='ocrx_word' id='word_1_368' title='bbox 1221 4547 1232 4559; x_wconf 36' lang='lat'>⁸</span> <span class='ocrx_word' id='word_1_369' title='bbox 1452 4484 1577 4530; x_wconf 86' lang='lat' dir='ltr'>tom.</span> <span class='ocrx_word' id='word_1_370' title='bbox 1613 4480 1701 4530; x_wconf 81' lang='lat' dir='ltr'>vii.</span> <span class='ocrx_word' id='word_1_371' title='bbox 1745 4480 1837 4529; x_wconf 86' lang='lat' dir='ltr'>col.</span> <span class='ocrx_word' id='word_1_372' title='bbox 1875 4483 1984 4531; x_wconf 82' lang='lat'>955.</span> <span class='ocrx_word' id='word_1_373' title='bbox 2020 4481 2111 4536; x_wconf 53' lang='lat' dir='ltr'>Aa</span> <span class='ocrx_word' id='word_1_374' title='bbox 2162 4496 2268 4543; x_wconf 87' lang='lat' dir='ltr'>cap.</span> <span class='ocrx_word' id='word_1_375' title='bbox 2304 4495 2369 4529; x_wconf 76' lang='lat' dir='ltr'>iv.</span> <span class='ocrx_word' id='word_1_376' title='bbox 2412 4481 2505 4529; x_wconf 88' lang='lat' dir='ltr'>col.</span> 
     </span>
    </p>

    <p class='ocr_par' dir='ltr' id='par_1_6' title="bbox 564 4542 2424 4611">
     <span class='ocr_line' id='line_1_42' title="bbox 564 4542 2424 4611; baseline 0.002 -20"><span class='ocrx_word' id='word_1_377' title='bbox 564 4556 617 4591; x_wconf 87' lang='lat' dir='ltr'>u.</span> <span class='ocrx_word' id='word_1_378' title='bbox 648 4542 809 4607; x_wconf 80' lang='lat' dir='ltr'>[Anu.</span> <span class='ocrx_word' id='word_1_379' title='bbox 846 4542 1001 4606; x_wconf 64' lang='lat' dir='ltr'>Beck]</span> <span class='ocrx_word' id='word_1_380' title='bbox 1036 4548 1161 4596; x_wconf 86' lang='lat' dir='ltr'>tom.</span> <span class='ocrx_word' id='word_1_381' title='bbox 1185 4561 1250 4595; x_wconf 77' lang='lat' dir='ltr'>vi.</span> <span class='ocrx_word' id='word_1_382' title='bbox 1288 4546 1366 4611; x_wconf 84' lang='lat' dir='ltr'>[in</span> <span class='ocrx_word' id='word_1_383' title='bbox 1455 4547 1566 4595; x_wconf 80' lang='lat'>864.</span> <span class='ocrx_word' id='word_1_384' title='bbox 1592 4545 1678 4601; x_wconf 82' lang='lat' dir='ltr'>D.;</span> <span class='ocrx_word' id='word_1_385' title='bbox 1718 4550 1770 4595; x_wconf 86' lang='lat' dir='ltr'>et</span> <span class='ocrx_word' id='word_1_386' title='bbox 1792 4561 1898 4610; x_wconf 85' lang='lat' dir='ltr'>cap.</span> <span class='ocrx_word' id='word_1_387' title='bbox 1923 4560 2062 4594; x_wconf 79' lang='lat' dir='ltr'>xxxi.</span> <span class='ocrx_word' id='word_1_388' title='bbox 2087 4544 2177 4594; x_wconf 90' lang='lat' dir='ltr'>col.</span> <span class='ocrx_word' id='word_1_389' title='bbox 2206 4549 2315 4596; x_wconf 83' lang='lat'>959.</span> <span class='ocrx_word' id='word_1_390' title='bbox 2342 4545 2424 4607; x_wconf 89' lang='lat' dir='ltr'>B.]</span> 
     </span>
    </p>
   </div>
   <div class='ocr_carea' id='block_1_4' title="bbox 1823 4630 2073 4730">
    <p class='ocr_par' dir='ltr' id='par_1_7' title="bbox 1823 4630 2073 4730">
     <span class='ocr_line' id='line_1_43' title="bbox 1823 4630 2073 4730; baseline 0.004 -40"><span class='ocrx_word' id='word_1_391' title='bbox 1823 4630 2073 4730; x_wconf 22' lang='lat' dir='ltr'>‘b2</span> 
     </span>
    </p>
   </div>
  </div>
 </body>
</html>
