3165 4959
990 329 1357 377 stomoma
1401 329 1765 377 nnsronsm.
2363 317 2488 377 215

274 486 461 570 ponit
506 487 669 565 Rex,
711 485 793 549 de
836 485 916 548 iis
945 485 1073 548 duo
1102 506 1226 547 non
1271 485 1431 546 satis
1476 504 1608 546 esse
1639 483 2001 548 Cardinalis
2044 484 2300 567 excipit.
2391 485 2494 548 De

280 592 578 654 Conciliis
637 599 783 674 post
840 590 1087 654 videbo.
1199 590 1302 654 De
1354 589 1686 671 Symbolis,
1747 588 1818 652 id
1877 610 2116 671 quaer0,
2171 590 2496 672 quodnam

273 695 476 759 habet
509 695 869 760 Cardinalis
900 702 1211 778 quartum,
1243 695 1349 758 cui
1379 695 1507 756 tria
1538 695 1695 757 satis
1724 715 1860 757 non
1889 701 2044 757 sunt
2064 695 2094 755 ⁴?

347 848 548 898 Scimus
587 846 900 909 Pelagianos,
938 849 991 896 et
1023 845 1387 896 Monothelitas
1410 880 1422 893 .
1447 881 1459 894 .
1486 882 1497 893 .
1522 845 1789 894 haereticos
1824 860 1944 905 esse,
1980 850 2032 894 et
2067 847 2238 894 tamen
2263 881 2275 893 .
2300 881 2312 894 .
2341 881 2352 894 .
2375 844 2496 895 reci-

408 929 563 992 piunt
582 927 870 992 Scripturas
901 927 1195 987 Canonicas,
1229 928 1331 976 tria
1363 927 1619 989 Symbola,
1653 932 1707 976 et
1728 931 1944 989 quatuor
1977 927 2145 990 prima
2167 925 2408 985 Concilia,
2442 930 2496 976 et

407 1011 584 1060 Patres
619 1011 901 1074 primorum
945 1009 1430 1072 quadringentorum
1462 1024 1711 1059 annorum
1760 1009 1995 1073 [minime
2033 1007 2494 1072 spernunt—Bell.

410 1094 560 1158 Apol.
574 1110 667 1158 pro
683 1093 851 1158 Resp]
885 1109 933 1157 p.
959 1097 1038 1143 80.
1077 1093 1218 1158 [Op.,
1246 1096 1368 1142 tom.
1392 1092 1481 1141 vii.
1506 1092 1600 1141 col.
1625 1094 1736 1142 749.
1762 1091 1816 1140 C.
1842 1090 1934 1154 D.]

371 1194 501 1258 Sed
537 1194 873 1275 Pela-qimai
917 1199 979 1256 et
1022 1193 1451 1255 Monothelitoe
1494 1192 1805 1271 recipiunt
1857 1191 2135 1253 Conciliat
2189 1197 2493 1272 quatum-,-
2522 1198 2595 1264 [et
2641 1214 2758 1276 qua-

278 1305 431 1372 tum,
451 1298 683 1360 Patres
699 1298 1051 1378 primorum
1076 1297 1548 1378 quinyevztorum
1579 1314 1881 1357 annorum
1902 1296 2149 1357 minime
2176 1302 2495 1376 spernunt.
2521 1273 2825 1392 ῗοοζοῦῗζῖὃ

280 1401 384 1463 De
417 1399 776 1481 Pelagianis
805 1399 1077 1462 falsum:
1131 1419 1251 1461 nec
1283 1398 1476 1461 modo
1504 1397 1604 1476 iis,
1642 1397 1752 1479 qui
1783 1405 1933 1461 ante
1965 1395 2093 1460 duo
2124 1397 2203 1460 de
2232 1404 2501 1479 quatuor

289 1503 585 1565 Cone-iliis
614 1503 1005 1565 exstiterunt
1031 1527 1045 1564 :
1094 1501 1205 1564 sed
1238 1501 1317 1564 de
1347 1500 1609 1583 reliquis
1638 1500 1786 1578 illis,
1820 1522 1961 1583 quae
1983 1500 2278 1584 Prosperi
2309 1506 2499 1563 aetate

284 1605 551 1668 fuerunt
580 1611 646 1668 et
678 1605 1040 1686 Fulgentii:
1088 1603 1134 1665 ii
1173 1603 1389 1684 (mitto
1420 1603 1500 1666 de
1523 1603 1853 1685 Conciliis)
1890 1604 2014 1666 nisi
2030 1603 2495 1686 Augustinum,

282 1708 410 1771 nisi
455 1708 932 1791 Hieronymum
984 1707 1389 1789 sprevissent,
1437 1706 1770 1789 Pelagiani
1815 1728 1952 1770 esse
1997 1728 2132 1770 non
2175 1713 2496 1790 poterant.

288 1811 394 1873 De
419 1811 495 1872 M
501 1809 892 1883 onotheliti8‚
912 1809 1033 1886 vol,
1054 1816 1202 1892 post
1229 1809 1615 1892 ScripturaS,
1638 1810 1908 1871 Patrum
1932 1808 2118 1872 nobis
2139 1809 2378 1890 scripta
2399 1817 2499 1870 sat

283 1935 425 1977 esse
457 1912 715 1989 debent,
746 1912 868 1990 vel,
904 1911 1058 1995 quid
1088 1912 1273 1975 nobis
1302 1911 1595 1975 futurum
1627 1913 1729 1990 sit,
1762 1913 2001 1975 nescio.
2088 1914 2172 1975 Os
2202 1915 2363 1975 enim
2393 1912 2500 1975 hic

279 2017 576 2078 Pastoris
603 2017 824 2077 summi
848 2015 1181 2078 consulere
1209 2037 1342 2078 non
1371 2036 1732 2097 possumuS,
1760 2015 1869 2097 qui
1898 2015 2035 2098 ipse
2059 2015 2501 2078 Monothelita

280 2127 381 2183 est
405 2147 424 2198 3
472 2119 658 2201 eique
689 2127 1001 2202 tanquam
1037 2120 1364 2182 Haeretico
1395 2119 1852 2183 Monothelitae
1882 2119 1951 2182 in
1983 2120 2290 2183 Conciliis
2321 2120 2499 2182 Ana-

280 2225 489 2287 thema
520 2224 767 2288 dictum
790 2233 858 2299 ¹3
912 2231 985 2286 ut
1023 2223 1180 2286 satis
1210 2223 1400 2287 nobis
1442 2245 1581 2287 esse
1619 2230 1932 2306 oporteat,
1969 2223 2139 2305 quod
2173 2223 2503 2287 Cardinali

290 2327 448 2389 satis
479 2348 612 2390 non
644 2335 780 2403 est;
836 2335 910 2390 ut
940 2347 1171 2409 parum
1200 2326 1308 2389 hic
1327 2333 1693 2410 opportuna
1721 2326 1918 2390 fuerit
1949 2326 2027 2389 de
2048 2326 2501 2390 Monothelitis

289 2431 557 2495 mentio,

354 2567 429 2617 Ut
448 2567 604 2618 etiam
638 2566 733 2617 hoc
766 2572 994 2630 tempore
1017 2567 1182 2617 Groeci
1218 2569 1274 2616 in
1306 2568 1519 2617 articulo
1541 2566 1606 2617 de
1641 2567 1952 2629 processione
1970 2565 2191 2629 Spiritus
2213 2565 2386 2616 Sancti
2412 2602 2425 2615 .
2449 2602 2461 2615 .
2491 2602 2502 2615 .

416 2649 643 2698 haeretici
683 2648 1165 2714 habentur.—[Bell.
1204 2649 1352 2713 Apol.
1406 2663 1498 2712 pro
1537 2648 1714 2712 Resp]
1753 2662 1801 2711 p.
1827 2650 1905 2697 80.
1943 2646 2076 2710 [Op.,
2113 2650 2237 2696 tom.
2273 2647 2362 2695 vii.
2406 2646 2499 2696 col.

422 2731 533 2781 749.
568 2728 655 2793 D.]

383 2830 484 2892 De
537 2828 780 2892 Graecis
836 2827 1106 2902 itidem;
1171 2827 1223 2891 si
1279 2829 1502 2891 Patres
1552 2827 1851 2909 antiquos
1897 2833 2304 2904 venerentur,
2361 2826 2502 2907 (nec
2552 2846 2831 2898 Graecinou

276 2914 550 2996 *nostros
583 2931 661 2995 de
693 2931 1072 3011 Occidente,
1120 2931 1234 2995 sed
1276 2918 1445 3013 suos)
1485 2952 1620 2995 non
1649 2938 1912 3015 possent
1943 2952 2078 2994 non
2118 2931 2194 2993 de
2227 2931 2505 3012 Spiritus
2565 2910 2794 2975 Μούσῃ

291 3038 514 3099 Sancti
529 3038 927 3117 processione
964 3036 1222 3112 sentire,
1256 3044 1329 3099 ut
1362 3036 1771 3099 Orthodoxos
1801 3057 1917 3118 par
1947 3042 2067 3098 est.

355 3187 537 3245 Qnaero
560 3202 591 3237 a
610 3186 760 3250 Rege,
787 3202 877 3237 cur
908 3191 1125 3250 quatuor
1151 3192 1354 3237 tantum
1386 3189 1554 3252 prima
1576 3187 1806 3238 concilia
1841 3188 2098 3252 generalia
2128 3189 2341 3251 recipit}
2406 3186 2509 3237 Cur

420 3283 525 3317 non
549 3269 783 3330 quintum
807 3268 978 3329 etiam,
1015 3274 1234 3329 sextum,
1267 3270 1558 3333 septimum,
1593 3274 1842 3330 octavum,
1869 3276 1962 3320 etc.
1980 3270 2224 3336 i—[Ben.
2247 3270 2396 3334 Apol.
2414 3285 2506 3334 pro

425 3349 594 3414 Resp]
630 3365 677 3413 p.
701 3352 779 3400 81.
817 3350 951 3415 [Op.,
973 3354 1096 3400 tom.
1114 3351 1203 3399 vii.
1229 3351 1320 3400 ool.
1346 3352 1458 3405 750.
1483 3350 1571 3415 A.]

379 3450 647 3527 Verum,
687 3450 812 3511 Cur
842 3455 1109 3530 quatuor
1138 3455 1381 3512 tantum
1392 3452 1609 3531 prima
1648 3452 1926 3513 Cone-ilia
1956 3457 2290 3513 veneratur
2313 3452 2453 3512 Reoe
2473 3452 2505 3511 ?
2555 3461 2838 3513 Posteriora

294 3553 531 3617 Quaere
589 3552 658 3615 id
717 3573 755 3614 a
807 3553 1139 3634 GregoriO,
1201 3553 1331 3635 qui,
1391 3553 1651 3615 tametsi
1709 3559 1855 3635 post
1930 3553 2229 3635 quintum
2287 3552 2502 3630 fuerit,
2532 3527 2841 3641 mffiffiissha,

289 3663 512 3718 tamen
543 3661 813 3737 quatuor
842 3655 1034 3719 modo
1062 3656 1279 3737 prima
1310 3654 1554 3718 honore
1584 3655 1707 3717 hoc
1739 3655 2044 3737 dignatus
2076 3662 2172 3717 est
2190 3664 2235 3717 5.
2313 3653 2505 3735 Mag·
2532 3655 2737 3719 benda]

356 3848 379 3870 ⁸
416 3838 703 3901 [Honorius
730 3840 769 3888 1.
816 3855 883 3889 sc.
932 3841 987 3888 in
1028 3839 1176 3890 Cone.
1226 3840 1351 3889 Gen.
1441 3838 1686 3903 quadrato
1703 3839 2096 3902 lapide‚sanctae
2119 3837 2238 3887 fidoi
2257 3842 2510 3888 structura

291 3911 438 3954 sexto
475 3904 549 3967 (C.
588 3904 640 3953 P.
673 3905 767 3967 iii.)
819 3907 934 3953 Act.
976 3906 1085 3953 xiii.
1125 3906 1355 3954 condem·
1441 3904 1624 3966 surgit,
1648 3908 1700 3952 et
1721 3904 1993 3966 cujuslibet.
2015 3905 2136 3951 vitoe
2171 3908 2323 3964 atquc
2357 3904 2510 3951 actio-

291 3968 676 4018 natua—Conc.
700 3976 822 4019 tom.
843 3971 906 4018 vi.
930 3969 1022 4018 col.
1046 3972 1154 4018 943.
1174 3970 1228 4018 Β.
1253 3985 1355 4032 seq.
1441 3970 1525 4018 nis
1540 3970 1734 4025 existit,
1750 3969 1979 4031 quisquis
2001 3982 2172 4017 eorum
2197 3967 2510 4016 soliditatem

294 4033 431 4082 vide
459 4047 654 4096 quoque
681 4033 724 4082 Ε
764 4036 844 4082 ist.
878 4034 1070 4083 'Parasii
1109 4039 1162 4083 et
1197 4035 1357 4098 Septi·
1444 4049 1547 4083 non
1571 4037 1727 4092 tenet,
1743 4035 1897 4082 etiam
1922 4033 1964 4081 si
1988 4033 2118 4096 lapis
2141 4047 2247 4082 esse
2269 4033 2511 4091 cernitur,

295 4114 396 4147 moe
449 4092 639 4159 Synodi
684 4050 759 4147 αἱ)
802 4097 1151 4162 Imperatores.
1206 4099 1354 4148 Conc.
1444 4104 1618 4147 tamen
1653 4102 1799 4147 extra
1834 4097 2109 4146 aedificium
2138 4097 2290 4159 jacet.
2359 4096 2513 4155 Quin-

292 4163 413 4212 Nic.
436 4163 489 4211 ii.
526 4166 640 4212 Act.
660 4164 972 4213 vii—Cone.
1002 4170 1125 4213 tom.
1149 4164 1240 4214 vii.
1262 4165 1355 4213 col.
1445 4169 1556 4212 tum
1598 4177 1795 4225 quoque
1827 4162 2112 4211 Concilium
2145 4162 2334 4224 pariter
2371 4176 2512 4210 vene-

295 4231 406 4278 581.
434 4226 519 4288 A.]
1445 4227 1684 4277 ror.''—S.
1708 4227 1857 4289 Greg.
1883 4227 1953 4275 M.
1970 4227 2061 4276 lib.
2078 4228 2111 4275 i.
2133 4226 2224 4289 Ep.
2242 4240 2361 4274 m.
2398 4225 2512 4288 Op„

357 4301 380 4332 ⁷
425 4292 474 4356 [·‘
499 4292 642 4341 Sicut
663 4294 825 4342 sancti
850 4292 1114 4354 Evangelii
1149 4296 1363 4355 quatuor
1448 4298 1571 4342 tom.
1585 4293 1638 4340 ii.
1663 4293 1755 4341 col.
1774 4295 1883 4341 515.
1910 4291 1967 4340 B.
1985 4291 2040 4341 C.
2074 4291 2187 4340 “Et
2207 4292 2280 4340 sic
2297 4296 2514 4352 quatuor

292 4358 467 4415 libros,
503 4358 576 4405 sic
605 4364 820 4420 quatuor
847 4357 1076 4407 Consilia
1113 4360 1363 4420 suscipere
1449 4356 1670 4419 synodos
1707 4362 1896 4406 sanctae
1933 4356 2229 4405 universalis
2260 4355 2513 4416 Ecclesiae,

294 4429 348 4472 et
369 4424 599 4471 venerari
634 4437 717 4472 me
754 4423 914 4472 fateor
936 4459 947 4471 .
974 4459 985 4471 .
1013 4458 1026 4471 .
1053 4458 1064 4470 .
1087 4427 1197 4472 tota
1217 4422 1362 4471 devo-
1450 4422 1584 4471 sicut
1619 4426 1833 4484 quatuor
1867 4421 2024 4471 libros
2047 4422 2209 4471 sancti
2233 4420 2501 4483 Evangelii

293 4490 435 4537 tione
472 4488 793 4551 complector,
828 4489 1157 4550 integerrima
1188 4501 1363 4550 appro·
1450 4486 1946 4550 recipimus.”—Lib.
1971 4487 2046 4535 iii.
2089 4486 2201 4536 Ind.
2236 4486 2307 4535 xi.
2344 4485 2438 4550 Ep.
2464 4501 2514 4535 x.

293 4554 501 4603 batione
524 4552 753 4602 custodio
767 4568 781 4612 ;
804 4553 926 4615 quia
947 4553 1001 4602 in
1027 4552 1121 4613 his,
1145 4553 1286 4605 velut
1307 4553 1362 4601 in
1452 4552 1585 4601 Ibid.
1610 4552 1702 4603 col.
1728 4554 1840 4602 632.
1866 4551 1928 4600 D.
1942 4550 2023 4615 R]
