3165 4959
962 331 1327 379 stomoma
1371 332 1733 381 mroNsio.
2329 322 2450 384 231

379 489 468 535 tur
502 485 664 535 totius
689 484 853 535 vineae
889 484 970 548 [id
1001 489 1094 544 est,
1131 485 1390 550 Ecclesiae]
1430 487 1710 537 custodiam
1735 487 1831 550 [ab
1867 488 1976 550 ipso
1999 487 2219 548 Christo,
2253 502 2358 538 non
2392 488 2458 539 ab

377 565 689 630 Imperatore
720 565 800 616 vel
830 581 861 615 a
890 564 1135 630 Concilio]
1170 567 1490 616 commissam
1525 604 1537 616 .
1578 604 1591 617 .
1627 603 1640 616 .
1686 567 2165 631 Pontifici.—[Bell.
2190 569 2340 633 Apol.
2364 585 2455 634 pro

378 646 548 711 Resp]
583 663 633 711 p.
658 649 735 697 92.
771 646 906 711 [Op.,
929 651 1053 696 tom.
1077 647 1163 696 vii.
1186 649 1280 697 col.
1303 648 1415 699 756.
1440 647 1502 697 A.
1530 647 1612 712 B.]

340 763 470 827 Sed
522 764 589 825 in
626 763 888 826 Concilii
938 763 1136 843 ipsius
1178 763 1493 843 Epistola,
1534 763 1872 846 proefuisse
1918 765 2045 828 Leo
2091 766 2325 829 dicitur
2367 767 2455 829 ibi

244 868 662 948 coam-effatis,
694 868 857 929 sicat
900 866 1190 928 membris
1219 873 1425 946 caput.
1521 867 1653 932 Qui
1683 875 1921 947 tamen,
1951 876 2282 952 utcunque
2309 876 2454 933 tum

231 967 501 1050 praefitit
542 970 706 1032 sicut
742 975 949 1050 caput,
996 990 1079 1031 ne
1123 967 1296 1032 aliud
1343 969 1552 1050 Capiti
1601 969 1754 1033 huic
1790 971 1991 1051 Caput
2034 972 2279 1054 aequale
2323 979 2452 1036 sta-

246 1082 564 1152 tueretur,
595 1073 907 1157 impedire
937 1093 1071 1136 non
1110 1072 1343 1156 potuit.
1434 1072 1565 1136 Sed
1594 1079 1660 1136 et
1689 1074 1877 1136 vineae
1907 1075 2188 1136 custodia
2219 1075 2455 1140 dicitur

243 1178 306 1240 ei
337 1199 377 1239 a
399 1178 730 1240 Salvatore
758 1178 1101 1240 commissa.
1168 1177 1255 1240 Et
1276 1176 1499 1260 quidni
1516 1178 1839 1240 commissa
1858 1179 1891 1240 ,2
1919 1198 2039 1240 nec
2066 1180 2184 1240 soli
2215 1187 2454 1259 tamen,

244 1282 367 1346 sed
417 1303 566 1346 cum
612 1282 754 1345 aliis
802 1282 872 1345 in
924 1281 1147 1346 eadem
1192 1281 1380 1344 vinea
1425 1280 1749 1364 operariis.
1840 1282 1984 1348 Nec
2036 1284 2226 1345 totius
2267 1284 2457 1347 vineoe

245 1384 510 1464 dicitur,
542 1387 654 1449 sed
685 1386 1020 1450 commoda
1044 1406 1185 1462 vox,
1218 1385 1428 1462 totius,
1451 1383 1775 1448 Cardinali
1799 1383 2006 1447 visum
2036 1392 2134 1448 est
2163 1385 2454 1468 adjicere.

248 1490 361 1567 Et,
411 1488 511 1551 vel
562 1489 618 1551 si
670 1490 879 1567 totius,
932 1488 1097 1551 nihil
1143 1487 1418 1569 juvaret,
1469 1486 1726 1569 quando
1773 1487 1855 1549 ad
1903 1487 2193 1550 omnium
2235 1508 2457 1551 curam

249 1613 333 1655 ex
382 1613 567 1674 aequo
617 1592 922 1676 pertinet,
976 1612 1109 1655 non
1159 1590 1396 1654 Leonis
1446 1591 1678 1668 solum,
1728 1590 2035 1672 quicquid
2082 1591 2457 1655 universalis

249 1695 559 1759 Ecclesiae
602 1697 703 1759 vel
749 1695 1070 1758 unitatem
1116 1694 1333 1772 violat,
1378 1693 1479 1757 vel
1526 1694 1805 1778 quietem
1854 1694 2173 1758 sollicitat.
2266 1695 2459 1760 Quod

249 1800 429 1864 enim
461 1800 651 1864 totius
678 1801 887 1878 tineae,
933 1799 1007 1860 id
1036 1805 1148 1877 est,
1179 1799 1498 1875 Ecclesiae,
1532 1798 1878 1860 custodiam
1922 1798 2002 1859 ab
2041 1799 2175 1879 ipso
2211 1799 2458 1861 Christo

251 1905 642 1967 commissam
672 1903 761 1966 ait
790 1902 1109 1983 Pontzflci,
1139 1902 1208 1964 id
1238 1910 1336 1965 est
1353 1902 1703 1982 primatum
1722 1927 1743 1963 :
1775 1901 1920 1964 vide
1951 1923 2145 1984 quam
2175 1901 2462 1966 Concilio

252 2006 717 2082 contraveniat,
750 2005 1185 2087 omniumque,
1221 2004 1330 2087 qui
1366 2003 1529 2067 inibi
1560 2009 1766 2082 erant,
1799 2004 2069 2067 Petrum
2100 2005 2458 2068 sententiae.

255 2109 553 2174 Quorum
593 2129 725 2196 una
758 2130 878 2172 vox
919 2115 1039 2185 est,
1072 2108 1272 2188 Siqua
1315 2113 1516 2168 essent
1560 2107 1856 2169 Romanae
1899 2108 2068 2170 sedis
2098 2109 2458 2189 privileyia,

253 2233 331 2275 ea
361 2213 460 2274 illi
514 2213 669 2294 (non
700 2232 738 2274 a
768 2211 1046 2289 Christo,
1091 2209 1469 2273 nesciebant
1507 2209 1633 2273 hoc
1664 2209 2238 2289 ChalcedonenseS,
2273 2211 2452 2294 quin)

254 2339 298 2380 a
337 2315 643 2378 Patribus
683 2335 970 2377 concessa
1010 2323 1213 2380 ,esse¹.·
1316 2313 1533 2378 Quare
1585 2320 1801 2376 autem
1847 2315 2199 2377 concessa?
2293 2314 2464 2379 Quia

256 2418 555 2484 Christus
578 2418 842 2497 dixerat,
871 2416 1006 2478 Tibi
1030 2416 1189 2479 dabo
1214 2416 1451 2495 Claves,
1473 2423 1606 2494 aut,
1631 2417 1834 2479 Pasce
1852 2417 2034 2479 oves?
2096 2417 2327 2495 Imm0,
2353 2413 2464 2479 διὰ

255 2519 331 2586 τὸ
350 2517 736 2600 βασιλεύειν
757 2518 872 2601 τὴν
892 2518 1093 2584 πόλιν
1115 2516 1359 2598 ἐκείνην
1379 2530 1428 2599 5,
1454 2520 1623 2602 quod
1641 2541 1714 2582 ea
1740 2526 1868 2582 tum
1897 2520 2045 2582 urbs
2066 2521 2242 2583 sedes
2258 2521 2461 2602 Reyia

254 2632 436 2703 esset,
469 2625 531 2688 vi
560 2625 725 2688 sedis
757 2623 997 2707 Regiae,
1043 2623 1305 2706 reliquis
1342 2623 1709 2706 imperaret.
1802 2623 1887 2685 In
1924 2644 2040 2686 sua
2069 2629 2286 2685 autem
2322 2624 2462 2706 jam

256 2735 581 2813 potestate
612 2749 766 2806 esse,
800 2749 879 2791 ex
910 2726 1134 2790 eadem
1174 2726 1444 2805 ratione,
1477 2746 1629 2789 cum
1660 2733 1726 2790 et
1768 2726 1974 2809 Regia
2008 2734 2153 2789 tum
2193 2725 2363 2805 sede,
2396 2735 2461 2789 et

263 2836 512 2898 Senatu
560 2832 874 2916 potiretur
922 2830 1515 2913 Constantinopolis
1541 2858 1569 2913 3,
1594 2913 1598 2917 .
1625 2829 1867 2913 pariter
1912 2836 1979 2892 et
2022 2850 2164 2892 eam
2210 2849 2463 2912 quoque

259 2937 345 3000 ad
387 2956 608 3020 parem
646 2935 1028 3017 dignitatem
1073 2934 1377 2998 evehere:
1426 2939 1492 2997 et
1532 2954 1682 2996 cum
1728 2933 1799 2995 in
1841 2933 2087 2995 caeteris
2129 2954 2245 3015 par
2275 2940 2461 3011 esset,

258 3040 331 3103 in
375 3038 567 3103 rebus
608 3038 910 3103 Ecclesiae
951 3037 1303 3120 parificare,
1336 3045 1402 3100 et
1454 3038 1552 3119 (ut
1581 3035 1793 3100 verbis
1838 3043 1988 3099 utar
2031 3036 2337 3120 ipsorum)
2379 3033 2463 3104 ὥς

259 3139 503 3219 ἐκείνην
529 3137 1060 3222 μεγαλύνεσθαιῑ.
1155 3139 1350 3205 Quod
1378 3139 1574 3203 habet
1606 3160 1759 3223 ergo
1791 3140 2016 3218 Roma,
2050 3139 2129 3202 de
2161 3138 2462 3222 primatu,

260 3268 302 3308 a
334 3245 637 3308 Patribus
680 3252 796 3322 est,
849 3265 982 3307 non
1033 3242 1112 3307 ab
1158 3244 1293 3324 ipso
1330 3244 1597 3321 Christe,
1641 3251 1706 3306 et
1749 3250 2011 3327 propter
2053 3243 2466 3324 Imperatoris

262 3350 500 3427 sedem,
554 3369 689 3411 non
727 3348 929 3410 Petri.
1024 3347 1237 3412 Quam
1268 3367 1420 3410 vero
1462 3353 1847 3430 potestatem
1893 3347 2117 3410 Patres
2158 3346 2229 3408 in
2268 3346 2468 3410 veteri

266 3454 478 3515 Roma
547 3450 636 3513 sic
694 3449 1072 3513 honoranda
1131 3458 1580 3528 exercuerunt,
1647 3471 1726 3512 ex
1799 3448 2024 3511 eadem
2083 3456 2149 3511 et
2208 3450 2465 3512 Novam

268 3556 544 3618 Romam
594 3552 677 3616 ad
714 3552 884 3637 paris
929 3550 1395 3635 magnitudinis
1435 3551 1640 3613 instar
1688 3551 2024 3628 extulisse3
2075 3551 2268 3632 longe
2316 3572 2468 3633 ergo

265 3658 487 3722 abesse
532 3678 572 3719 a
602 3657 756 3738 fide,
795 3655 905 3738 qui
936 3657 1292 3719 Primatum
1321 3654 1652 3735 Pontzficz's
1693 3654 1768 3715 de
1797 3652 1934 3733 fide
1975 3652 2174 3715 fuisse
2219 3652 2468 3730 asserit,

264 3763 364 3824 vel
411 3761 709 3842 reliyione
762 3759 1000 3840 Synodz'
1057 3758 1588 3821 Chalcedonensis.
1697 3757 1840 3819 Nee
1899 3754 2193 3817 alicunde
2251 3754 2469 3836 igitur,

265 3872 577 3945 tanquam
623 3883 659 3925 e
703 3860 1076 3945 veprecuIiS‚
1123 3860 1418 3924 extrahat
1465 3858 1680 3922 nescio
1712 3857 1884 3942 quid,
1936 3864 2128 3939 atque
2176 3857 2467 3933 arrodat3

274 3969 584 4030 Canonem
603 3965 750 4029 det:
791 3966 1116 4047 (Canones
1141 3965 1314 4027 enim
1327 3962 1598 4027 Concilii
1616 3984 1736 4026 vox
1767 3962 1965 4043 sunt,)
2000 3981 2133 4023 non
2163 3958 2473 4042 exstante

266 4071 591 4152 Epistolae,
621 4070 723 4133 vel
752 4067 991 4151 angulo
1022 4067 1269 4151 periodi
1298 4067 1535 4150 aliquo,
1579 4073 1692 4129 aut
1722 4065 1900 4129 tituli
1940 4070 2123 4149 parte
2154 4063 2338 4144 forte,
2372 4064 2475 4128 vel

265 4174 631 4257 fragmento
661 4171 986 4236 clausulae.

333 4382 358 4407 ¹
393 4374 566 4439 [Cone.
592 4373 784 4438 Chala]
809 4374 930 4424 Can.
948 4373 1133 4423 xxviii.
1155 4371 1333 4436 [Conc.-
1482 4380 1501 4402 ²
1537 4370 1710 4436 [Cone.
1735 4369 1931 4436 Chala]
1960 4369 2080 4422 Can.
2104 4371 2282 4421 xxviii.
2315 4369 2474 4434 [Ibid.

267 4439 730 4555 t01r11.1{)¹{h‹c3pss?70.
756 4439 849 4502 A.]
1424 4436 1505 4538 DJ

2479 773 2779 888 ffrivilegia

2524 854 2705 890 omano

2479 904 2738 970 Pontifici]

2569 1074 2690 1135 171

2488 2215 2539 2281 [a
2552 2213 2788 2265 Patribus

2487 2294 2733 2335 concessa,

2487 2344 2622 2408 quod
2643 2344 2764 2393 urbs

2486 2412 2617 2460 esset

2486 2472 2668 2539 regia]
