3165 4959
782 315 914 377 462
1405 327 1491 375 AD
1536 325 1920 374 cmmsms
1963 325 2361 374 emmaum

537 496 664 557 335
786 480 946 563 (ipsa
973 499 1105 544 non
1142 481 1488 561 Catholica)
1520 480 1781 563 penitus
1809 480 2147 563 ignoravit.
2211 478 2434 543 Habet
2463 498 2619 561 ergo
2645 486 2795 541 tota
2823 476 2995 560 quod

778 591 997 646 mente
1024 583 1212 666 petiit
1242 582 1625 646 cardinalis.
1697 583 2056 666 Requisivit
2090 583 2408 663 Major-um
2435 601 2691 644 suarm
2719 580 2993 662 vestigia

780 686 942 763 Rex,
976 686 1258 768 adeoque
1304 693 1455 748 ante
1487 707 1710 748 omnes
1742 685 2023 750 Donaldi
2040 711 2060 762 ;
2107 685 2191 748 ad
2229 705 2308 748 ea
2346 683 2560 761 rediit,
2594 683 2676 746 ad
2713 704 2812 760 ea,
2842 682 2991 745 reli-

782 809 963 870 quos,
998 809 1214 851 seeum
1253 794 1330 850 ut
1365 787 1652 865 redeant,
1683 787 1984 851 hortatur
2011 787 2252 851 sedulo,
2344 787 2483 850 Rex
2510 791 2667 849 v‘ero
2695 785 2851 848 talis
2881 807 2993 868 per

776 890 992 954 omnia
1033 891 1241 953 faetus
1287 898 1405 968 est,
1449 890 1657 973 qualis
1703 891 2037 954 Donaldus
2082 890 2348 972 primus,
2385 889 2606 972 quales
2649 896 2807 971 post
2859 889 2991 952 Do-

775 993 1043 1056 naldum
1072 1013 1188 1076 per
1214 993 1424 1056 multa
1453 993 1688 1056 saeeula
1718 994 1928 1076 Reges
1958 994 2413 1056 Anteeessores
2443 992 2564 1055 sui.
2659 991 2842 1054 Satis
2869 991 2993 1055 hoe

778 1097 1038 1179 quidem
1067 1104 1338 1174 constat,
1372 1118 1516 1179 quae
1547 1097 1686 1160 Rex
1713 1096 1808 1160 ibi
1849 1096 2079 1180 rejicit,
2111 1097 2339 1179 ignota
2378 1104 2524 1159 tum
2570 1095 2705 1159 illis
2749 1096 2991 1159 fuisse:

777 1200 1072 1283 quodque
1113 1200 1193 1263 ad
1232 1221 1325 1278 ea,
1359 1200 1412 1262 si
1443 1220 1665 1263 eorum
1697 1199 1843 1283 quis
1870 1221 2111 1263 nomen
2140 1199 2555 1275 nominasset,
2586 1200 2731 1283 ipso
2762 1199 2993 1262 statim

743 1382 756 1389 ·
778 1304 1005 1367 auditu
1034 1303 1531 1386 obstupuissent.

842 1448 977 1498 Satis
998 1449 1135 1497 enim
1157 1451 1357 1498 constat
1380 1447 1563 1497 Seotiae
1588 1445 1765 1511 Reges,
1782 1447 2027 1510 singulari
2053 1447 2149 1496 Dei
2171 1445 2525 1497 benedictione
2546 1460 2640 1509 per
2657 1459 2826 1494 annos
2847 1445 2992 1494 mine

903 1533 1152 1579 trecentos
1185 1529 1284 1579 sibi
1317 1529 1537 1578 invicem
1571 1528 1908 1587 smdentes,
1943 1528 2229 1578 Catholicae
2263 1527 2434 1587 fuisse,
2469 1540 2572 1576 uno
2602 1525 2800 1576 Jaeobo
2834 1562 2849 1575 .
2874 1564 2888 1576 .
2911 1541 2990 1575 ex·

904 1615 1049 1675 eepto
1051 1646 1223 1660 .....
1261 1610 1455 1672 optant
1486 1611 1664 1673 igitur,
1699 1609 1835 1675 quod
1868 1609 1933 1660 de
1972 1609 2179 1659 illorum
2217 1623 2418 1658 summa
2454 1608 2643 1670 pietate
2682 1611 2738 1656 et
2776 1608 2990 1656 ear-inte

903 1692 1118 1741 fidenter
1149 1706 1416 1756 praesumo,
1444 1706 1620 1741 omnes
1652 1690 1901 1741 Catholici
1938 1690 2100 1753 Reges
2136 1694 2190 1740 et
2226 1690 2488 1753 Principes
2510 1727 2522 1738 .
2547 1725 2561 1737 .
2585 1725 2599 1737 .
2626 1725 2658 1747 .,
2681 1693 2744 1737 ut
2764 1688 2988 1739 Jaeobus

905 1772 1014 1823 Rex
1045 1773 1318 1837 aliquando
1351 1775 1603 1837 majorum
1637 1787 1841 1822 suorum
1863 1774 2082 1835 vestigia
2113 1772 2354 1835 requirat,
2375 1777 2528 1834 etque
2558 1769 2625 1819 ad
2659 1784 2723 1820 en.
2767 1770 2987 1828 rediens,

903 1854 1066 1917 iisque
1094 1855 1348 1912 insistens,
1369 1856 1445 1905 ita
1465 1856 1608 1904 vivat
1631 1859 1685 1904 et
1706 1858 1886 1916 regnet
1906 1855 1964 1903 in
1984 1854 2225 1918 praesenti
2247 1853 2448 1913 seculo,
2469 1856 2532 1901 ut
2550 1852 2713 1901 etism
2735 1852 2795 1901 in
2817 1852 2986 1901 futuro

904 1948 1006 1985 uua
1025 1950 1142 1984 eum
1163 1937 1287 1999 ipsis
1320 1937 1377 1985 in
1409 1940 1659 1986 aeternum
1683 1937 1851 1986 vivere
1884 1940 2035 1999 atque
2070 1950 2278 1998 regnare
2312 1932 2813 1996 mereatum—[Bell.
2838 1934 2984 1997 Apol.

904 2029 995 2078 pro
1018 2016 1187 2079 Resp.]
1221 2032 1269 2079 p.
1295 2019 1407 2065 189.
1442 2017 1576 2081 [Op.‚
1612 2021 1737 2067 tom.
1760 2018 1849 2067 vii.
1885 2018 1998 2067 coll.
2024 2020 2137 2068 810.
2157 2016 2219 2066 D.
2244 2018 2355 2067 811.
2370 2014 2458 2080 A.]

451 2138 618 2264 ᾖξε
866 2131 1028 2196 Quae
1071 2132 1213 2195 illos
1248 2140 1390 2194 tum
1426 2132 1635 2196 fecere
1672 2135 2044 2212 catholicos,
2076 2156 2153 2197 ea
2198 2134 2337 2197 Rex
2380 2131 2462 2195 ad
2505 2154 2715 2194 unum
2758 2132 2983 2209 eredit,

449 2267 566 2316 dem
583 2216 751 2316 &zum
777 2239 842 2295 et
885 2234 1227 2296 confitetur
1272 2235 1528 2298 omnia:
1576 2243 1802 2318 estque
1847 2237 2087 2299 Primis
2130 2236 2258 2298 illis
2303 2234 2528 2311 multe,
2574 2255 2769 2316 quam
2813 2236 2986 2296 Avus

447 2332 739 2459 ζὲῗξξξῖίΐθ
778 2337 1151 2416 Proavusve,
1199 2337 1483 2401 similior.
1581 2340 1758 2402 Satis
1801 2341 1963 2402 enim
2010 2345 2271 2416 constat,
2305 2339 2549 2416 Scotioe,
2597 2359 2722 2401 nee
2759 2339 2985 2401 Scotiae

778 2439 990 2519 mode,
1052 2439 1163 2503 sed
1220 2440 1500 2524 reliquos
1567 2441 1766 2505 etiam
1827 2442 2036 2526 Reges
2096 2442 2506 2519 Christianos,
2566 2461 2682 2524 per
2740 2440 2985 2524 aliquot

779 2543 1027 2621 saeeula,
1073 2543 1194 2606 sibi
1244 2545 1504 2606 invicem
1552 2545 1964 2622 succedentes,
2007 2546 2319 2626 sinqulari
2361 2545 2486 2606 Dei
2537 2543 2983 2621 benedictione,

781 2645 1019 2729 absque
1063 2647 1207 2710 istis
1259 2669 1467 2731 nuper
1507 2647 1738 2730 (multo
1788 2649 2050 2734 quidem
2100 2649 2269 2731 post)
2318 2647 2598 2710 inventis
2633 2648 2986 2710 Catholicos

778 2748 1016 2812 fuisse:
1064 2750 1265 2813 donee
1309 2750 1572 2814 tandem
1626 2751 1870 2833 (multis
1914 2758 2134 2814 tamen
2180 2750 2714 2814 interlabentibus
2767 2751 2978 2832 annis)

777 2851 1181 2934 exigentibus
1216 2853 1283 2916 id
1322 2854 1600 2936 peccatis
1632 2854 2163 2932 Christianorum,
2196 2861 2335 2916 astu
2367 2854 2716 2935 Pontificis,
2747 2856 2983 2916 novitia

778 2953 904 3016 ista
964 2955 1419 3037 superinducta
1476 2977 1602 3038 per
1659 2962 1996 3038 temporum
2053 2957 2368 3037 injuriam,
2428 2962 2489 3018 et
2541 2956 2986 3018 dormientibus

778 3057 1123 3119 hominibus
1151 3061 1694 3138 maperseminataff
1725 3066 1916 3142 atque
1957 3059 2050 3121 ita
2092 3080 2131 3120 a
2176 3059 2279 3121 via
2325 3060 2631 3140 maJ'orum
2666 3059 2983 3122 deflexum

778 3165 896 3220 est.
989 3158 1202 3223 Quam
1254 3160 1325 3222 in
1372 3161 1541 3223 viam
1589 3170 1928 3245 postquam
1975 3162 2112 3246 jam
2161 3161 2353 3224 rediit
2400 3162 2538 3225 Rex
2556 3188 2576 3239 ;
2642 3183 2863 3225 secum
2912 3169 2986 3224 ut

776 3259 1060 3338 redeant,
1108 3261 1388 3344 reliquos
1434 3263 1687 3327 invitat.
1779 3265 2045 3342 Curent‚
2094 3263 2263 3346 quod
2313 3263 2393 3327 ab
2437 3263 2629 3328 initio
2671 3265 2820 3343 fuit,
2872 3287 2984 3327 an-

777 3359 1067 3425 nuntiari
1113 3364 1272 3427 sibi:
1324 3365 1402 3427 ab
1444 3367 1627 3429 initio
1674 3368 1849 3429 enim
1896 3388 2018 3430 non
2051 3365 2319 3448 suerunt
2351 3369 2491 3445 sic,¹
2532 3389 2675 3451 quae
2723 3391 2761 3431 a
2810 3370 2985 3451 Rege

777 3466 1166 3550 reliquisque
1210 3476 1494 3532 correcta
1539 3470 1990 3534 reformantur.
2080 3472 2297 3553 Atque
2342 3471 2422 3535 de
2466 3473 2593 3534 Avi
2631 3472 2987 3553 Proaviqne

777 3590 1017 3632 summa
1052 3572 1296 3652 pietate
1325 3577 1386 3633 et
1426 3574 1693 3635 caritate
1730 3573 2007 3653 fidenter
2035 3576 2383 3655 praesumit,
2418 3575 2491 3653 si,
2525 3596 2666 3659 quae
2712 3574 2808 3637 illi
2847 3577 2982 3658 jam

779 3684 1110 3757 perspecta
1149 3682 1321 3753 sunt,
1353 3675 1626 3740 fuissent
1670 3683 1736 3739 et
1777 3677 1880 3753 iis,
1912 3676 2117 3740 ituros
2154 3697 2371 3741 seeum
2412 3677 2482 3739 in
2522 3678 2794 3741 eandem
2842 3701 2985 3742 sen-

777 3777 1072 3855 tentiam,
1123 3785 1314 3860 atque
1366 3779 1574 3841 eodem
1620 3781 1867 3860 spiritu,
1920 3779 2278 3863 iisdemque
2329 3782 2608 3863 vestiqiie
2658 3783 2989 3845 instituros

763 3878 1021 3962 fuis-‘ie¹²
1111 3880 1450 3964 Quamque
1480 3881 1559 3945 de
1589 3882 1929 3963 majoribus
1958 3884 2090 3945 suis
2125 3883 2202 3964 (si
2247 3882 2316 3945 in
2362 3883 2517 3946 vivis
2557 3883 2696 3966 jam
2743 3888 2982 3964 essent)

780 3983 904 4047 sibi
951 3982 1304 4065 pollicetur,
1360 3982 1438 4046 de
1490 3983 1569 4045 iis
1626 3984 1759 4066 (qui
1798 3985 1935 4069 jam
1985 3985 2160 4067 sunt)
2212 3985 2564 4064 FratribuS,
2603 3986 2987 4071 Con-sangui-

780 4088 1029 4168 neisque
1069 4085 1201 4148 suis
1231 4086 1621 4164 Menarchi&
1659 4095 1851 4170 atque
1882 4089 2283 4169 Principibus
2313 4110 2490 4172 spem
2518 4111 2652 4153 non
2684 4090 2986 4175 deponit:

793 4189 1116 4273 (quiequid
1167 4188 1273 4252 hie
1312 4188 1568 4251 offutiat
1610 4190 1995 4274 Cardinalis)
2035 4213 2257 4255 verum
2307 4193 2503 4275 eupit,
2546 4199 2740 4275 atque
2794 4195 2985 4258 etiam

784 4300 984 4377 optat,
1017 4301 1083 4356 et
1113 4293 1326 4356 Deum
1359 4300 1718 4371 veneratur,
1750 4301 1825 4356 ut
1856 4295 2021 4359 serio
2066 4295 2144 4358 de
2186 4297 2267 4359 iis
2299 4296 2600 4379 cogitent,
2633 4307 2988 4383 curentque

849 4447 870 4477 ’
906 4446 1066 4569 {Confi
1094 4446 1542 4522 matth-xiiia&
1992 4459 2011 4480 ⁸
2047 4450 2214 4513 [Cous.
2241 4454 2269 4499 2
2295 4451 2405 4500 Cor.
2428 4452 2516 4500 xii.
2545 4450 2643 4514 18.]

851 4510 869 4531 ’
939 4510 1078 4557 Cous.
1105 4510 1227 4557 ibid.
1255 4525 1360 4557 xlx.
1385 4510 1451 4572 8.]
