3165 4959
932 350 1298 399 stomoma
1343 351 1710 401 ΒΕΒΡοΝεΙο.
2310 341 2436 403 139

218 509 487 585 videtur,
520 528 714 590 quam
750 506 889 570 haec
932 528 1082 571 vero
1122 508 1420 590 lanquida
1441 514 1467 570 !
1553 508 1834 573 Videtur
1865 510 2123 594 quidem
2168 514 2438 575 retinere

221 633 352 674 non
381 632 569 694 posse
594 611 943 692 paritatem
972 631 1175 688 suam,
1208 609 1465 674 videtur
1503 617 1725 675 tamen
1764 633 1908 676 eam
1952 613 2232 678 libenter
2260 616 2434 679 nolle

222 715 559 776 dimittere.
647 713 737 776 Et
787 713 913 776 hoc
960 733 1154 796 quam
1206 733 1341 777 non
1385 713 1713 799 sapientiS‚
1768 715 2080 782 dimittere
2122 716 2190 781 id
2237 718 2432 797 nolle,

221 816 396 900 quod
425 836 707 899 nequeas
735 816 1003 878 retinere
1020 816 1054 878 ?

285 952 435 1010 Quod
455 951 601 1002 addit
618 951 741 1012 Rex,
759 950 1050 1002 Cardinsles
1072 951 1388 1015 presbyteros
1409 956 1461 1003 et
1475 952 1724 1003 Diaconos
1743 954 2016 1018 aliquando
2039 955 2260 1007 minores
2282 957 2435 1008 fuisso

352 1035 620 1099 Episcopis
641 1049 745 1085 non
768 1034 1132 1092 Cardinalibm,
1155 1049 1329 1085 verum
1358 1040 1444 1087 est.
1484 1073 1496 1084 .
1532 1071 1545 1085 .
1579 1072 1595 1086 .
1631 1036 1761 1094 Quis
1781 1039 1881 1101 ipsi
1903 1053 2100 1103 qnoque
2123 1039 2186 1089 ad
2211 1039 2435 1091 Consilia

352 1117 582 1166 Romans
603 1117 923 1177 vocabantur,
944 1121 997 1166 et
1017 1117 1264 1167 nobiliore
1285 1118 1393 1168 loco
1416 1117 1673 1177 sedebant,
1697 1133 1848 1180 quam
1872 1119 2155 1181 Presbyteri
2180 1125 2232 1170 et
2255 1120 2430 1170 Diaco-

355 1199 411 1247 ni
436 1197 742 1258 cardinales,
765 1198 888 1247 olim
912 1198 1065 1247 etism
1088 1197 1152 1247 sd
1175 1198 1473 1248 electionem
1497 1198 1763 1248 Pontificis
1797 1199 2433 1264 admittebantur.—[Bell.

354 1279 504 1342 Apol.
528 1293 620 1342 pro
640 1277 809 1342 Resp]
833 1294 881 1342 p.
904 1281 982 1329 39.
1008 1278 1122 1344 [Op.
1128 1315 1143 1339 ,
1165 1283 1289 1328 tom.
1306 1279 1397 1328 vii.
1419 1279 1513 1328 col.
1538 1280 1567 1330 7
1572 1281 1651 1328 26.
1676 1278 1760 1343 D.]

311 1387 547 1470 Neque
591 1385 660 1448 id
702 1385 795 1449 ibi
840 1384 1031 1449 modo
1076 1384 1238 1448 dixit
1284 1386 1443 1463 Rex,
1478 1385 1853 1450 Cardinales
1897 1385 2332 1470 Presbyteros,
2366 1395 2431 1452 et
2459 1398 2677 1463 [Episee

223 1490 569 1566 Diaconos,
610 1488 892 1551 minores
923 1486 1268 1570 aliquando
1310 1487 1507 1551 fuisse
1536 1488 1874 1572 Episcopis
1933 1511 2067 1552 non
2115 1487 2428 1554 Cardina-
2459 1464 2707 1578 fflffiiffi{i

220 1594 431 1656 libus:
477 1591 589 1656 sed
618 1613 695 1655 ex
728 1590 972 1656 Christi
1001 1598 1220 1655 mente
1244 1598 1309 1654 et
1328 1592 1790 1674 Apostolorum
1820 1591 2235 1657 institutione
2265 1594 2426 1677 ipsa,
2457 1593 2558 1706 Ιέῐῐῑ
2584 1594 2720 1642 Pres-

222 1697 543 1760 minorem
590 1694 1019 1758 Diaconatum
1056 1693 1552 1777 presbyteratu:
1600 1701 1950 1777 utrumque
1980 1701 2199 1760 autem
2242 1697 2428 1780 Epis·
2455 1663 2691 1772 ,ᾆξῖἓω

222 1806 482 1882 copatu.
570 1797 715 1861 Nec
753 1795 961 1859 ullum
990 1796 1095 1859 hic
1124 1816 1301 1858 usum
1332 1797 1606 1859 obtinere
1633 1817 1840 1879 posse,
1871 1819 1992 1862 nec
2027 1798 2192 1862 ullos
2222 1800 2429 1862 Jun’s·
2454 1787 2599 1850 gium
2621 1787 2740 1850 ⁰⁸¹4

224 1902 538 1964 consultos
564 1897 985 1977 intercedere,
1019 1920 1145 1982 quo
1174 1898 1409 1977 minus,
1447 1920 1605 1982 quos
1633 1899 1932 1964 Christus
1962 1901 2183 1981 voluit,
2211 1903 2427 1986 jussit,

223 2003 559 2068 inferiores
590 2023 747 2081 esse,
788 2000 1122 2065 inferiores
1167 2007 1234 2065 et
1266 2002 1415 2080 sint,
1446 2010 1513 2065 et
1543 2003 1926 2067 habeantur.
2018 2005 2115 2068 Ut
2146 2026 2224 2068 ex
2254 2026 2429 2088 pres-

222 2108 456 2192 bytero
501 2107 645 2190 quis
696 2106 903 2187 (adde,
937 2106 990 2168 si
1033 2106 1225 2183 voles,
1259 2113 1326 2170 et
1370 2106 1735 2188 cardinale)
1787 2107 2139 2190 Episcopus
2185 2109 2317 2187 fiat,
2363 2107 2433 2171 id

221 2233 376 2276 vero
404 2211 712 2276 Ecclesiae
738 2209 992 2293 legibus
1024 2218 1561 2273 consentaneum:
1609 2217 1686 2273 ut
1717 2217 1934 2274 autern
1966 2232 2046 2273 ex
2092 2211 2431 2295 Episcop0‚

222 2315 562 2399 presbyter
592 2315 693 2377 vel
741 2312 1121 2389 CardinaliS,
1153 2311 1284 2375 vim
1325 2312 1393 2375 in
1431 2334 1507 2377 eo
1550 2313 1692 2376 fieri
1738 2313 1969 2377 divinae
2012 2312 2432 2391 institutioni,

225 2419 464 2504 gradus
492 2418 792 2502 perverti,
825 2416 1117 2481 ordinem
1150 2416 1480 2495 confundi,
1513 2425 1580 2481 et
1620 2437 1771 2481 cum
1811 2416 2111 2482 Patribus
2140 2418 2210 2482 in
2241 2418 2434 2482 Chal-

223 2522 574 2586 cedonensi
622 2520 930 2599 Concili0,
962 2520 1351 2604 Episcopum
1381 2521 1451 2583 in
1480 2519 1842 2604 presbyteri
1882 2521 2151 2603 gradum
2182 2521 2435 2600 deduci,

223 2625 293 2688 id
321 2647 473 2689 vero
501 2626 896 2705 saerilegium
923 2622 941 2664 ¹
971 2644 1128 2686 esse.
1223 2623 1351 2686 Sed
1382 2621 1472 2686 sic
1501 2631 1722 2685 tamen
1762 2624 2054 2703 sacrilegi
2085 2630 2240 2685 sunt
2270 2624 2438 2686 Pon-

222 2728 451 2807 tifices,
505 2728 643 2810 jam
700 2727 851 2790 inde
915 2725 994 2789 ab
1041 2747 1117 2790 eo
1161 2732 1449 2808 tempore
1495 2746 1620 2807 quo
1666 2724 2006 2806 depressus
2059 2725 2436 2807 Imperator,

224 2838 422 2913 atque
468 2829 667 2912 ipsius
711 2828 1008 2893 manibus
1038 2835 1259 2911 erepta
1297 2833 1607 2911 potestas,
1645 2832 1788 2888 tum
1823 2826 2112 2890 Concilio.
2141 2827 2436 2908 cogendi,

223 2941 368 2996 tum
402 2934 746 2997 Pontifices
777 2931 1075 3015 eligendi.
1124 2931 1379 2997 Quibus
1407 2950 1557 2993 vero
1579 2930 1692 3012 jus
1724 2928 1900 3007 olim,
1931 2935 2007 2991 ut
2037 2930 2127 2991 ad
2158 2930 2440 2992 Concilia

222 3042 617 3112 vocarentur,
660 3043 737 3098 ut
768 3036 899 3098 loco
930 3035 1220 3097 nobiliori
1248 3034 1551 3111 sederent,
1582 3038 1658 3095 ut
1706 3032 1795 3095 ad
1833 3033 2187 3096 electionem
2217 3033 2440 3096 Ponti-

208 3140 362 3220 ficis
391 3140 888 3215 admitterentur,
913 3135 1143 3220 ecquid
1173 3157 1250 3200 ex
1269 3136 1589 3217 Apo-stola,
1622 3155 1701 3198 ex
1725 3135 2047 3213 Patribus,
2072 3156 2152 3199 ex
2182 3136 2439 3217 antiquo

224 3250 291 3306 et
322 3263 475 3305 vero
518 3241 836 3306 Ecclesiae‘
849 3242 1004 3322 jure
1051 3238 1262 3303 afferri
1309 3244 1542 3322 potest,
1576 3259 1692 3301 cur
1720 3238 1844 3301 hoc
1855 3240 2008 3321 jure
2037 3237 2289 3320 privari,
2323 3259 2440 3301 cur

226 3345 309 3408 ed
340 3343 502 3407 illud
531 3344 741 3427 primo
770 3363 1024 3426 quoque
1068 3348 1358 3424 tempore
1399 3340 1657 3403 restitui
1694 3362 1828 3404 non
1872 3340 2201 3405 debeant?
2293 3342 2438 3404 Nec

222 3449 291 3512 id
321 3449 582 3526 mirum,
615 3469 730 3511 cur
760 3469 907 3511 cum
943 3448 1063 3510 soli
1098 3447 1238 3529 jam
1269 3445 1422 3522 sint,
1455 3443 1579 3508 sibi
1607 3444 1731 3508 hoc
1761 3451 2131 3522 assumant,
2178 3444 2290 3507 sed
2321 3464 2438 3507 cur

225 3555 350 3616 soli
403 3572 545 3616 esse
594 3550 890 3629 debeant,
932 3559 1009 3614 ut
1060 3549 1183 3612 hoc
1227 3548 1474 3632 possint
1519 3567 1863 3611 assumere.
1956 3548 2091 3611 Cur
2119 3568 2268 3610 vero
2296 3547 2435 3630 jam
2523 3540 2678 3604 ·107

225 3658 465 3719 daret?
552 3655 740 3717 Nihil
779 3656 940 3717 enim
993 3654 1340 3735 diynitatis,
1390 3658 1498 3714 aut
1533 3650 2036 3731 proeeminentioe,
2091 3650 2438 3730 antiquitus

224 3763 517 3842 cuiqteam
545 3758 758 3837 dabat,
789 3778 921 3821 esee
957 3758 1355 3820 Cardinalem
1372 3765 1434 3819 ¹¹¹.

288 3904 473 3968 Neque
497 3904 625 3967 [leg.
647 3902 780 3966 non]
820 3907 991 3952 tamen
1024 3906 1103 3953 est
1133 3915 1324 3960 verum,
1350 3898 1486 3963 qnod
1520 3897 1616 3949 hoc
1649 3897 1759 3946 loco
1792 3895 1972 3945 scribit
1993 3893 2118 3954 Rex,
2142 3893 2440 3945 Cardimles

353 3999 472 4034 eum
506 3984 750 4034 Pontifice
782 3983 927 4046 fungi
961 3983 1069 4032 vice
1093 3981 1435 4031 Conciliorum
1468 3978 1801 4043 generalium,
1824 3981 1877 4027 et
1914 3976 2029 4026 ideo
2061 3990 2208 4024 usum
2239 3989 2441 4038 genera-

352 4067 484 4115 lium
522 4065 867 4116 Consiliorum
905 4065 1111 4128 penitus
1154 4062 1445 4113 exolevisse.
1515 4061 1653 4111 Nam
1687 4075 1750 4110 ex
1784 4074 1883 4122 quo
1916 4062 2143 4121 tempore
2177 4060 2442 4121 coeperunt

357 4146 649 4196 Csrdinsles
671 4161 731 4196 en
752 4146 1033 4196 eminentia
1054 4144 1315 4204 excellere,
1340 4157 1439 4206 qus
1460 4157 1596 4192 nunc
1619 4141 1891 4202 excellunt,
1913 4139 2092 4190 habits
2124 4141 2244 4187 sunt
2277 4137 2442 4187 multa

357 4227 587 4277 Concilio.
608 4226 890 4289 Generalis,
914 4228 1012 4276 tria
1037 4225 1409 4284 Latersnensia,
1432 4224 1533 4273 duo
1556 4222 1931 4286 Lugdunensis,
1957 4233 2117 4270 unum
2137 4218 2440 4276 Viennense,

287 4431 303 4465 ¹
350 4432 528 4497 [Cone.
567 4431 771 4528 Chele]-
804 4432 930 4483 Csn.
968 4433 1110 4481 xxix.
1159 4429 1296 4496 [vide
1383 4433 1437 4480 et
1470 4429 1642 4506 Disco.
1702 4426 1935 4490 Cardia]
1972 4442 2021 4490 p.
2046 4428 2125 4477 30.
2161 4426 2233 4491 [p.
2263 4428 2342 4476 66.
2377 4423 2444 4475 ad

222 4500 602 4626 ‘ugmbti'nggis
626 4496 908 4626 ῗῗξὲιιέὶι]
942 4561 1005 4610 de
1032 4561 1171 4626 Epis.
1196 4560 1296 4611 Tit.
1384 4495 1504 4545 mle-
1528 4493 1664 4557 Epa·
1764 4507 1832 4542 m.
1853 4492 2028 4556 Poma]
