3165 4959
909 339 1274 388 stomoma
1316 340 1680 388 nnsroNsm.
2267 325 2392 385 445

180 515 331 578 quae
371 494 755 579 jamdudum
800 494 1006 558 nihilo
1050 495 1255 577 magis
1296 494 1451 558 facit
1499 494 1818 572 Pontifex,
1864 515 2057 578 quam
2090 493 2396 575 Princeps

183 597 396 682 quivis
430 597 783 661 Saecularis.

250 732 487 795 Apostoli
511 768 524 782 .
548 767 560 780 .
583 732 721 781 Petri
744 732 1056 783 Suecessores
1078 769 1091 781 .
1115 768 1128 781 .
1155 768 1168 782 .
1195 731 1467 782 Pontifices
1488 746 1611 793 esse,
1634 732 1818 783 docent
1838 730 2182 794 antiquissimi
2206 730 2395 780 Patres.

320 812 546 877 —[Bell.
568 813 716 876 Apol.
740 827 833 877 pro
855 812 1023 878 Resp.]
1058 827 1106 877 p.
1132 815 1241 863 183.
1279 813 1411 878 [Op.,
1445 817 1568 863 tom.
1586 814 1674 864 vii.
1696 814 1787 864 eol.
1807 814 1917 865 807.
1938 812 2015 877 Β.]

277 911 412 977 Qui
455 912 637 974 Petri
677 912 966 993 Apostoli
1009 913 1262 996 proprie
1305 913 1639 976 Successor
1681 913 1809 976 dici
1856 914 2012 991 vult,
2058 912 2396 993 Apostolus
2420 919 2676 985 [Episcopi

179 1014 270 1077 sit
302 1022 572 1096 oportet.
643 1016 975 1091 Successor
1003 1015 1177 1078 enim
1204 1016 1493 1097 Apostoli
1522 1018 1877 1098 Apostolus,
1900 1037 2034 1078 non
2064 1014 2391 1095 Pontifex.-
2418 986 2727 1099 ζξῖζωζρω

179 1125 254 1180 et
309 1116 640 1197 Pontificis
697 1117 1014 1198 Pontifex,
1074 1139 1208 1181 non
1265 1118 1621 1199 Apostolus.
1722 1118 1997 1183 Differre
2048 1117 2221 1181 enim
2270 1117 2398 1179 ista
2420 1129 2604 1165 ⁸⁰00&-

181 1220 363 1282 inter
408 1240 494 1297 se,
544 1219 613 1282 id
656 1229 1038 1302 argumento
1083 1228 1217 1300 est3
1268 1222 1459 1305 quod,
1509 1228 1660 1285 ante
1708 1220 2223 1286 consecrationis
2267 1242 2398 1283 suae
2422 1179 2592 1244 mm]

181 1322 497 1401 solennia,
529 1322 600 1384 in
629 1322 831 1386 literis
850 1325 1087 1386 Datum
1117 1326 1390 1406 apponit,
1421 1325 1691 1406 suscepti
1721 1346 1761 1386 a
1790 1324 1966 1387 nobis
1992 1324 2400 1404 Apostolatus

181 1427 380 1511 officii
431 1446 591 1488 anno
626 1427 837 1507 primo
854 1425 913 1489 ¹¹:
976 1436 1121 1510 post
1169 1427 1458 1490 solennia
1501 1449 1671 1506 vero,
1735 1428 2150 1510 Pontificatus
2200 1426 2400 1487 nostri

183 1549 355 1592 anno
373 1530 605 1610 primo.
654 1529 777 1607 Ita,
800 1528 1092 1593 absorbet
1122 1531 1559 1611 Apostolatum
1579 1529 2016 1612 Pontificatus.
2062 1530 2403 1611 Apostolus

184 1641 311 1710 est,
360 1632 654 1695 nondum
697 1640 1000 1711 sacratuS,
1039 1640 1105 1697 et
1149 1633 1326 1696 brevi
1370 1640 1659 1716 tempore
1689 1633 2070 1715 Apostolus;
2118 1640 2403 1696 sacratus

184 1756 362 1811 vero,
394 1733 711 1815 Pontifeoe,
742 1735 935 1818 idque
964 1736 1035 1797 in
1062 1742 1461 1819 perpetuum.
1519 1736 1723 1802 Quasi
1753 1737 2160 1817 Apostolatus
2187 1736 2403 1798 minus

184 1839 498 1922 quiddam
529 1839 631 1917 sit,
665 1860 858 1922 quam
887 1838 1322 1919 Pontificatus.
1392 1840 1548 1903 Non
1578 1839 1753 1902 enim
1782 1840 1853 1901 in
1881 1840 2064 1923 pejus
2092 1838 2399 1922 procedit,

185 1943 293 2024 (ut
325 1942 656 2025 speratur,)
697 1942 806 2005 sed
852 1942 932 2006 de
973 1941 1145 2005 bono
1188 1943 1259 2004 in
1303 1943 1566 2007 melius:
1613 1964 1734 2007 nec
1772 1944 2034 2025 proprie
2076 1944 2403 2006 succedere

187 2046 408 2121 Petro,
440 2049 510 2106 ut
539 2045 838 2125 Apostolo
857 2042 890 2123 ¹,
923 2043 1085 2107 dixit
1116 2044 1351 2107 alicubi
1380 2045 1738 2109 Cardinalis
1767 2045 1920 2128 ipse.
1981 2045 2161 2117 Quod
2187 2053 2401 2108 autem

187 2168 317 2210 non
347 2148 582 2211 dicitur
607 2148 734 2209 nisi
762 2148 1116 2229 improprie,
1148 2149 1514 2230 simpliciter
1542 2150 1761 2231 negari
1788 2147 2052 2230 potestk.

286 2252 521 2313 Patres
547 2271 697 2313 vero
725 2249 823 2312 illi
854 2252 1290 2332 antiquissimi,
1324 2252 1403 2315 de
1433 2251 1735 2315 inchoata
1762 2252 1854 2316 ibi
1882 2274 1997 2336 per
2024 2253 2309 2330 Petrum,
2330 2252 2401 2314 in

189 2353 384 2432 Lino,
416 2353 517 2416 vel
548 2353 901 2431 Clemente,
940 2354 1142 2435 (nutat
1173 2353 1346 2416 enim
1376 2354 1454 2417 de
1485 2376 1560 2417 eo
1590 2355 1852 2417 mundus
1868 2353 1903 2437 ¹)
1944 2353 2401 2437 Episcoporum

189 2458 379 2537 serie,
411 2456 605 2521 verba
653 2457 939 2521 faciunt:
993 2458 1189 2542 (quod
1239 2457 1406 2522 nihil
1457 2457 1537 2522 ad
1580 2479 1716 2522 rem
1765 2457 2144 2536 Cardinalis,
2192 2436 2401 2540 neque

189 2569 507 2645 negatum
538 2582 576 2624 a
603 2561 838 2644 nobis).
880 2561 1295 2642 Pontificatus
1323 2561 1456 2645 ipse
1478 2562 1857 2643 Apostolatu
1878 2562 2102 2645 major,
2127 2581 2401 2644 eumque

187 2665 379 2749 quasi
408 2664 728 2727 lamellam
756 2665 827 2726 in
858 2685 1025 2748 caepe
1057 2665 1501 2748 complectens,
1525 2664 1787 2748 ignotus
1815 2665 1963 2728 illis.
2035 2663 2165 2727 Sed
2192 2685 2401 2746 neque

192 2770 604 2832 successores
633 2768 1089 2851 Apostolorum
1133 2769 1582 2852 agnoscebant,
1615 2775 2038 2852 praeterquam
2083 2767 2402 2849 quomodo

187 2871 495 2955 Episcopi
544 2892 658 2954 per
701 2871 943 2935 Orbem
993 2879 1312 2935 terrarum
1363 2893 1586 2934 omnes
1636 2871 1963 2954 Apostolis
2014 2869 2398 2934 succedunt:

187 2974 534 3038 intervallo
576 2975 792 3057 longo,
824 2975 1070 3038 minore
1111 2975 1319 3038 multo
1355 2982 1420 3037 et
1465 2974 1688 3058 gradu,
1735 2980 1801 3037 et
1845 2980 2177 3057 potestate.
2271 2971 2403 3038 Qui

189 3088 260 3142 et
293 3078 417 3161 ipsi
450 3078 702 3140 Summi
731 3077 1074 3141 Pontifices
1105 3085 1258 3141 sunt
1284 3103 1297 3140 :
1361 3078 1656 3144 Quorum
1699 3084 1765 3141 et
1804 3099 2038 3140 munus
2066 3077 2402 3158 Apostolu-

190 3187 297 3244 tus
327 3188 426 3243 est
456 3180 626 3263 apud
654 3181 896 3244 Patres.

258 3315 452 3368 Videat
473 3353 485 3366 .
510 3353 522 3365 .
548 3314 673 3378 Rex,
690 3315 814 3365 dum
832 3316 1091 3381 Principes
1114 3316 1414 3380 temporales
1435 3316 1620 3366 liberos
1640 3316 1799 3367 facere
1823 3317 2008 3367 nititur
2028 3316 2092 3367 ab
2114 3315 2402 3365 obedientia

327 3399 593 3448 Pastorum
626 3397 878 3459 Ecclesiae,
913 3413 970 3448 ac
1013 3413 1163 3462 super
1199 3399 1362 3463 ipsam
1403 3398 1679 3448 Ecclesiam
1719 3400 2038 3458 constituere,
2078 3412 2141 3447 ne
2178 3398 2403 3460 captivos

326 3479 530 3529 Diaboli
568 3479 733 3540 faciat,
772 3484 825 3529 et
856 3480 920 3529 ab
955 3479 1175 3531 Ecclesia
1214 3479 1690 3545 excludaa—[Bell.
1716 3480 1866 3543 Apol.
1890 3495 1982 3544 pro
2007 3477 2175 3542 Resp.]
2213 3493 2261 3542 p.
2289 3480 2400 3527 183.

330 3561 468 3626 [Op.,
502 3565 622 3611 tom.
642 3561 727 3610 vii.
751 3562 843 3611 col.
867 3563 977 3614 807.
1001 3561 1083 3625 C.]

295 3659 520 3722 Videat
576 3680 723 3741 erqo
776 3657 1095 3739 Pontifex,
1158 3657 1314 3720 dum
1373 3655 1632 3719 liberum
1688 3676 1754 3718 se
1796 3653 2019 3735 facere
2080 3656 2307 3718 nititur
2360 3677 2398 3718 α
2430 3673 2559 3737 [Rex
2584 3689 2685 3723 non

189 3762 568 3844 subjectione
612 3763 838 3825 divinoe
873 3761 1308 3838 ordinationis,
1347 3760 1450 3842 (de
1494 3779 1621 3841 qua
1661 3765 1800 3821 tam
1828 3757 2061 3821 diserte
2092 3759 2320 3821 Petrus
2338 3769 2398 3837 ¹¹¹,
2424 3739 2684 3865 {ffiffluf‘}

191 3875 392 3949 atque
451 3864 608 3929 adeo
666 3865 904 3928 Paulus
921 3874 950 3903 ¹²
997 3864 1437 3944 monuerunt,)
1491 3882 1568 3924 ac
1618 3882 1823 3943 super,
1877 3882 2001 3923 non
2050 3862 2401 3924 Ecclesiam

190 3970 398 4044 modo,
430 3969 543 4031 sed
568 3969 787 4051 Reyna
819 3988 1053 4050 quoque
1081 3967 1294 4030 mundi
1321 3987 1388 4029 se
1417 3966 1829 4038 constituere;
1881 3986 1957 4029 ne
1985 3965 2308 4047 Captivum
2338 3986 2403 4028 se

280 4151 304 4183 ⁸
359 4151 723 4202 Coeremoniale
787 4153 847 4217 [i.
884 4168 928 4203 e.
996 4152 1257 4203 sacrarum
1348 4150 1735 4218 [§.‘Secundo.'
1773 4150 1883 4214 Op..
1903 4157 2024 4201 tom.
2043 4151 2096 4200 ii.
2122 4166 2168 4214 p.
2190 4150 2399 4214 456.A.]

188 4218 607 4294 ceremoniarum
648 4216 786 4280 Lib.]
838 4218 926 4267 lib.
963 4218 995 4266 i.
1045 4219 1189 4282 [seca
1220 4218 1252 4266 i.
1419 4214 1432 4246 ¹
1487 4215 1731 4281 [Respicit
1804 4216 1932 4264 illud
2012 4217 2074 4266 de
2141 4216 2400 4266 Clemente

189 4281 1172 4413 αὴἒέὶῖῗ.ἀῙο2-[ῗξοιῖιῗθὶξᾈὲίὃξὶί11ἰᾰ]
1193 4347 1258 4397 iv.
1346 4286 1765 4395 gllelixtgi’Tadhuc
1803 4345 2036 4405 mundus,
2076 4345 2143 4394 sit⁴
2178 4350 2401 4408 quartus,

193 4410 347 4477 [cap]
370 4413 449 4460 26.
496 4415 538 4471 §-
565 4419 577 4437 ⁸
598 4411 922 4475 Respondeo.'
954 4411 1201 4477 Op.,tom.
1225 4413 1257 4460 i.
1510 4414 1642 4459 sitne
1677 4409 1990 4473 secundus.”]

192 4492 244 4541 p.
270 4479 382 4525 230.
408 4475 466 4524 o.
1413 4484 1445 4505 π·
1494 4478 1516 4523 1
1545 4475 1651 4523 Pet.
1677 4475 1731 4523 ii.
1759 4473 1864 4538 13.]

262 4540 283 4572 '⁸
311 4411 497 4606 [Bell]8
512 4541 574 4591 de
599 4540 757 4603 Imag.
783 4540 913 4606 [lib.]
937 4543 990 4592 ii.
1015 4539 1165 4606 [cap]
1181 4543 1257 4589 21.
1412 4548 1435 4570 ⁸
1494 4539 1634 4589 Rom.
1658 4540 1768 4588 xiii.
1794 4540 1866 4602 1.]
