3165 4959
391 2044 465 2109 [S.
488 2043 587 2092 Au-

389 2106 626 2171 gustini,]

712 326 842 390 352
1340 342 1423 390 AD
1466 339 1849 391 omnmsus
1891 340 2290 390 nmsnumt

712 501 1081 558 saturantur
1126 497 1291 558 omni
1318 497 1501 559 verbo
1531 497 1674 576 Dei,
1705 496 1962 560 eundem
2007 497 2300 560 habentes
2342 495 2700 573 Domitiani,
2745 514 2945 576 quem

713 605 775 660 et
813 599 1035 661 cibum.
1125 599 1392 663 Coelesti
1431 621 1598 681 pane
1639 600 1694 662 si
1727 607 2097 677 vescuntur,
2132 599 2259 662 Dei
2289 604 2355 661 et
2386 618 2624 661 mensae
2656 604 2724 660 ct
2771 617 2943 660 con-

711 700 878 764 vivio
923 701 976 763 si
1025 701 1350 779 intersint,
1398 702 1756 765 Dominum
1799 701 1853 763 si
1888 701 2104 765 cibum
2147 700 2412 778 habent,
2459 701 2528 762 in
2578 702 2731 762 coelo
2785 721 2944 762 cum

713 804 978 866 Domino
1010 810 1178 867 sunt.
1268 804 1388 867 Vis
1416 805 1540 868 hoc
1571 805 1850 887 denique
1881 802 2320 881 disertissime,
2355 824 2499 885 quae
2532 803 2943 886 Hieronymi

713 907 943 970 mens?
1011 907 1244 990 accipe.
1336 909 1650 972 Ascendit
1695 909 1763 970 in
1814 908 2030 969 coelum
2095 907 2403 969 Dominus
2469 926 2607 983 eum
2672 906 2938 985 Enoch,

714 1012 995 1073 ascendit
1035 1031 1172 1073 cum
1209 1011 1365 1073 Elia
1384 1023 1432 1073 q.
1527 1011 1799 1083 Iterum,
1831 1010 1890 1071 si
1921 1010 2350 1072 descenderint
2389 1029 2580 1090 usque
2607 1010 2697 1070 ad
2721 1008 2938 1089 infer-

714 1133 877 1193 num,
909 1114 1054 1176 inde
1083 1114 1340 1176 educam
1378 1134 1499 1190 eos,
1532 1114 1700 1194 quod
1728 1133 1915 1193 super
1943 1112 2206 1174 Dathan
2235 1117 2297 1173 et
2331 1110 2576 1173 Abiron
2602 1112 2934 1192 impletum

714 1238 844 1281 esse
896 1220 1333 1299 coynoscimus.
1424 1218 1575 1280 Etsi
1634 1217 2029 1280 ascenderint
2079 1237 2272 1297 usque
2331 1216 2420 1278 ad
2474 1217 2709 1293 coelum,
2773 1215 2933 1279 inde

716 1321 1043 1383 detraham
1071 1341 1192 1397 eos,
1226 1323 1373 1402 quia
1403 1326 1463 1384 et
1492 1320 1716 1382 Enoch
1745 1325 1806 1383 et
1834 1320 2023 1381 Elias
2063 1320 2238 1399 rapti
2283 1339 2421 1381 cum
2461 1318 2827 1399 emporibus
2859 1319 2933 1380 in

717 1425 930 1485 coelum
952 1425 1076 1486 Dei
1102 1429 1403 1505 reyuntur
1432 1422 1697 1485 arbitrio
1712 1432 1756 1487 ¹.
1803 1474 1808 1479 .
1834 1422 2068 1505 Neque
2096 1420 2284 1485 nobis
2306 1422 2446 1505 jam
2476 1420 2750 1484 dubium
2780 1441 2931 1483 esse

717 1532 951 1609 potest,
1000 1526 1154 1610 quid
1204 1526 1606 1610 Hieronymo
1648 1525 1858 1588 visum
1899 1525 2005 1601 sit,
2053 1523 2134 1587 de
2182 1524 2416 1586 duobus
2461 1523 2591 1586 inis
2635 1523 2930 1586 Testibus

717 1628 787 1691 in
817 1630 1221 1714 Apocalypsi,
1255 1629 1365 1713 qui
1392 1629 1496 1693 vel
1533 1630 1953 1710 spiritualiter
1985 1625 2142 1690 dicit
2171 1626 2640 1708 intelliyendum
2669 1626 2925 1704 libi-mn,

723 1733 812 1812 (et
841 1734 1051 1796 locum
1082 1733 1257 1796 hunc
1287 1730 1697 1812 nominatim)
1735 1732 1835 1793 vel
1859 1732 1917 1793 si
1947 1730 2308 1807 carnaliter,
2349 1728 2547 1811 (quod
2573 1728 2729 1791 facit
2763 1730 2927 1793 car-

718 1834 994 1915 dinalis)
1033 1835 1324 1897 Judaicis
1346 1834 1597 1915 sabulis
1641 1832 2150 1915 acquiescendum
2194 1840 2377 1894 esse⁸.
2473 1831 2924 1914 Hieronymus

717 1958 870 2019 ergo
899 1936 1381 2019 praetereundus
1409 1936 1507 1998 illi
1535 1935 1683 2012 fuit,
1715 1936 2108 2017 Buliugerus
2143 1941 2315 1997 certe
2343 1932 2808 2015 praeteriisset&

801 2041 894 2103 At
924 2039 1367 2121 Augustinum
1396 2038 1563 2101 nihil
1592 2045 1735 2101 erat
1764 2059 1882 2102 cur
1909 2036 2194 2101 referret.
2286 2037 2522 2119 Neque
2566 2036 2742 2099 enim
2774 2058 2923 2115 nos,

716 2162 924 2224 neque
956 2141 1290 2224 quisquam
1326 2140 1522 2223 (quod
1551 2140 1707 2223 scio)
1760 2140 2036 2218 dubitat,
2065 2140 2135 2202 in
2164 2138 2383 2220 quibus
2421 2139 2560 2200 nati
2601 2144 2750 2201 sunt
2779 2159 2927 2201 cor·

710 2245 984 2325 poribus,
1036 2245 1240 2307 vivere
1285 2244 1508 2307 Enoch
1558 2249 1619 2305 et
1670 2244 1926 2306 Etiam:
1995 2241 2126 2320 sed,
2180 2262 2264 2304 an
2311 2262 2460 2304 cum
2509 2240 2926 2305 Antichristo

716 2347 1064 2430 pugnaturi
1101 2346 1254 2425 sint,
1296 2353 1363 2410 et
1408 2345 1489 2409 ab
1527 2366 1605 2408 eo
1640 2345 1906 2409 tandem
1952 2342 2321 2408 trucidandi
2337 2343 2367 2404 P
2415 2343 2588 2426 quod
2631 2364 2755 2407 nec
2802 2344 2922 2423 ibi,

720 2472 839 2515 nec
888 2472 1164 2536 usquam
1224 2450 1381 2516 dicit
1439 2450 1867 2534 Augustinus,
1958 2450 2103 2514 Nec
2161 2449 2303 2512 sine
2365 2447 2591 2512 fraude
2647 2446 2921 2528 factum,

718 2557 889 2640 quod
909 2555 1229 2640 praescidit
1246 2555 1355 2618 hic
1386 2554 1745 2619 Cardinalis
1778 2560 2023 2636 partem
2048 2553 2387 2617 sententiae
2415 2553 2607 2638 hujus
2634 2553 2923 2636 priorem

721 2661 859 2740 (cur
888 2668 1104 2723 autem
1133 2659 1411 2721 adducat
1433 2657 1811 2731 Cardinalis,
1844 2658 2011 2738 quod
2029 2658 2096 2719 in
2123 2677 2254 2719 rem
2282 2676 2459 2719 suam
2489 2676 2611 2719 non
2622 2655 2840 2736 facit¹¹
2854 2659 2916 2736 ?)

715 2785 842 2845 qua
898 2763 1083 2846 ponit
1140 2760 1546 2844 Augustinus
1613 2759 1785 2822 inter
1845 2759 2250 2842 quaestiones,
2324 2780 2485 2841 quas
2542 2759 2720 2820 salva
2780 2758 2923 2838 fide

714 2867 1007 2947 iynorare
1044 2865 1253 2941 liceat,
1285 2865 1386 2927 vel
1428 2862 1844 2944 definitionem
1890 2863 1966 2924 de
2013 2863 2105 2924 eis
2146 2861 2538 2943 suspendere,
2567 2860 2670 2923 vel
2714 2861 2919 2924 etiam

715 2972 1033 3051 conjicere.
1124 2970 1250 3033 Vel
1296 2989 1433 3031 cum
1477 2969 1779 3049 quoeritur
1814 2966 2101 3049 (inquit),
2131 2965 2238 3027 ubi
2275 2966 2363 3027 sit
2390 2984 2554 3027 nunc
2581 2964 2790 3042 Elias,
2821 2967 2924 3027 uel

713 3074 952 3150 Enoch,
985 3094 1069 3135 an
1113 3073 1201 3134 ibi
1254 3071 1519 3155 (scilicet
1560 3071 1635 3132 in
1669 3069 1995 3150 Paradiso)
2038 3090 2122 3131 an
2166 3068 2339 3144 alibi,
2373 3088 2525 3150 quos
2554 3073 2763 3132 tamen
2792 3088 2916 3130 nou

714 3176 1084 3251 dubitamus,
1116 3177 1184 3237 in
1214 3174 1432 3255 quibus
1460 3175 1599 3235 nati
1626 3178 1771 3235 sunt
1801 3172 2179 3252 corpor-iba&
2210 3173 2470 3234 vivo-12¹.
2558 3171 2798 3249 Quare,
2833 3193 2920 3235 an

711 3279 779 3340 in
796 3278 1104 3359 paradiso
1148 3283 1292 3339 tum
1321 3275 1552 3339 Enoch
1575 3281 1643 3338 et
1671 3275 1868 3351 Elias,
1899 3276 2174 3337 incertus
2210 3275 2306 3355 (ut
2338 3273 2616 3354 videtur)
2651 3274 2919 3356 Augus·

711 3381 909 3459 tinus,
943 3380 1023 3443 de
1056 3401 1183 3463 quo
1213 3379 1372 3443 adeo
1402 3383 1609 3440 certus
1640 3377 2020 3443 cardinalis.

775 3519 798 3550 ³
832 3509 902 3575 [S.
933 3507 1096 3572 Hier]
1136 3508 1192 3558 in
1234 3507 1394 3556 Amos
1426 3507 1497 3556 ix.
1542 3506 1617 3569 [6.
1655 3506 1767 3570 Op„
1856 3506 2016 3554 tiones
2061 3505 2189 3564 istae,
2227 3518 2352 3566 quas
2390 3517 2495 3553 esse
2533 3506 2722 3566 prater
2759 3501 2920 3552 fidem

712 3581 833 3625 tom.
851 3575 921 3624 vi.
941 3575 1033 3623 col.
1052 3575 1161 3624 349.
1187 3572 1277 3635 D.]
1852 3570 2141 3627 arbitratur,
2178 3583 2330 3631 quam
2364 3572 2485 3616 sunt
2506 3568 2612 3616 illae
2642 3568 2700 3616 in
2732 3567 2924 3629 quibus

777 3650 796 3674 ¹
831 3639 966 3705 [wi
995 3637 1355 3694 descenderint,
1393 3636 1483 3695 ait,
1514 3650 1672 3697 usquc
1697 3634 1770 3683 ad
1853 3635 1990 3683 salva
2029 3632 2146 3692 fide,
2184 3648 2283 3695 qua
2316 3632 2811 3690 Christianismum,
2833 3637 2927 3680 aut

712 3705 987 3768 internum,
1001 3704 1124 3753 inde
1138 3717 1327 3752 manus
1342 3716 1458 3750 mea
1477 3701 1652 3750 educet
1672 3714 1766 3749 eos.
1853 3698 2116 3760 ignoratur
2138 3696 2263 3759 quid
2286 3711 2460 3745 verum
2482 3697 2565 3754 sit,
2591 3700 2643 3745 et
2664 3696 2926 3746 sententia

711 3806 722 3817 .
750 3807 761 3818 .
786 3805 798 3818 .
825 3768 969 3828 Quod
991 3782 1140 3831 super
1161 3766 1366 3816 Dathan
1386 3770 1440 3815 et
1460 3765 1659 3814 Abiron
1679 3764 1770 3812 im·
1855 3762 2120 3811 definitiva
2134 3761 2474 3824 suspenditur,
2496 3765 2587 3809 aut
2602 3761 2752 3809 aiitcr
2763 3775 2922 3822 quam

712 3835 905 3896 pletum
919 3848 1023 3883 esse
1036 3831 1398 3894 cognoscimus,
1408 3845 1530 3892 quos
1543 3830 1769 3878 viventes
1854 3832 1945 3883 est.
1973 3827 2197 3876 humana
2211 3830 2264 3874 et
2276 3825 2481 3873 infirma
2501 3823 2786 3887 suspicione
2808 3839 2923 3873 con-

713 3907 860 3948 terrae
882 3899 1051 3947 hiatus
1072 3896 1343 3946 absorbuit.
1404 3893 1522 3943 Etsi
1542 3891 1768 3942 ascende-
1843 3890 2040 3952 jicitur.
2110 3890 2285 3940 Veluti
2308 3903 2423 3938 cum
2457 3889 2718 3952 quaeritur,
2751 3889 2926 3951 qualis

713 3964 833 4019 rint,
880 3963 1065 4025 inquit,
1110 3975 1266 4023 usquc
1303 3959 1375 4008 ad
1417 3957 1606 4017 ooelum,
1647 3957 1767 4006 inde
1853 3956 1933 4004 vel
1979 3956 2066 4004 ubi
2106 3956 2174 4003 sit
2212 3954 2486 4017 paradisus,
2522 3953 2612 4002 ubi
2649 3954 2927 4002 constituit

712 4028 978 4077 detraham
1001 4042 1084 4076 eos
1097 4042 1121 4084 ,·
1143 4027 1263 4087 quia
1281 4028 1335 4075 et
1356 4023 1530 4073 Enoch
1547 4028 1601 4072 et
1613 4021 1766 4080 Elias,
1853 4019 1988 4069 Deus
2010 4019 2287 4077 hominem,
2310 4032 2459 4081 quem
2480 4018 2799 4067 formavitex
2815 4017 2926 4081 pul·

712 4094 843 4156 rapti
875 4107 991 4142 cum
1029 4090 1319 4153 corporibus
1354 4089 1408 4136 in
1445 4087 1646 4144 coelum,
1671 4085 1767 4135 Dei
1852 4100 1995 4143 νει-ος
2021 4099 2134 4133 cum
2151 4088 2443 4133 tamenesse
2463 4082 2609 4131 illum
2626 4081 2926 4145 paradisum

713 4162 957 4220 reguntur
978 4152 1348 4206 arbitri0.”—-S.
1367 4152 1511 4201 Hier.
1530 4152 1587 4199 in
1609 4152 1768 4199 Amos
1852 4148 1977 4198 fides
1994 4148 2407 4202 Christianassnon
2430 4146 2658 4202 dubitct;
2696 4146 2779 4194 vel
2802 4161 2926 4196 cum

711 4224 781 4271 ix.
809 4225 853 4271 2.
881 4220 1003 4271 ibid.
1027 4220 1119 4269 col.
1136 4220 1245 4270 347.
1270 4218 1335 4267 A.
1362 4215 1440 4281 B.]
1852 4214 2113 4275 quaeritur,
2130 4213 2217 4261 ubi
2240 4212 2310 4260 sit
2324 4225 2459 4259 nunc
2479 4211 2617 4260 Elias
2628 4210 2708 4259 vel
2725 4209 2924 4266 Enoch,

776 4297 794 4318 ⁸
831 4286 992 4350 [Vide
1014 4299 1179 4347 supra,
1204 4298 1251 4346 p.
1274 4280 1415 4343 334]
1850 4292 1916 4326 an
1945 4279 2035 4332 ibi,
2071 4291 2139 4326 an
2171 4276 2359 4325 alicubi
2395 4275 2549 4331 alibi;
2585 4290 2711 4337 quos
2743 4281 2925 4324 tamen

777 4355 793 4384 ²
831 4350 993 4414 [Vide
1015 4364 1182 4411 supra,
1211 4362 1257 4410 p.
1279 4345 1413 4409 332]
1850 4357 1955 4391 non
1988 4342 2295 4396 dubitamus,
2332 4340 2388 4388 in
2428 4340 2614 4402 quibus
2648 4340 2759 4387 nati
2799 4347 2926 4388 sunt

777 4426 799 4447 ‘⁸
834 4416 1031 4474 Tortus,
1063 4428 1110 4476 p.
1136 4416 1246 4462 125.
1281 4411 1349 4475 [p.
1379 4411 1486 4459 124.
1511 4408 1649 4459 Edit.
1665 4407 1770 4457 Col.
1860 4407 2167 4470 corporibus,
2224 4405 2437 4453 viverel’
2457 4431 2522 4440 -—
2544 4402 2593 4452 S.
2631 4402 2790 4467 Aug]
2844 4403 2923 4452 De

712 4478 915 4540 Agrip]
1862 4470 2001 4522 Pecc.
2041 4472 2180 4533 Orig.
2230 4484 2335 4531 cap.
2367 4468 2513 4517 xxiii.
2553 4466 2622 4530 [(§
2652 4470 2755 4530 27.)
2807 4467 2921 4532 Op„

774 4551 796 4572 ¹
832 4541 1075 4605 [mongo
1109 4540 1259 4589 aliter
1296 4552 1348 4587 se
1391 4515 1582 4588 habent
1617 4551 1772 4600 quaee-
1858 4540 2050 4585 tomas
2073 4535 2186 4585 0011.
2210 4537 2318 4584 580.
2343 4533 2405 4582 D.
2434 4534 2542 4582 581.
2564 4530 2651 4595 A]
