3165 4959
759 312 889 375 432
1387 324 1475 372 AD
1518 322 1901 371 cummim
1943 321 2343 370 BmARmNI

765 478 1015 558 dinalis,
1055 477 1125 540 in
1171 497 1240 541 re
1292 477 1386 540 ita
1431 475 1723 540 omnium
1767 474 1947 538 libris
1990 475 2323 558 literisque
2365 474 2764 557 pervulgata,
2808 473 2978 537 adeo

765 605 914 648 vero
941 581 1335 666 pervulgata,
1375 586 1451 643 ut
1482 580 1805 643 calumnia.»
1841 578 2054 642 locum
2094 599 2229 641 non
2268 577 2611 660 relinquat,
2646 578 2729 641 de
2762 578 2979 660 pactis

763 687 833 749 in
885 670 1261 767 suffragium
1313 682 1559 764 aliquot
1613 701 1940 743 aurearum
1990 681 2301 753 mfflibmu
2363 680 2443 744 de
2496 681 2975 762 Stipendiariis‚

762 789 832 852 in
862 809 1002 852 eam
1038 808 1196 864 rem,
1229 784 1605 867 Principum
1635 783 2036 867 quorundam
2074 783 2518 846 Cardinalibus
2540 785 2574 847 ,9
2664 783 2792 847 Ille
2824 804 2977 846 vero

761 888 1048 972 interfuit
1101 889 1215 967 bis,
1254 908 1366 950 nec
1412 888 1656 949 audivit
1703 887 1779 948 de
1828 906 1898 948 eo
1946 887 2290 968 quicquam.
2382 886 2597 953 Quam
2643 886 2772 950 hoc
2822 906 2976 949 vero

764 994 1159 1058 Herculeum
1177 992 1207 1054 ⁴?
1254 991 1523 1054 fortasse
1567 989 1742 1053 enim
1780 988 1987 1053 celata
2020 1010 2158 1052 res:
2212 990 2360 1071 (nee
2406 989 2578 1052 enim
2618 988 2744 1052 sub
2783 989 2978 1052 hasta

759 1097 855 1176 fit,
895 1096 996 1160 vel
1040 1115 1193 1159 voce
1247 1091 1600 1176 Praeeonis)
1644 1092 1809 1155 elam
1853 1091 1966 1154 illo
2011 1092 2277 1169 factum,
2320 1112 2552 1174 agmen
2593 1112 2730 1154 non
2772 1090 2974 1169 ducit,

758 1199 1028 1263 fortasse
1075 1197 1157 1261 ad
1206 1196 1521 1260 ambitum
1573 1195 1784 1258 factus
1825 1214 1960 1257 non
2003 1199 2121 1271 est,
2172 1193 2336 1257 alter
2382 1214 2615 1276 nempe
2660 1194 2902 1258 Curius
2924 1192 2972 1256 ἱ.

762 1304 917 1365 Νοιι
963 1300 1139 1364 enim
1189 1297 1442 1381 passim,
1474 1297 1574 1360 vel
1627 1296 1709 1360 ad
1755 1295 1971 1359 fauces
2013 1296 2342 1379 cujusque,
2386 1294 2573 1359 bolus
2621 1296 2750 1361 hic.
2844 1296 2974 1360 Sed

761 1403 1073 1489 ejusmodi
1125 1401 1279 1484 quid
1326 1421 1490 1483 saepe
1528 1421 1654 1462 usu
1696 1399 1965 1478 venisse,
2013 1399 2290 1481 parietes
2335 1398 2455 1482 ipsi
2493 1399 2853 1476 Conclavis,
2907 1407 2973 1463 et

764 1510 995 1585 Portae,
1034 1524 1295 1569 narrare
1340 1504 1400 1567 ei
1441 1508 1724 1586 possent,
1764 1522 1907 1585 quae
1952 1522 2074 1565 nec
2118 1509 2348 1565 eontra
2390 1503 2665 1585 gratiam
2697 1504 2973 1567 occlusae

760 1617 903 1674 tum
965 1616 1139 1687 sunt,
1189 1607 1386 1671 etiam
1455 1605 1690 1689 (credo)
1758 1625 1880 1668 nee
1928 1610 2156 1667 eontra
2199 1606 2535 1685 pecuniam
2560 1632 2579 1666 .·
2629 1606 2779 1669 Nec
2831 1626 2971 1668 eam

760 1715 1062 1775 minutam
1092 1731 1281 1774 sane:
1322 1709 1512 1792 (Quis
1535 1708 1709 1772 enim
1728 1708 2020 1788 pau-villo
2050 1705 2281 1788 pacisci
2299 1706 2454 1770 velit
2486 1708 2890 1789 Purpuratus
2910 1706 2973 1789 ?)

763 1836 958 1899 quare
988 1835 1121 1878 non
1148 1813 1278 1877 nisi
1294 1812 1753 1895 Ρνωρνναηάενη.

829 1949 928 1999 Sed
942 1949 1148 1999 solenne
1165 1952 1241 1997 est
1256 1947 1592 2007 Adversariis,
1608 1946 1681 2005 id,
1704 1946 1759 1995 in
1773 1961 1871 2009 quo
1886 1961 2016 1995 unus
2036 1945 2307 2009 aliquando
2323 1946 2449 1995 forte
2465 1946 2783 2009 peeenvitffid
2799 1962 2975 1997 omues

893 2030 1178 2079 Catholicos
1200 2028 1700 2092 transferre-[Bell.
1728 2026 1878 2091 Apol.
1908 2042 1999 2092 pro
2023 2027 2194 2092 Reep]
2227 2041 2277 2090 p.
2308 2028 2410 2078 176.
2450 2026 2592 2092 [Op.,
2613 2031 2742 2077 tom.
2764 2030 2854 2077 vii.
2881 2029 2973 2077 ool.

895 2111 1005 2161 803.
1031 2109 1108 2173 C.]

439 2216 615 2294 [idque
641 2231 727 2265 sae·
854 2208 1118 2273 Serione
1162 2215 1379 2271 autem
1423 2207 1549 2271 hoc
1590 2207 1969 2286 Cardinalis‚
2002 2207 2170 2289 quod
2214 2228 2371 2270 unus
2416 2207 2629 2285 modo,
2676 2215 2875 2291 atque
2917 2209 2975 2271 is

441 2296 474 2343 p
479 2280 686 2343 masma]
765 2312 1100 2394 aliquando
1123 2317 1404 2389 tantum,
1428 2311 1623 2394 idque
1641 2331 1775 2374 non
1803 2310 1927 2373 nisi
1941 2309 2121 2391 forte
2142 2310 2356 2374 hocin
2386 2331 2621 2399 genere
2640 2312 2975 2392 peccavit?

766 2416 1116 2479 Ridendum
1176 2435 1325 2478 vero
1387 2414 1823 2491 assertionem,
1901 2434 2035 2477 non
2092 2411 2513 2494 refellendam.
2633 2414 2974 2492 Dieamue,

757 2522 1003 2583 solenne
1053 2518 1122 2582 id
1160 2518 1486 2584 cardinali
1537 2538 1697 2594 esse,
1746 2517 1914 2599 quod
1964 2517 2044 2580 ab
2090 2538 2210 2579 uno
2256 2518 2590 2598 aliquando
2631 2520 2732 2581 vel
2775 2521 2974 2581 altero

750 2628 1080 2705 peccatum
1109 2622 1273 2686 forte
1304 2642 1435 2685 non
1467 2627 1587 2699 est,
1617 2620 1684 2683 id
1716 2619 1795 2683 de
1825 2620 2003 2683 omni
2027 2621 2459 2683 Cardinalium
2485 2629 2679 2698 coetu,
2708 2631 2974 2686 strenue

764 2747 998 2809 negare
1018 2726 1048 2788 ⁴?
1149 2725 1273 2788 Ver
1316 2723 1573 2806 quidem
1617 2744 1655 2785 a
1683 2721 1869 2786 nobis
1903 2724 2147 2805 (plures
2179 2724 2353 2787 enim
2382 2724 2751 2787 hirundines
2785 2726 2891 2788 hic
2908 2725 2971 2807 ¹),

767 2830 952 2907 addo,
985 2836 1051 2892 et
1080 2829 1330 2891 veritas.

833 2963 961 3014 Haee
984 3000 997 3013 .
1023 2998 1035 3012 .
1060 3000 1073 3013 .
1096 2963 1233 3013 inter
1269 2977 1321 3012 se
1356 2962 1610 3012 contraria
1651 2976 1756 3011 non
1791 2966 1924 3012 sunt.
1993 2962 2103 3013 Rex
2139 2963 2422 3026 eligebatur
2452 2979 2483 3014 a
2519 2965 2708 3029 populo
2748 2969 2974 3028 tempore

895 3045 1157 3102 Samuelis,
1193 3048 1260 3102 et,
1295 3043 1572 3107 Episcopus
1616 3056 1720 3092 nou
1756 3043 2039 3106 eligebatur
2077 3058 2108 3094 u
2149 3045 2336 3108 populo
2371 3050 2597 3108 tempore
2631 3045 2894 3108 Cypriani.
2910 3071 2975 3082 -

895 3125 1043 3188 [Bell.
1070 3125 1219 3189 Apol.
1241 3139 1333 3188 pro
1357 3124 1525 3189 Resp]
1556 3140 1607 3189 p.
1632 3125 1743 3176 176.
1780 3125 1913 3189 [Op.,
1935 3130 2059 3175 tom.
2083 3126 2171 3174 vii.
2195 3125 2290 3175 col.
2315 3129 2425 3177 803.
2451 3126 2531 3191 Q]

443 3246 542 3311 [De
564 3246 704 3310 Epis„
856 3224 952 3286 Ut
983 3223 1122 3285 Rex
1149 3223 1429 3305 Regnum
1459 3224 1670 3301 adeat,
1690 3245 1877 3306 egere
1908 3245 2203 3288 consensu
2220 3227 2441 3307 populi
2462 3252 2481 3288 .·
2525 3235 2600 3289 ut
2622 3226 2978 3308 Episcopus

443 3326 686 3427 232⁰ssss
703 3375 723 3439 ]
769 3326 1235 3408 Episcopatum,
1284 3347 1417 3389 non
1466 3347 1643 3408 eyere
1666 3353 1685 3388 .·
1734 3333 1800 3390 et
1850 3327 2023 3390 inter
2071 3349 2136 3390 se
2180 3336 2473 3410 pugnant
2524 3328 2682 3407 haec,
2715 3335 2784 3392 et
2827 3351 2975 3393 cum

687 3413 702 3436 '
770 3430 1057 3493 veritate.
1147 3430 1272 3492 Par
1312 3430 1487 3493 enim
1532 3429 1876 3512 utrobique
1919 3430 2104 3508 ratio,
2154 3431 2245 3508 Si,
2282 3430 2393 3512 qui
2436 3431 2669 3513 populo
2718 3439 2978 3515 praeest,

529 3544 660 3606 313
772 3539 846 3596 ut
875 3532 1111 3616 praesit‚
1143 3532 1223 3595 ab
1263 3532 1487 3596 eodem
1531 3532 2015 3615 praeficiendus:
2066 3532 2241 3600 Quin
2280 3533 2351 3595 in
2393 3536 2596 3596 sacris
2635 3534 2702 3597 id
2744 3537 2979 3617 magiS,

772 3656 966 3718 quam
1036 3634 1453 3698 saecular-ihm.
1554 3635 1742 3713 Tum,
1814 3635 1869 3697 si
1930 3655 2139 3717 neque
2212 3636 2415 3699 suffici
2487 3645 2740 3718 poterat
2801 3641 2981 3720 Apo·

769 3740 966 3801 stolus
1015 3738 1086 3801 in
1138 3735 1458 3801 demortui
1505 3738 1738 3815 locum,
1787 3737 1913 3799 nisi
1959 3739 2186 3800 electus
2230 3738 2556 3821 suffiayiis
2579 3766 2597 3800 :
2656 3741 2867 3822 magis
2915 3741 2979 3804 id

771 3841 1050 3923 quidem,
1103 3847 1179 3903 ut
1230 3840 1502 3918 videtur,
1563 3839 1827 3923 stringit
1877 3839 1949 3902 in
2001 3840 2331 3921 Episcopo.
2422 3841 2669 3904 Verum
2722 3841 2793 3905 id
2844 3845 2981 3925 agit

771 3944 1148 4022 Cardinalis,
1203 3950 1504 4026 totusque
1555 3943 1625 4006 in
1673 3964 1749 4006 eo
1794 3950 1912 4019 est,
1968 3943 2208 4025 Populo
2252 3951 2327 4006 ut
2371 3943 2535 4007 nihil
2579 3945 2748 4027 juris
2793 3946 2884 4009 sit
2915 3948 2983 4009 in

772 4048 1114 4129 Epi-<scopos
1145 4048 1243 4110 vel
1278 4047 1520 4108 Clerum
1541 4074 1560 4107 .·
1611 4054 1676 4109 at
1706 4067 1855 4110 vero
1885 4048 2095 4131 quoad
2124 4048 2342 4128 Reges,
2374 4048 2445 4109 id
2479 4049 2753 4128 populus
2783 4057 2984 4128 curet,

771 4152 1008 4213 scilicet
1020 4160 1080 4212 ¹¹¹.
1169 4150 1474 4232 Peraeque
1504 4170 1654 4212 vero
1685 4148 1918 4213 falsum
1949 4150 2020 4212 in
2053 4149 2264 4227 Saule,
2304 4151 2519 4232 (quem
2554 4151 2728 4213 Deus
2772 4154 2982 4235 οἶες-Ξῖ,

773 4255 998 4318 Electo
1031 4255 1300 4335 populus
1340 4254 1730 4331 acclamavit,
1764 4253 1955 4335 idque
1999 4274 2076 4316 ex
2121 4253 2346 4330 offici0,
2379 4254 2446 4316 ni
2487 4252 2815 4333 fecissent,
2851 4256 2984 4336 filii

838 4397 862 4428 ¹¹
897 4398 1052 4462 [Vide
1079 4399 1242 4448 Valet.
1267 4399 1402 4448 Max.
1427 4399 1514 4449 lib.
1539 4399 1606 4448 iv.
1626 4413 1732 4462 cap.
1753 4399 1825 4449 iii.
1917 4399 2009 4449 δῶν
2034 4397 2115 4461 ἔαρ
2138 4399 2191 4448 οὐ
2210 4401 2351 4457 ποιεῖ,
2375 4396 2507 4460 quod
2530 4398 2656 4447 citat
2680 4399 2842 4449 Arist.
2866 4400 2983 4451 Eth.

772 4467 891 4510 sect.
919 4467 959 4512 6.
985 4478 1068 4524 pp.
1091 4466 1201 4523 146,
1227 4465 1334 4514 147.
1408 4463 1561 4512 Loud.
1590 4463 1762 4526 1819]
1917 4464 1967 4514 N
1974 4466 2116 4513 ieom.
2143 4463 2229 4512 lib.
2255 4464 2289 4512 i.
2316 4478 2421 4526 cap.
2446 4462 2516 4524 7.]

839 4524 850 4554 ¹
888 4525 1131 4590 [Respicit
1145 4527 1406 4588 vulgatum
1424 4528 1570 4600 illud,
1589 4528 1685 4578 Μία
1698 4539 1830 4591 xem-
1981 4537 2013 4559 ¹¹¹
2050 4528 2268 4592 [Terent.
2299 4527 2453 4579 Andr.
2479 4527 2519 4576 1.
2544 4529 2590 4577 2.
2618 4528 2724 4592 14.]
