3165 4959
901 348 1266 397 nomem
1309 349 1671 399 neronem.
2256 336 2387 401 479

171 503 273 568 nis
303 504 513 587 hujus
540 501 773 567 notitia
801 503 1029 582 omnis,
1061 525 1102 567 a
1123 503 1499 585 Pontificum
1525 503 1817 587 potentia
1842 503 2103 589 pendet,
2133 503 2243 586 qui
2272 504 2387 568 ubi

170 613 476 690 possunt,
529 605 858 669 inculcant
910 605 1169 684 sedulo;
1235 606 1350 670 ubi
1406 627 1540 670 non
1596 613 1884 689 possunt,
1938 626 2072 670 non
2130 614 2391 688 gravate

169 709 713 794 praetermittunt.
796 709 1004 791 Atqui
1047 729 1166 771 nos
1200 708 1532 791 Gregorio,
1562 708 1635 771 in
1678 708 1950 791 gratiam
1981 709 2390 789 Apostolatus

171 810 407 888 nostri,
440 811 620 873 hunc
649 810 961 874 honorem
990 809 1322 886 habemus,
1352 816 1429 872 ut
1461 809 1612 891 quia
1649 830 1718 872 se
1746 808 2061 889 famulum
2106 809 2288 887 dixit,
2321 816 2390 872 et

173 911 577 975 Mauritium
596 914 950 989 Dominum,
968 913 1239 977 univoce
1267 912 1405 974 haec
1435 911 1669 975 dixisse
1696 912 1902 990 illum,
1934 933 2067 975 non
2089 912 2391 993 ‹equivoce

173 1022 568 1079 statuamus.
676 1016 969 1080 Univoce
986 988 1206 1099 'proin
1252 1012 1585 1078 subditum
1642 1014 1839 1078 fuisse
1899 1015 2043 1098 ejus
2099 1014 2388 1097 imperio,

174 1115 474 1200 adeoque
523 1119 793 1183 univoce
843 1119 1145 1202 paruisse,
1194 1124 1261 1181 et
1306 1117 1696 1181 velleitatem
1748 1116 1915 1180 forte
1962 1116 2262 1199 aliquam,
2307 1137 2391 1180 ne

176 1221 484 1301 quaedam
526 1221 846 1304 imperari,
878 1221 994 1285 ubi
1036 1222 1349 1305 imperata
1377 1227 1614 1299 essent,
1643 1220 2063 1299 voluntatem,
2094 1240 2179 1284 ne
2208 1240 2390 1303 pare-

173 1331 296 1402 ret,
327 1345 473 1387 non
499 1323 823 1388 habuisse.

242 1508 436 1560 Brevia
459 1545 473 1559 .
497 1545 509 1559 .
535 1545 548 1559 .
575 1510 843 1561 Pontificio
862 1525 1025 1575 neque
1045 1510 1351 1562 nominatim
1372 1510 1406 1561 J
1407 1511 1621 1562 scobum
1638 1510 1828 1573 Regem
1849 1508 2205 1569 excludebant,
2227 1524 2391 1573 neque

307 1591 625 1641 nominatim
657 1592 1000 1654 includebant,
1026 1592 1114 1643 sed
1139 1592 1472 1642 hortabantur
1492 1628 1505 1641 .
1529 1628 1543 1641 .
1568 1628 1582 1641 .
1608 1627 1623 1650 ,
1645 1595 1706 1640 ut
1726 1595 1972 1650 curarent,
1995 1595 2240 1653 quantum
2262 1591 2321 1640 in
2342 1605 2394 1640 se

307 1678 462 1733 esset,
486 1678 546 1723 ut
568 1674 676 1723 Rex
706 1675 991 1737 eligeretur,
1011 1690 1043 1724 s
1071 1674 1170 1724 fide
1191 1674 1451 1724 Catholica
1472 1687 1576 1723 non
1597 1673 1943 1723 abhorrens—
1952 1672 2103 1737 [Bell.
2126 1673 2278 1737 Apol.
2301 1688 2394 1738 pro

310 1754 491 1819 Resp]
513 1771 562 1820 p.
586 1758 696 1806 203.
721 1755 853 1820 [Op.,
877 1759 998 1805 tom.
1021 1756 1110 1805 vii.
1133 1756 1225 1806 col.
1243 1757 1353 1806 818.
1380 1754 1458 1819 C.]

263 1852 376 1916 Ad
409 1854 908 1918 Undecimuml’.
962 1854 1138 1921 Quid
1166 1854 1275 1916 hic
1306 1853 1642 1932 attinebat,
1668 1874 1855 1916 suum
1882 1852 2053 1916 illud*
2071 1858 2092 1888 ‘
2108 1853 2385 1915 nomina-
2412 1864 2597 1981 hoq¹
2637 1862 2717 1913 De

180 1953 326 2015 tim’
348 1955 756 2034 intercalare,
790 1977 872 2019 ne
894 1956 1028 2039 ipse
1041 1952 1312 2038 ‘quidem
1335 1956 1474 2018 Rex
1502 1956 1865 2018 nominatim
1889 1955 2152 2033 dixerat,
2176 1975 2297 2019 nec
2318 1954 2387 2018 id
2414 1932 2660 2047 01ᾋίθὲ

179 2054 251 2118 in
273 2058 599 2121 mendacio
620 2066 917 2122 notatum
939 2065 1055 2122 est.
1104 2059 1281 2125 Quid
1304 2081 1460 2142 opus
1482 2060 1672 2122 vero?
1706 2060 1928 2123 Potest
1951 2058 2202 2123 excludi
2226 2058 2384 2142 quis,
2412 2058 2628 2189 VIR-{7

183 2161 430 2223 nomine
455 2182 578 2225 non
605 2162 938 2240 nominata,
969 2182 1201 2244 nempe
1232 2161 1284 2224 si
1312 2162 1408 2224 ita
1433 2168 1715 2239 notatus,
1733 2168 1830 2240 ut,
1850 2169 2276 2246 praeterquam
2305 2161 2386 2237 ei,

181 2264 439 2328 notatio
483 2263 596 2326 illa
634 2263 882 2326 nemini
925 2263 1126 2346 possit
1169 2264 1529 2327 convenire.
1620 2263 1836 2345 Atque
1865 2264 1960 2326 ita
1986 2263 2058 2326 in
2084 2264 2390 2326 Brevibue

184 2370 453 2428 notatus
485 2366 642 2443 Rex,
675 2386 752 2428 ea
793 2365 1114 2441 clausula3
1169 2366 1435 2427 Curaret
1463 2386 1587 2427 non.
1614 2366 1829 2445 recipi,
1860 2370 2392 2446 quantumcunque

173 2469 651 2550 prtminquitate
677 2469 1000 2552 sanguinis
1028 2470 1367 2532 niteo-ecura
1380 2495 1399 2529 .·
1448 2466 1622 2550 quod
1649 2466 1916 2550 perinde
1946 2472 2103 2545 erat,
2126 2467 2391 2551 perinde

186 2588 412 2634 omnes
435 2571 899 2654 intelligebant,
921 2593 995 2635 ac
1019 2572 1072 2635 si
1095 2572 1467 2656 scripsisset,
1493 2576 1785 2634 curarent
1806 2591 1928 2633 non
1950 2571 2146 2650 recipi
2161 2571 2392 2652 Reyem

189 2669 230 2734 J
234 2674 533 2739 acobum.
624 2675 839 2739 Cuivis
869 2675 1042 2739 enim
1070 2675 1142 2737 in
1170 2674 1436 2758 proclivi
1465 2674 1595 2738 duo
1623 2674 1761 2737 haec
1799 2678 2213 2751 connectere3
2259 2674 2391 2736 Ex-

189 2774 511 2857 cludatur,
543 2779 650 2859 qui
678 2779 775 2840 vel
799 2779 1074 2840 maoeima
1101 2778 1426 2859 sanquinie
1452 2776 1929 2858 propinquitate
1958 2776 2201 2853 nititur,
2244 2775 2392 2858 (nisi

188 2887 454 2959 paratus
499 2881 585 2943 sit
626 2901 762 2945 non
804 2881 999 2944 modo
1033 2882 1321 2958 tolerare,
1354 2880 1467 2944 sed
1504 2880 1686 2943 omni
1724 2900 1846 2962 ope
1879 2884 1945 2941 et
1991 2876 2207 2942 studio
2237 2900 2393 2959 pro-

188 3000 434 3046 movere
450 2984 830 3066 Reliqionem
845 2985 1209 3060 Romanam,
1234 2993 1425 3066 atque
1442 2982 1514 3046 in
1531 3003 1609 3045 ea
1625 2981 1817 3045 verba
1830 2982 2071 3065 jurare)
2084 3007 2102 3059 3
2126 2981 2400 3044 Jacolms

190 3082 332 3148 Rex
378 3087 657 3149 maxima
699 3087 1020 3170 sanquinis
1049 3087 1522 3168 propinquitate
1563 3086 1808 3163 nititur,
1844 3083 1957 3147 sed
1994 3105 2078 3148 ne
2131 3087 2401 3148 tolerare

193 3187 458 3266 quidem
485 3189 866 3271 Reliqionem
894 3189 1241 3252 Romanam
1281 3189 1353 3251 in
1383 3188 1600 3252 animo
1623 3187 1841 3265 habet,
1872 3186 2116 3250 nedum
2146 3208 2400 3269 promo-

191 3307 352 3369 vere,
386 3291 655 3355 minime
684 3300 901 3355 autem
931 3291 1242 3370 omnium,
1272 3292 1346 3353 id
1364 3312 1431 3354 ee
1443 3292 1675 3373 jurare
1687 3290 2037 3372 facturum.

277 3393 536 3477 Injuria
590 3393 701 3456 illa
759 3394 1016 3477 quidem
1074 3395 1146 3457 in
1205 3396 1453 3476 Regem
1513 3415 1785 3471 summa,
1839 3394 2181 3475 Regesque
2241 3394 2400 3458 adeo

193 3512 438 3573 omnes,
469 3495 776 3558 Cur-arent
803 3502 874 3558 ut
903 3497 1254 3578 eligeretur.
1345 3495 1520 3561 Quid
1548 3496 1655 3559 hic
1684 3516 1863 3577 opus,
1889 3493 2042 3577 quid
2072 3495 2144 3556 in
2164 3495 2398 3573 Gallia,

196 3614 344 3660 cum
376 3595 455 3660 de
494 3597 759 3660 Haerede
786 3618 936 3662 vero
966 3619 1039 3661 ac
1070 3600 1340 3680 leyitimo
1385 3604 1709 3660 constaret
1748 3595 1917 3678 apud
1957 3596 2228 3659 omnes?
2316 3598 2402 3661 In

196 3717 273 3762 eo
301 3707 541 3779 autem,
576 3701 746 3784 quod
777 3700 1014 3765 dicitur
1042 3723 1165 3764 non
1194 3702 1552 3779 abhorrens,
1582 3698 1684 3763 bis
1705 3699 1846 3784 jam
1875 3698 2145 3761 menda-z·
2175 3698 2401 3763 Cardi-

197 3802 400 3866 nalis:
446 3802 604 3867 Non
633 3804 809 3868 enim
840 3804 1082 3884 debuit,
1108 3826 1231 3868 non
1259 3805 1593 3867 abhorrere
1620 3802 1831 3879 mod0,
1854 3800 2011 3883 quin
2032 3822 2135 3865 res
2152 3823 2403 3887 quoque

198 3912 460 3984 vestras,
493 3912 685 3989 atque
714 3907 1090 3988 reliyionem,
1121 3906 1275 3970 totis
1302 3905 1546 3969 viribus
1561 3924 1949 3987 promovere.

263 4022 419 4074 Vidit
451 4059 464 4073 .
500 4059 514 4075 .
539 4022 869 4088 (Germane),
905 4025 1057 4076 verba
1092 4024 1333 4076 Brevium
1371 4038 1515 4088 posse
1554 4023 1612 4072 in
1648 4022 1836 4072 malam
1874 4025 2073 4086 partem
2110 4023 2287 4087 accipi,
2320 4023 2399 4074 vel

327 4104 528 4156 audivit
561 4105 754 4168 Regem
787 4104 1034 4156 Jscobum
1071 4120 1187 4156 vere
1222 4120 1253 4155 s
1290 4104 1551 4156 catholiea
1579 4104 1681 4154 fide
1709 4102 2078 4154 alienissimum
2099 4118 2218 4154 esse.
2280 4104 2402 4154 Ideo

329 4225 342 4239 .
361 4225 374 4238 .
398 4224 411 4238 .
437 4188 643 4250 ignibus
662 4187 893 4248 tradidit,
911 4193 972 4238 ut
985 4203 1089 4238 non
1111 4186 1573 4252 obessent-[Bell.
1592 4186 1744 4250 Apol.
1758 4199 1851 4249 pro
1868 4184 2038 4250 Resp]
2060 4200 2108 4249 p.
2128 4187 2240 4237 203.
2265 4185 2401 4250 [Op.,

329 4269 558 4319 tom.vii.
579 4268 674 4319 col.
696 4270 808 4319 818.
831 4267 976 4332 c.D.]

268 4471 290 4501 Ρ
322 4461 480 4528 [Vide
502 4460 545 4511 B
667 4476 742 4511 ns.
760 4460 904 4512 'Porti
937 4476 985 4525 p.
1004 4461 1099 4538 47...
1117 4460 1255 4511 Edit„
1346 4463 1458 4512 659.
1483 4461 1540 4510 B.
1557 4459 1639 4537 03]

207 4523 384 4589 Polit.;
441 4531 494 4577 et
539 4525 610 4578 Be
656 4562 666 4574 .
711 4526 825 4589 Op„
867 4531 989 4575 tom.
1029 4541 1118 4575 vn.
1161 4525 1255 4575 col.
1409 4535 1431 4566 ⁴¹
1464 4523 1770 4589 [Actionin
1792 4524 2281 4589 Gametnm,p.73.]
