3165 4959
960 349 1323 396 stomoma
1367 349 1728 396 RESPONsm.
1823 367 1847 386 ·
2320 337 2448 397 269

236 499 392 562 Non
420 500 825 581 baptizantur
854 501 1176 582 baptisma,
1208 522 1324 583 quo
1353 503 1635 563 remissio
1670 508 2072 581 peccatorum
2116 500 2449 582 confertur,

236 603 358 664 sed
383 623 501 684 quo
532 605 729 666 cultui
760 604 970 666 divino
1001 604 1366 678 dicanturP,·
1413 603 1526 687 qui
1554 610 1622 667 et
1648 604 1787 687 ipse
1813 605 2121 685 Baptismi
2149 605 2297 667 finis
2327 612 2447 667 est.

309 751 499 809 Quodsi
533 753 685 817 vulgo
717 754 972 817 aliquibus
1006 755 1061 805 in
1094 755 1218 805 locis
1257 793 1269 805 .
1300 793 1314 806 .
1351 793 1362 806 .
1397 756 1683 819 baptismus
1715 755 1918 816 dicitur,
1939 755 1993 804 id
2029 771 2092 805 ex
2126 771 2185 807 eo
2218 755 2293 815 fit,
2317 755 2450 818 quod

375 835 584 883 nomina
624 836 883 898 campanis
914 871 928 885 .
964 872 976 884 .
1011 873 1024 886 .
1072 837 1413 900 imponantur.
1436 865 1500 874 —
1527 836 1684 901 [Bell.
1719 836 1869 901 Apol.
1904 852 1996 900 pro
2029 836 2203 900 Resp]
2250 852 2298 900 p.
2339 839 2448 887 110.

380 913 520 977 [Op.,
554 919 675 964 tom.
702 916 788 966 vii.
823 915 916 965 col.
944 917 1054 968 766.
1081 917 1170 981 Β.]

347 1013 541 1094 Vulyo
576 1012 642 1075 id
677 1021 935 1077 tantum
977 1015 1125 1091 dici,
1157 1016 1313 1079 dicit
1346 1016 1724 1080 CardinaIiS.
1814 1019 1940 1080 Ars
1971 1038 2046 1080 ea
2076 1023 2285 1081 vestra
2314 1025 2411 1081 est
2429 1043 2447 1094 ;
2498 1023 2645 1073 Ritus
2668 1023 2723 1070 in

243 1116 420 1198 apud
480 1115 811 1198 populum,
875 1118 1233 1198 baptismus,
1284 1118 1455 1202 apud
1513 1118 1884 1202 prudenteS,
1940 1120 2282 1182 benedictio
2331 1126 2447 1183 est.
2471 1102 2740 1212 „dfflffim

242 1220 425 1280 Ante
456 1239 657 1281 annos
693 1219 1098 1302 octingentos
1141 1222 1525 1286 interdictus
1568 1222 1639 1284 in
1676 1222 2028 1302 Capitulari
2064 1223 2274 1286 Caroli
2304 1224 2452 1303 bap-

245 1322 468 1382 tismus
504 1322 870 1384 Clocharum
888 1334 936 1385 q.
1036 1324 1572 1406 Superstitionem
1615 1324 1827 1405 (dicet)
1882 1323 2290 1406 prohibitam,
2322 1346 2456 1388 non

246 1423 604 1505 legitimam
634 1424 1203 1489 consecrationem.
1299 1426 1448 1505 Sed,
1483 1448 1567 1489 an
1596 1428 1912 1507 Baptismi
1955 1426 2218 1490 nomine
2263 1427 2453 1490 intel-

242 1527 508 1609 ligenda
527 1527 666 1610 jam
689 1528 864 1591 venit
892 1530 1252 1610 superstitio
1271 1531 1304 1592 ?
1350 1531 1451 1592 vel
1475 1551 1556 1592 an
1584 1530 1924 1612 quicquam
1952 1551 2030 1593 ea
2060 1537 2250 1594 aetate
2280 1531 2452 1608 fecit,

245 1630 322 1691 in
370 1630 518 1703 suia,
567 1632 948 1711 supa-stitia,
984 1630 1154 1713 quod
1198 1652 1310 1695 vos
1353 1632 1424 1694 iu
1467 1633 1699 1695 vestris
1739 1632 1929 1696 hodie
1975 1655 2111 1697 non
2155 1633 2406 1697 faciatis
2423 1636 2452 1696 Ρ

249 1731 447 1794 Certe
476 1731 546 1793 in
578 1731 938 1795 Pontificali
966 1739 1200 1810 vestm,
1232 1733 1628 1797 exorcizatur
1657 1740 1723 1798 et
1757 1735 1886 1812 Sal,
1919 1736 2009 1798 ad
2035 1736 2459 1817 expellendum

249 1854 557 1914 campana
594 1833 911 1897 inimicum
921 1844 962 1911 ¹,
1003 1841 1069 1898 et
1109 1856 1294 1917 aqua,
1336 1842 1408 1898 ut
1447 1838 1716 1899 omnium
1743 1858 2089 1917 pravorum
2126 1839 2460 1919 spirituum

249 1935 591 2015 nequitiam
621 1935 885 2015 ejiciat&
922 1920 949 1944 ⁶
978 1935 1233 1999 Dicitur
1261 1935 1370 2014 ibi,
1404 1936 1641 2000 dicitur
1670 1945 1736 2002 et
1765 1938 1834 2001 in
1868 1939 2110 2003 Ordine
2145 1940 2456 2016 Romano,

253 2040 515 2101 tinctum
553 2040 620 2101 in
664 2060 827 2120 aqua
871 2040 1398 2103 tintinnabulum&
1493 2042 1767 2120 Petitur,
1799 2048 1870 2104 ut
1899 2044 2256 2105 elementum
2286 2062 2460 2123 aquoe

252 2143 700 2222 mysterialiter
747 2142 1048 2222 baptismo
1102 2144 1481 2205 commodum
1534 2143 1602 2205 S.
1646 2144 1926 2224 Spiritus
1970 2145 2071 2206 sui
2121 2146 2461 2207 sanctitate

252 2244 578 2307 reddatur.
670 2244 1145 2307 Sanctificatur.
1238 2245 1513 2323 Dicitur,
1568 2246 1723 2308 Haec
1777 2247 2132 2309 commixtio
2193 2248 2350 2309 salis
2399 2252 2461 2308 et

255 2366 428 2426 aquoe
487 2346 792 2430 efficiatur
847 2348 1126 2409 salutare
1180 2348 1651 2409 Sacramentum
1697 2349 1766 2409 in
1815 2350 2058 2410 nomine
2105 2350 2346 2425 Patris,
2400 2355 2461 2411 et

255 2449 427 2527 Filii,
459 2456 520 2513 et
553 2449 830 2530 Spiritus
867 2450 1150 2514 Sanctiu.
1241 2450 1442 2534 Cujus
1481 2450 1619 2534 jam
1665 2451 2064 2515 Sacramenti
2090 2453 2312 2534 pigere
2349 2472 2461 2515 vos

254 2552 481 2635 incipit
507 2576 521 2614 ε
570 2573 764 2634 quare
796 2552 1006 2615 deleta
1045 2573 1121 2615 ea
1147 2552 1344 2615 verba
1374 2560 1546 2631 sunt,
1579 2555 1887 2637 efficiatur
1916 2555 2196 2616 salutare
2228 2555 2460 2617 Sacra-

255 2660 524 2715 mentum
559 2654 651 2734 (in
683 2653 1043 2717 Pontificali
1072 2674 1237 2717 novo
1269 2654 1624 2718 Clementis
1654 2655 1910 2736 VIII.),
1944 2663 2009 2718 et
2042 2676 2157 2737 pro
2189 2655 2279 2718 eis
2323 2656 2462 2738 jam

243 2758 498 2837 pariter
532 2755 695 2836 fiat¹
742 2755 1125 2819 substituta:
1185 2756 1338 2839 quid
1389 2764 1602 2819 autem
1651 2757 1783 2834 fiat,
1818 2756 2234 2838 cogitandum
2269 2757 2461 2820 relin-

260 2859 497 2940 quitur.
586 2859 772 2936 Tum‚
807 2857 1149 2922 adhibetur
1190 2858 1479 2936 verbum,
1527 2860 1660 2921 Voa·
1688 2860 1943 2921 Domini
1982 2878 2168 2939 super
2207 2869 2459 2940 aquas&

260 2960 439 3026 Quot
482 2981 631 3023 vero
676 2960 919 3023 vicibus
962 2961 1026 3023 id
1076 2960 1408 3043 repetitur,
1455 2967 1555 3024 tot
1604 2961 1787 3043 signa
1833 2963 2017 3038 fiunt,
2066 2982 2212 3024 cum
2245 2961 2461 3025 Chris-

256 3072 452 3128 mate.
544 3044 801 3140 Oditur,
841 3064 931 3125 Tu
960 3065 1075 3126 hoc
1106 3063 1588 3126 tintinnabulum
1617 3064 1848 3127 coelesti
1878 3064 2296 3127 benedictione
2312 3086 2465 3145 per-

243 3166 470 3248 funde,
520 3173 588 3228 ut
648 3172 792 3228 ante
849 3167 1116 3229 sonitum
1167 3167 1298 3246 ejus
1357 3167 1533 3247 longe
1592 3165 1939 3248 effuqentur
1995 3167 2196 3247 iynita
2239 3168 2464 3248 jacula
2511 3214 2518 3217 -

257 3270 550 3331 inimici¹.
622 3269 881 3345 Oratur,
913 3268 1054 3331 Hoc
1083 3267 1563 3347 tintinnabulum
1598 3269 1816 3331 Sancti
1850 3269 2126 3349 Spiritus
2154 3290 2296 3332 rore
2312 3291 2463 3351 per-

241 3370 468 3450 funde,
509 3376 579 3432 ut
628 3376 771 3433 ante
812 3371 1083 3432 sonitum
1128 3370 1260 3450 ejus
1306 3389 1547 3450 semper
1584 3368 1807 3452 suyiat
1861 3370 2211 3453 [bonorum]
2258 3372 2463 3433 inimi-

254 3483 419 3536 cus‘.
512 3472 909 3534 Adhibentur
943 3472 1320 3552 Compatres,
1360 3472 1723 3552 (praecipue,
1757 3473 1863 3551 qui
1880 3470 2154 3550 fortuna
2171 3474 2456 3555 pollent,)

260 3579 619 3650 eoeorantur,
681 3579 751 3635 ut
815 3572 964 3655 [leg.
1020 3573 1152 3655 qui]
1212 3573 1657 3653 baptizationis
1717 3578 2003 3651 tempore,
2047 3570 2287 3651 sunem,
2349 3592 2466 3651 quo

259 3697 565 3757 campana
624 3677 896 3755 reliyata
947 3681 1058 3752 est,
1110 3680 1393 3756 tanyant.
1487 3673 1586 3734 Ac
1636 3672 2050 3752 Suffrayaneo
2087 3674 2469 3751 praecinente

266 3777 799 3860 (quemadmodum
829 3777 895 3838 in
918 3778 1321 3856 parvulorum
1352 3775 1774 3855 baptizatione
1790 3772 1942 3853 fieri
1965 3774 2192 3835 assolet
2220 3772 2463 3854 [solet])

329 3956 350 3985 Ρ
385 3946 580 4011 [Steph.
606 3944 818 3994 Durant.
843 3944 906 3994 de
936 3943 1140 3993 Ritibus
1161 3943 1323 4007 Eccl]
1477 3951 1500 3973 ⁸
1566 3940 1727 4004 Ibid.]

260 4011 350 4060 lib.
375 4012 409 4059 i.
442 4025 548 4073 cap.
576 4012 654 4059 22.
691 4024 830 4058 num.
855 4012 901 4058 6.
939 4008 1008 4073 [p.
1026 4008 1104 4059 73.
1134 4007 1323 4068 Romae,
1474 4015 1497 4037 ¹
1556 4005 1847 4055 Pontificale
1863 4003 2107 4055 Clement.
2119 4003 2267 4053 Vm.
2286 4018 2334 4066 p.
2352 4005 2462 4054 522.

262 4073 454 4185 1591.ἶΓ
1410 4072 1500 4120 col.
1529 4073 1571 4118 1.
1610 4068 1785 4119 Romae
1814 4070 1982 4133 1595]

327 4147 351 4177 ἢ
384 4138 406 4201 [
457 4136 541 4187 ide
566 4137 635 4186 Ca
671 4136 801 4186 itula
829 4135 893 4186 de
915 4135 1127 4185 diversis
1159 4135 1321 4184 rebus.
1474 4143 1496 4175 5
1531 4133 1847 4199 [pontificale
1888 4133 1969 4182 Pii
2006 4132 2096 4182 IV.
2141 4132 2224 4181 fol.
2259 4132 2368 4181 168.
2398 4131 2459 4181 A.

263 4204 336 4252 Ca
372 4204 431 4250 it.
468 4201 622 4250 xvu
657 4237 669 4249 .
707 4199 841 4263 apud
878 4200 1039 4263 Capit.
1082 4199 1318 4262 Aquisgr.
1408 4199 1499 4248 ool.
1524 4201 1567 4246 2.

258 4294 328 4303 —
403 4280 480 4315 nc.
506 4269 625 4314 tom.
649 4265 736 4314 vii.
772 4264 863 4313 col.
889 4268 1001 4315 990.
1025 4263 1110 4328 Β.]
1474 4270 1492 4292 ¹
1529 4262 1550 4326 [
1600 4260 1851 4311 ontificale
1866 4259 2270 4310 clemennvlll.
2322 4261 2463 4309 .529.

331 4339 349 4361 ¹
383 4329 709 4395 [Pontifioele
744 4327 824 4377 Pii
860 4328 951 4378 IV.
1000 4328 1084 4377 fol.
1121 4329 1230 4375 166.
1259 4328 1319 4375 A.
1409 4326 1499 4375 col.
1527 4330 1589 4384 13
1627 4326 1765 4375 Cous.
1792 4325 1976 4375 Pontis.
2011 4326 2092 4374 Pii
2115 4324 2209 4374 IV.
2242 4323 2292 4373 fo
2313 4361 2325 4372 .
2355 4326 2461 4373 168.

260 4395 357 4445 col.
383 4397 427 4442 2.
455 4393 633 4443 Venet.
659 4391 824 4457 1661]
1414 4390 1469 4438 Β.
1503 4391 1597 4439 ool.
1621 4390 1694 4453 2.]

268 4461 273 4465 ’
331 4467 348 4489 ·
385 4457 541 4522 [Ibid.
578 4457 660 4506 sol.
692 4460 803 4506 166.
829 4456 885 4507 Β.
921 4457 1012 4506 col.
1039 4458 1081 4503 1.
1475 4462 1496 4484 ⁸
1532 4453 1855 4517 [Pontificale
1892 4452 1974 4503 Pii
2009 4452 2098 4503 IV.
2145 4453 2229 4504 sol.
2271 4455 2375 4502 169.
2399 4452 2461 4501 A.

334 4525 350 4554 ⁸
386 4521 540 4587 [ibid.
575 4522 659 4570 fol.
686 4524 794 4570 166.
822 4521 878 4570 Β.
914 4521 1005 4570 col.
1031 4522 1074 4568 2.
1412 4519 1504 4568 col.
1530 4520 1602 4583 2.]
