<?xml version="1.0" encoding="UTF-8"?>
<!DOCTYPE html PUBLIC "-//W3C//DTD XHTML 1.0 Transitional//EN"
    "http://www.w3.org/TR/xhtml1/DTD/xhtml1-transitional.dtd">
<html xmlns="http://www.w3.org/1999/xhtml" xml:lang="en" lang="en">
 <head>
  <title>
</title>
<meta http-equiv="Content-Type" content="text/html;charset=utf-8" />
  <meta name='ocr-system' content='tesseract 3.04.00' />
  <meta name='ocr-capabilities' content='ocr_page ocr_carea ocr_par ocr_line ocrx_word'/>
</head>
<body>
  <div class='ocr_page' id='page_1' title='image "./responsioadapol01andrgoog_0345.png"; bbox 0 0 3165 4959; ppageno 0'>
   <div class='ocr_carea' id='block_1_1' title="bbox 991 338 2477 407">
    <p class='ocr_par' dir='ltr' id='par_1_1' title="bbox 991 338 2477 407">
     <span class='ocr_line' id='line_1_1' title="bbox 991 338 2477 407; baseline 0.005 -9"><span class='ocrx_word' id='word_1_1' title='bbox 991 352 1354 401; x_wconf 67' lang='lat' dir='ltr'><strong>Aromomm</strong></span> <span class='ocrx_word' id='word_1_2' title='bbox 1400 356 1766 404; x_wconf 63' lang='lat' dir='ltr'><strong>Rssrossm.</strong></span> <span class='ocrx_word' id='word_1_3' title='bbox 2346 338 2477 407; x_wconf 83' lang='lat'><strong>309</strong></span> 
     </span>
    </p>
   </div>
   <div class='ocr_carea' id='block_1_2' title="bbox 261 504 2475 1914">
    <p class='ocr_par' dir='ltr' id='par_1_2' title="bbox 261 504 2475 1914">
     <span class='ocr_line' id='line_1_2' title="bbox 267 504 2475 596; baseline 0.004 -29"><span class='ocrx_word' id='word_1_4' title='bbox 267 504 551 569; x_wconf 76' lang='lat' dir='ltr'>sessione</span> <span class='ocrx_word' id='word_1_5' title='bbox 580 507 752 589; x_wconf 90' lang='lat' dir='ltr'><strong>pulsi</strong></span> <span class='ocrx_word' id='word_1_6' title='bbox 776 507 835 570; x_wconf 87' lang='lat' dir='ltr'><strong>vi</strong></span> <span class='ocrx_word' id='word_1_7' title='bbox 860 509 1117 590; x_wconf 85' lang='lat' dir='ltr'><strong>partim,</strong></span> <span class='ocrx_word' id='word_1_8' title='bbox 1138 512 1374 593; x_wconf 85' lang='lat' dir='ltr'><strong>partim</strong></span> <span class='ocrx_word' id='word_1_9' title='bbox 1396 519 1540 574; x_wconf 89' lang='lat' dir='ltr'><strong>astu</strong></span> <span class='ocrx_word' id='word_1_10' title='bbox 1560 511 1939 593; x_wconf 85' lang='lat' dir='ltr'><strong>Pontificis,)</strong></span> <span class='ocrx_word' id='word_1_11' title='bbox 1974 532 2227 596; x_wconf 86' lang='lat' dir='ltr'><strong>semper</strong></span> <span class='ocrx_word' id='word_1_12' title='bbox 2255 518 2475 575; x_wconf 87' lang='lat' dir='ltr'><strong>tamen</strong></span> 
     </span>
     <span class='ocr_line' id='line_1_3' title="bbox 263 608 2472 697; baseline 0.003 -26"><span class='ocrx_word' id='word_1_13' title='bbox 263 608 676 673; x_wconf 88' lang='lat' dir='ltr'><strong>retinuerunt</strong></span> <span class='ocrx_word' id='word_1_14' title='bbox 739 611 1046 674; x_wconf 82' lang='lat' dir='ltr'><strong>Germani</strong></span> <span class='ocrx_word' id='word_1_15' title='bbox 1106 615 1410 679; x_wconf 77' lang='lat' dir='ltr'><strong>CaesareS.</strong></span> <span class='ocrx_word' id='word_1_16' title='bbox 1532 616 1766 679; x_wconf 83' lang='lat' dir='ltr'><strong>&#39;ritulis</strong></span> <span class='ocrx_word' id='word_1_17' title='bbox 1825 622 2044 679; x_wconf 90' lang='lat' dir='ltr'><strong>autem</strong></span> <span class='ocrx_word' id='word_1_18' title='bbox 2106 615 2472 697; x_wconf 82' lang='lat' dir='ltr'>Principem</span> 
     </span>
     <span class='ocr_line' id='line_1_4' title="bbox 264 712 2472 800; baseline 0.003 -26"><span class='ocrx_word' id='word_1_19' title='bbox 264 712 554 794; x_wconf 85' lang='lat' dir='ltr'><strong>quemvis</strong></span> <span class='ocrx_word' id='word_1_20' title='bbox 602 713 928 795; x_wconf 89' lang='lat' dir='ltr'><strong>insignire,</strong></span> <span class='ocrx_word' id='word_1_21' title='bbox 977 737 1093 797; x_wconf 89' lang='lat' dir='ltr'><strong>par</strong></span> <span class='ocrx_word' id='word_1_22' title='bbox 1138 724 1256 794; x_wconf 89' lang='lat' dir='ltr'><strong>est,</strong></span> <span class='ocrx_word' id='word_1_23' title='bbox 1306 718 1551 800; x_wconf 82' lang='lat' dir='ltr'><strong>prisciS‚</strong></span> <span class='ocrx_word' id='word_1_24' title='bbox 1601 720 1767 783; x_wconf 90' lang='lat' dir='ltr'><strong>suis:</strong></span> <span class='ocrx_word' id='word_1_25' title='bbox 1814 741 1947 781; x_wconf 89' lang='lat' dir='ltr'><strong>non</strong></span> <span class='ocrx_word' id='word_1_26' title='bbox 2000 717 2329 800; x_wconf 88' lang='lat' dir='ltr'><strong>insignire,</strong></span> <span class='ocrx_word' id='word_1_27' title='bbox 2376 717 2472 780; x_wconf 94' lang='lat' dir='ltr'><strong>in-</strong></span> 
     </span>
     <span class='ocr_line' id='line_1_5' title="bbox 263 814 2471 898; baseline 0.004 -23"><span class='ocrx_word' id='word_1_28' title='bbox 263 814 448 877; x_wconf 85' lang='lat' dir='ltr'>civile</span> <span class='ocrx_word' id='word_1_29' title='bbox 525 836 778 898; x_wconf 84' lang='lat' dir='ltr'><strong>semper</strong></span> <span class='ocrx_word' id='word_1_30' title='bbox 852 825 948 879; x_wconf 88' lang='lat' dir='ltr'><strong>est</strong></span> <span class='ocrx_word' id='word_1_31' title='bbox 1009 818 1349 897; x_wconf 88' lang='lat' dir='ltr'><strong>habitum;</strong></span> <span class='ocrx_word' id='word_1_32' title='bbox 1427 820 1548 883; x_wconf 89' lang='lat' dir='ltr'><strong>etsi</strong></span> <span class='ocrx_word' id='word_1_33' title='bbox 1610 820 1803 884; x_wconf 88' lang='lat' dir='ltr'><strong>titulo</strong></span> <span class='ocrx_word' id='word_1_34' title='bbox 1862 822 2028 885; x_wconf 87' lang='lat' dir='ltr'><strong>forte</strong></span> <span class='ocrx_word' id='word_1_35' title='bbox 2093 842 2195 884; x_wconf 87' lang='lat' dir='ltr'><strong>res</strong></span> <span class='ocrx_word' id='word_1_36' title='bbox 2269 821 2471 884; x_wconf 87' lang='lat' dir='ltr'><strong>abest.</strong></span> 
     </span>
     <span class='ocr_line' id='line_1_6' title="bbox 266 916 2473 1007; baseline 0.004 -28"><span class='ocrx_word' id='word_1_37' title='bbox 266 916 666 980; x_wconf 84' lang='lat' dir='ltr'><strong>Exciderunt</strong></span> <span class='ocrx_word' id='word_1_38' title='bbox 717 920 812 1000; x_wconf 88' lang='lat' dir='ltr'><strong>(ut</strong></span> <span class='ocrx_word' id='word_1_39' title='bbox 860 920 954 999; x_wconf 87' lang='lat' dir='ltr'><strong>fit)</strong></span> <span class='ocrx_word' id='word_1_40' title='bbox 1008 922 1199 984; x_wconf 92' lang='lat' dir='ltr'><strong>multi</strong></span> <span class='ocrx_word' id='word_1_41' title='bbox 1245 923 1642 1005; x_wconf 83' lang='lat' dir='ltr'><strong>possessione</strong></span> <span class='ocrx_word' id='word_1_42' title='bbox 1686 924 1843 1006; x_wconf 84' lang='lat' dir='ltr'><strong>ipsa,</strong></span> <span class='ocrx_word' id='word_1_43' title='bbox 1877 924 2052 986; x_wconf 89' lang='lat' dir='ltr'><strong>tituli</strong></span> <span class='ocrx_word' id='word_1_44' title='bbox 2083 930 2303 987; x_wconf 89' lang='lat' dir='ltr'><strong>tamen</strong></span> <span class='ocrx_word' id='word_1_45' title='bbox 2341 924 2473 1007; x_wconf 76' lang='lat' dir='ltr'><strong>juS,</strong></span> 
     </span>
     <span class='ocr_line' id='line_1_7' title="bbox 261 1021 2474 1110; baseline 0.004 -28"><span class='ocrx_word' id='word_1_46' title='bbox 261 1021 498 1083; x_wconf 84' lang='lat' dir='ltr'><strong>titulus</strong></span> <span class='ocrx_word' id='word_1_47' title='bbox 550 1022 738 1104; x_wconf 78' lang='lat' dir='ltr'><strong>juriS,</strong></span> <span class='ocrx_word' id='word_1_48' title='bbox 788 1030 1032 1085; x_wconf 86' lang='lat' dir='ltr'><strong>manet.</strong></span> <span class='ocrx_word' id='word_1_49' title='bbox 1126 1023 1495 1108; x_wconf 91' lang='lat' dir='ltr'><strong>Hispanum</strong></span> <span class='ocrx_word' id='word_1_50' title='bbox 1556 1027 1700 1109; x_wconf 89' lang='lat' dir='ltr'><strong>quis</strong></span> <span class='ocrx_word' id='word_1_51' title='bbox 1752 1048 1888 1089; x_wconf 93' lang='lat' dir='ltr'><strong>non</strong></span> <span class='ocrx_word' id='word_1_52' title='bbox 1947 1026 2168 1090; x_wconf 82' lang='lat' dir='ltr'>scribit</span> <span class='ocrx_word' id='word_1_53' title='bbox 2229 1027 2474 1110; x_wconf 82' lang='lat' dir='ltr'><strong>Regem</strong></span> 
     </span>
     <span class='ocr_line' id='line_1_8' title="bbox 270 1125 2472 1213; baseline 0.003 -27"><span class='ocrx_word' id='word_1_54' title='bbox 270 1125 701 1203; x_wconf 83' lang='lat' dir='ltr'><strong>Hierusalem,</strong></span> <span class='ocrx_word' id='word_1_55' title='bbox 735 1125 855 1188; x_wconf 85' lang='lat' dir='ltr'><strong>etsi</strong></span> <span class='ocrx_word' id='word_1_56' title='bbox 898 1126 1160 1208; x_wconf 84' lang='lat' dir='ltr'><strong>regione</strong></span> <span class='ocrx_word' id='word_1_57' title='bbox 1191 1127 1302 1190; x_wconf 88' lang='lat' dir='ltr'><strong>illa</strong></span> <span class='ocrx_word' id='word_1_58' title='bbox 1330 1135 1469 1192; x_wconf 88' lang='lat' dir='ltr'><strong>tota</strong></span> <span class='ocrx_word' id='word_1_59' title='bbox 1498 1130 1663 1193; x_wconf 88' lang='lat' dir='ltr'>nihil</span> <span class='ocrx_word' id='word_1_60' title='bbox 1708 1138 1859 1193; x_wconf 88' lang='lat' dir='ltr'><strong>actu</strong></span> <span class='ocrx_word' id='word_1_61' title='bbox 1900 1130 2232 1213; x_wconf 77' lang='lat' dir='ltr'><strong>possidet?</strong></span> <span class='ocrx_word' id='word_1_62' title='bbox 2282 1131 2472 1195; x_wconf 89' lang='lat' dir='ltr'><strong>Gallo</strong></span> 
     </span>
     <span class='ocr_line' id='line_1_9' title="bbox 264 1227 2472 1317; baseline 0.003 -26"><span class='ocrx_word' id='word_1_63' title='bbox 264 1235 334 1291; x_wconf 90' lang='lat' dir='ltr'><strong>et</strong></span> <span class='ocrx_word' id='word_1_64' title='bbox 367 1227 679 1311; x_wconf 88' lang='lat' dir='ltr'><strong>Hispano,</strong></span> <span class='ocrx_word' id='word_1_65' title='bbox 710 1228 971 1310; x_wconf 87' lang='lat' dir='ltr'><strong>utrique</strong></span> <span class='ocrx_word' id='word_1_66' title='bbox 1008 1230 1317 1293; x_wconf 84' lang='lat' dir='ltr'><strong>Navarrae</strong></span> <span class='ocrx_word' id='word_1_67' title='bbox 1346 1231 1580 1295; x_wconf 89' lang='lat' dir='ltr'><strong>titulus</strong></span> <span class='ocrx_word' id='word_1_68' title='bbox 1613 1232 1921 1311; x_wconf 83' lang='lat' dir='ltr'><strong>defertur,</strong></span> <span class='ocrx_word' id='word_1_69' title='bbox 1955 1241 2021 1296; x_wconf 92' lang='lat' dir='ltr'><strong>et</strong></span> <span class='ocrx_word' id='word_1_70' title='bbox 2059 1234 2170 1297; x_wconf 90' lang='lat' dir='ltr'><strong>ille</strong></span> <span class='ocrx_word' id='word_1_71' title='bbox 2199 1242 2472 1317; x_wconf 86' lang='lat' dir='ltr'><strong>partem,</strong></span> 
     </span>
     <span class='ocr_line' id='line_1_10' title="bbox 265 1333 2473 1422; baseline 0.002 -26"><span class='ocrx_word' id='word_1_72' title='bbox 265 1342 363 1397; x_wconf 77' lang='lat' dir='ltr'><strong>et.</strong></span> <span class='ocrx_word' id='word_1_73' title='bbox 395 1333 519 1410; x_wconf 89' lang='lat' dir='ltr'><strong>hic,</strong></span> <span class='ocrx_word' id='word_1_74' title='bbox 572 1340 839 1415; x_wconf 90' lang='lat' dir='ltr'><strong>uterque</strong></span> <span class='ocrx_word' id='word_1_75' title='bbox 897 1341 1101 1396; x_wconf 86' lang='lat' dir='ltr'><strong>totam</strong></span> <span class='ocrx_word' id='word_1_76' title='bbox 1162 1356 1294 1398; x_wconf 89' lang='lat' dir='ltr'><strong>non</strong></span> <span class='ocrx_word' id='word_1_77' title='bbox 1356 1335 1573 1400; x_wconf 85' lang='lat' dir='ltr'><strong>habet.</strong></span> <span class='ocrx_word' id='word_1_78' title='bbox 1667 1337 2055 1421; x_wconf 80' lang='lat' dir='ltr'><strong>Quanquam</strong></span> <span class='ocrx_word' id='word_1_79' title='bbox 2117 1339 2271 1422; x_wconf 88' lang='lat' dir='ltr'><strong>quid</strong></span> <span class='ocrx_word' id='word_1_80' title='bbox 2329 1338 2473 1402; x_wconf 87' lang='lat' dir='ltr'><strong>istis</strong></span> 
     </span>
     <span class='ocr_line' id='line_1_11' title="bbox 263 1422 2470 1523; baseline 0.003 -24"><span class='ocrx_word' id='word_1_81' title='bbox 263 1437 527 1499; x_wconf 84' lang='lat' dir='ltr'><strong>moror?</strong></span> <span class='ocrx_word' id='word_1_82' title='bbox 575 1436 704 1497; x_wconf 78' lang='lat' dir='ltr'><strong>Vix</strong></span> <span class='ocrx_word' id='word_1_83' title='bbox 746 1437 1088 1520; x_wconf 89' lang='lat' dir='ltr'><strong>quisquam</strong></span> <span class='ocrx_word' id='word_1_84' title='bbox 1118 1459 1232 1520; x_wconf 88' lang='lat' dir='ltr'><strong>per</strong></span> <span class='ocrx_word' id='word_1_85' title='bbox 1273 1438 1496 1502; x_wconf 89' lang='lat' dir='ltr'><strong>orbem</strong></span> <span class='ocrx_word' id='word_1_86' title='bbox 1527 1422 1970 1504; x_wconf 65' lang='lat' dir='ltr'><strong>Christianum</strong></span> <span class='ocrx_word' id='word_1_87' title='bbox 2003 1442 2308 1523; x_wconf 80' lang='lat' dir='ltr'><strong>Princeps</strong></span> <span class='ocrx_word' id='word_1_88' title='bbox 2352 1451 2470 1521; x_wconf 90' lang='lat' dir='ltr'><strong>est,</strong></span> 
     </span>
     <span class='ocr_line' id='line_1_12' title="bbox 264 1537 2473 1626; baseline 0.003 -25"><span class='ocrx_word' id='word_1_89' title='bbox 264 1539 372 1601; x_wconf 88' lang='lat' dir='ltr'><strong>cui</strong></span> <span class='ocrx_word' id='word_1_90' title='bbox 403 1559 532 1601; x_wconf 89' lang='lat' dir='ltr'><strong>non</strong></span> <span class='ocrx_word' id='word_1_91' title='bbox 562 1537 631 1600; x_wconf 94' lang='lat' dir='ltr'><strong>in</strong></span> <span class='ocrx_word' id='word_1_92' title='bbox 662 1538 870 1601; x_wconf 89' lang='lat' dir='ltr'><strong>titulis</strong></span> <span class='ocrx_word' id='word_1_93' title='bbox 901 1540 1005 1615; x_wconf 88' lang='lat' dir='ltr'><strong>sit,</strong></span> <span class='ocrx_word' id='word_1_94' title='bbox 1038 1539 1206 1622; x_wconf 88' lang='lat' dir='ltr'><strong>quod</strong></span> <span class='ocrx_word' id='word_1_95' title='bbox 1239 1541 1309 1603; x_wconf 94' lang='lat' dir='ltr'><strong>in</strong></span> <span class='ocrx_word' id='word_1_96' title='bbox 1339 1562 1409 1604; x_wconf 92' lang='lat' dir='ltr'><strong>re</strong></span> <span class='ocrx_word' id='word_1_97' title='bbox 1440 1563 1573 1604; x_wconf 92' lang='lat' dir='ltr'><strong>non</strong></span> <span class='ocrx_word' id='word_1_98' title='bbox 1606 1549 1726 1604; x_wconf 87' lang='lat' dir='ltr'><strong>est.</strong></span> <span class='ocrx_word' id='word_1_99' title='bbox 1820 1545 2037 1608; x_wconf 81' lang='lat' dir='ltr'><strong>Quare</strong></span> <span class='ocrx_word' id='word_1_100' title='bbox 2057 1544 2360 1626; x_wconf 88' lang='lat' dir='ltr'><strong>quicquid</strong></span> <span class='ocrx_word' id='word_1_101' title='bbox 2391 1544 2473 1607; x_wconf 92' lang='lat' dir='ltr'><strong>de</strong></span> 
     </span>
     <span class='ocr_line' id='line_1_13' title="bbox 266 1642 2472 1726; baseline 0.002 -21"><span class='ocrx_word' id='word_1_102' title='bbox 266 1642 461 1705; x_wconf 88' lang='lat' dir='ltr'><strong>titulo</strong></span> <span class='ocrx_word' id='word_1_103' title='bbox 505 1642 588 1704; x_wconf 89' lang='lat' dir='ltr'><strong>sit</strong></span> <span class='ocrx_word' id='word_1_104' title='bbox 621 1642 891 1704; x_wconf 82' lang='lat' dir='ltr'><strong>Romani</strong></span> <span class='ocrx_word' id='word_1_105' title='bbox 910 1642 1377 1723; x_wconf 74' lang='lat' dir='ltr'><strong>-Imperatoris;</strong></span> <span class='ocrx_word' id='word_1_106' title='bbox 1424 1644 1503 1707; x_wconf 83' lang='lat' dir='ltr'><strong>ab</strong></span> <span class='ocrx_word' id='word_1_107' title='bbox 1549 1646 1809 1726; x_wconf 79' lang='lat' dir='ltr'><strong>imperio</strong></span> <span class='ocrx_word' id='word_1_108' title='bbox 1853 1646 2133 1709; x_wconf 83' lang='lat' dir='ltr'><strong>Romano</strong></span> <span class='ocrx_word' id='word_1_109' title='bbox 2178 1647 2472 1710; x_wconf 75' lang='lat' dir='ltr'><strong>discessio</strong></span> 
     </span>
     <span class='ocr_line' id='line_1_14' title="bbox 264 1746 2471 1830; baseline 0.003 -22"><span class='ocrx_word' id='word_1_110' title='bbox 264 1746 436 1809; x_wconf 87' lang='lat' dir='ltr'><strong>faeta</strong></span> <span class='ocrx_word' id='word_1_111' title='bbox 478 1755 594 1825; x_wconf 91' lang='lat' dir='ltr'><strong>est,</strong></span> <span class='ocrx_word' id='word_1_112' title='bbox 627 1755 701 1809; x_wconf 93' lang='lat' dir='ltr'><strong>ut</strong></span> <span class='ocrx_word' id='word_1_113' title='bbox 745 1768 957 1830; x_wconf 91' lang='lat' dir='ltr'><strong>neque</strong></span> <span class='ocrx_word' id='word_1_114' title='bbox 1001 1747 1102 1811; x_wconf 87' lang='lat' dir='ltr'><strong>vel</strong></span> <span class='ocrx_word' id='word_1_115' title='bbox 1147 1770 1224 1811; x_wconf 93' lang='lat' dir='ltr'><strong>eo</strong></span> <span class='ocrx_word' id='word_1_116' title='bbox 1268 1769 1480 1826; x_wconf 87' lang='lat' dir='ltr'><strong>sensu,</strong></span> <span class='ocrx_word' id='word_1_117' title='bbox 1523 1757 1813 1813; x_wconf 85' lang='lat' dir='ltr'><strong>moretur</strong></span> <span class='ocrx_word' id='word_1_118' title='bbox 1856 1751 2318 1813; x_wconf 78' lang='lat' dir='ltr'><strong>Antichristum</strong></span> <span class='ocrx_word' id='word_1_119' title='bbox 2362 1751 2471 1814; x_wconf 88' lang='lat' dir='ltr'><strong>de·-</strong></span> 
     </span>
     <span class='ocr_line' id='line_1_15' title="bbox 262 1850 922 1914; baseline 0.002 -2"><span class='ocrx_word' id='word_1_120' title='bbox 262 1850 476 1914; x_wconf 87' lang='lat' dir='ltr'><strong>fectus</strong></span> <span class='ocrx_word' id='word_1_121' title='bbox 508 1851 922 1914; x_wconf 73' lang='lat' dir='ltr'><strong>discessionis.</strong></span> 
     </span>
    </p>
   </div>
   <div class='ocr_carea' id='block_1_3' title="bbox 329 1996 2473 2227">
    <p class='ocr_par' dir='ltr' id='par_1_3' title="bbox 329 1996 2473 2227">
     <span class='ocr_line' id='line_1_16' title="bbox 329 1996 2473 2065; baseline 0.002 -20"><span class='ocrx_word' id='word_1_122' title='bbox 329 1996 681 2045; x_wconf 78' lang='lat' dir='ltr'><strong>Antichristus</strong></span> <span class='ocrx_word' id='word_1_123' title='bbox 706 2031 722 2045; x_wconf 90' lang='lat'><strong>.</strong></span> <span class='ocrx_word' id='word_1_124' title='bbox 744 2033 757 2046; x_wconf 90' lang='lat'><strong>.</strong></span> <span class='ocrx_word' id='word_1_125' title='bbox 781 2033 794 2045; x_wconf 91' lang='lat'><strong>.</strong></span> <span class='ocrx_word' id='word_1_126' title='bbox 826 2011 928 2045; x_wconf 89' lang='lat' dir='ltr'><strong>non</strong></span> <span class='ocrx_word' id='word_1_127' title='bbox 959 1997 1171 2047; x_wconf 83' lang='lat' dir='ltr'><strong>extollet</strong></span> <span class='ocrx_word' id='word_1_128' title='bbox 1203 2012 1256 2047; x_wconf 89' lang='lat' dir='ltr'><strong>se</strong></span> <span class='ocrx_word' id='word_1_129' title='bbox 1294 2002 1497 2047; x_wconf 85' lang='lat' dir='ltr'><strong>tantum</strong></span> <span class='ocrx_word' id='word_1_130' title='bbox 1530 2014 1684 2063; x_wconf 84' lang='lat' dir='ltr'><strong>super</strong></span> <span class='ocrx_word' id='word_1_131' title='bbox 1718 2014 1817 2059; x_wconf 84' lang='lat' dir='ltr'><strong>eos,</strong></span> <span class='ocrx_word' id='word_1_132' title='bbox 1857 2001 1945 2064; x_wconf 87' lang='lat' dir='ltr'><strong>qni</strong></span> <span class='ocrx_word' id='word_1_133' title='bbox 1982 2000 2224 2050; x_wconf 86' lang='lat' dir='ltr'><strong>dicuntur</strong></span> <span class='ocrx_word' id='word_1_134' title='bbox 2259 2000 2348 2050; x_wconf 86' lang='lat' dir='ltr'><strong>Dii</strong></span> <span class='ocrx_word' id='word_1_135' title='bbox 2383 2016 2473 2065; x_wconf 88' lang='lat' dir='ltr'><strong>per</strong></span> 
     </span>
     <span class='ocr_line' id='line_1_17' title="bbox 394 2077 2473 2146; baseline 0.003 -20"><span class='ocrx_word' id='word_1_136' title='bbox 394 2077 649 2140; x_wconf 82' lang='lat' dir='ltr'><strong>quandam</strong></span> <span class='ocrx_word' id='word_1_137' title='bbox 683 2077 1094 2138; x_wconf 84' lang='lat' dir='ltr'><strong>similitudinem,</strong></span> <span class='ocrx_word' id='word_1_138' title='bbox 1122 2079 1201 2128; x_wconf 82' lang='lat' dir='ltr'><strong>vel</strong></span> <span class='ocrx_word' id='word_1_139' title='bbox 1236 2081 1698 2143; x_wconf 75' lang='lat' dir='ltr'><strong>participationem,</strong></span> <span class='ocrx_word' id='word_1_140' title='bbox 1734 2118 1746 2132; x_wconf 93' lang='lat'><strong>.</strong></span> <span class='ocrx_word' id='word_1_141' title='bbox 1775 2120 1786 2131; x_wconf 92' lang='lat'><strong>.</strong></span> <span class='ocrx_word' id='word_1_142' title='bbox 1809 2119 1820 2131; x_wconf 94' lang='lat'><strong>.</strong></span> <span class='ocrx_word' id='word_1_143' title='bbox 1853 2081 1940 2131; x_wconf 85' lang='lat' dir='ltr'><strong>sed</strong></span> <span class='ocrx_word' id='word_1_144' title='bbox 1973 2097 2123 2146; x_wconf 86' lang='lat' dir='ltr'><strong>super</strong></span> <span class='ocrx_word' id='word_1_145' title='bbox 2155 2098 2304 2133; x_wconf 88' lang='lat' dir='ltr'><strong>omne</strong></span> <span class='ocrx_word' id='word_1_146' title='bbox 2337 2082 2473 2145; x_wconf 88' lang='lat' dir='ltr'><strong>quod</strong></span> 
     </span>
     <span class='ocr_line' id='line_1_18' title="bbox 393 2158 2473 2227; baseline 0.002 -19"><span class='ocrx_word' id='word_1_147' title='bbox 393 2159 582 2208; x_wconf 86' lang='lat' dir='ltr'><strong>dicitnr</strong></span> <span class='ocrx_word' id='word_1_148' title='bbox 604 2158 757 2219; x_wconf 86' lang='lat' dir='ltr'><strong>Deus,</strong></span> <span class='ocrx_word' id='word_1_149' title='bbox 782 2158 864 2223; x_wconf 87' lang='lat' dir='ltr'><strong>[id</strong></span> <span class='ocrx_word' id='word_1_150' title='bbox 897 2164 975 2209; x_wconf 88' lang='lat' dir='ltr'><strong>est</strong></span> <span class='ocrx_word' id='word_1_151' title='bbox 1010 2175 1158 2223; x_wconf 88' lang='lat' dir='ltr'><strong>super</strong></span> <span class='ocrx_word' id='word_1_152' title='bbox 1191 2175 1392 2210; x_wconf 88' lang='lat' dir='ltr'><strong>omnem</strong></span> <span class='ocrx_word' id='word_1_153' title='bbox 1419 2161 1631 2225; x_wconf 85' lang='lat' dir='ltr'><strong>Deum,]</strong></span> <span class='ocrx_word' id='word_1_154' title='bbox 1669 2164 1775 2212; x_wconf 84' lang='lat' dir='ltr'><strong>sive</strong></span> <span class='ocrx_word' id='word_1_155' title='bbox 1813 2178 1904 2227; x_wconf 87' lang='lat' dir='ltr'><strong>per</strong></span> <span class='ocrx_word' id='word_1_156' title='bbox 1936 2165 2225 2223; x_wconf 81' lang='lat' dir='ltr'><strong>essentiam,</strong></span> <span class='ocrx_word' id='word_1_157' title='bbox 2249 2165 2354 2212; x_wconf 84' lang='lat' dir='ltr'><strong>sive</strong></span> <span class='ocrx_word' id='word_1_158' title='bbox 2384 2179 2473 2227; x_wconf 87' lang='lat' dir='ltr'><strong>per</strong></span> 
     </span>
    </p>
   </div>
   <div class='ocr_carea' id='block_1_4' title="bbox 391 2242 2470 2391">
    <p class='ocr_par' dir='ltr' id='par_1_4' title="bbox 391 2242 2470 2391">
     <span class='ocr_line' id='line_1_19' title="bbox 391 2242 2470 2312; baseline 0.003 -22"><span class='ocrx_word' id='word_1_159' title='bbox 391 2242 850 2307; x_wconf 70' lang='lat' dir='ltr'><strong>participationem,</strong></span> <span class='ocrx_word' id='word_1_160' title='bbox 874 2244 980 2293; x_wconf 81' lang='lat' dir='ltr'><strong>sive</strong></span> <span class='ocrx_word' id='word_1_161' title='bbox 1001 2245 1199 2305; x_wconf 81' lang='lat' dir='ltr'><strong>falsum,</strong></span> <span class='ocrx_word' id='word_1_162' title='bbox 1223 2247 1328 2295; x_wconf 82' lang='lat' dir='ltr'><strong>sive</strong></span> <span class='ocrx_word' id='word_1_163' title='bbox 1351 2246 1770 2310; x_wconf 68' lang='lat' dir='ltr'><strong>verum—[Bell.</strong></span> <span class='ocrx_word' id='word_1_164' title='bbox 1806 2248 1955 2312; x_wconf 84' lang='lat' dir='ltr'><strong>Apol.</strong></span> <span class='ocrx_word' id='word_1_165' title='bbox 1980 2263 2072 2312; x_wconf 90' lang='lat' dir='ltr'><strong>pro</strong></span> <span class='ocrx_word' id='word_1_166' title='bbox 2096 2246 2273 2311; x_wconf 76' lang='lat' dir='ltr'><strong>Resp]</strong></span> <span class='ocrx_word' id='word_1_167' title='bbox 2293 2262 2342 2311; x_wconf 91' lang='lat' dir='ltr'><strong>p.</strong></span> <span class='ocrx_word' id='word_1_168' title='bbox 2361 2249 2470 2297; x_wconf 84' lang='lat'><strong>129.</strong></span> 
     </span>
     <span class='ocr_line' id='line_1_20' title="bbox 395 2324 1154 2391; baseline 0.005 -18"><span class='ocrx_word' id='word_1_169' title='bbox 395 2324 536 2389; x_wconf 89' lang='lat' dir='ltr'><strong>[Op.,</strong></span> <span class='ocrx_word' id='word_1_170' title='bbox 558 2329 680 2374; x_wconf 85' lang='lat' dir='ltr'><strong>tom.</strong></span> <span class='ocrx_word' id='word_1_171' title='bbox 704 2326 791 2374; x_wconf 83' lang='lat' dir='ltr'><strong>vii.</strong></span> <span class='ocrx_word' id='word_1_172' title='bbox 812 2325 906 2375; x_wconf 88' lang='lat' dir='ltr'><strong>eol.</strong></span> <span class='ocrx_word' id='word_1_173' title='bbox 931 2326 1041 2378; x_wconf 84' lang='grc'><strong>777.</strong></span> <span class='ocrx_word' id='word_1_174' title='bbox 1067 2326 1154 2391; x_wconf 89' lang='grc' dir='ltr'><strong>Β.]</strong></span> 
     </span>
    </p>
   </div>
   <div class='ocr_carea' id='block_1_5' title="bbox 256 2433 2470 2624">
    <p class='ocr_par' dir='ltr' id='par_1_5' title="bbox 256 2433 2470 2624">
     <span class='ocr_line' id='line_1_21' title="bbox 352 2433 2470 2521; baseline 0.002 -25"><span class='ocrx_word' id='word_1_175' title='bbox 352 2434 654 2497; x_wconf 84' lang='lat' dir='ltr'><strong>Potestne</strong></span> <span class='ocrx_word' id='word_1_176' title='bbox 698 2454 849 2498; x_wconf 84' lang='lat' dir='ltr'><strong>vero</strong></span> <span class='ocrx_word' id='word_1_177' title='bbox 907 2434 1049 2518; x_wconf 87' lang='lat' dir='ltr'><strong>quis</strong></span> <span class='ocrx_word' id='word_1_178' title='bbox 1108 2433 1230 2498; x_wconf 89' lang='lat' dir='ltr'><strong>tibi</strong></span> <span class='ocrx_word' id='word_1_179' title='bbox 1296 2435 1578 2519; x_wconf 87' lang='lat' dir='ltr'><strong>(Lector)</strong></span> <span class='ocrx_word' id='word_1_180' title='bbox 1638 2437 2240 2521; x_wconf 87' lang='lat' dir='ltr'><strong>interpretationem</strong></span> <span class='ocrx_word' id='word_1_181' title='bbox 2298 2436 2470 2501; x_wconf 88' lang='lat' dir='ltr'><strong>illius</strong></span> 
     </span>
     <span class='ocr_line' id='line_1_22' title="bbox 256 2537 2466 2624; baseline 0.001 -23"><span class='ocrx_word' id='word_1_182' title='bbox 256 2537 405 2612; x_wconf 87' lang='lat' dir='ltr'><strong>loci,</strong></span> <span class='ocrx_word' id='word_1_183' title='bbox 467 2537 649 2610; x_wconf 80' lang='lat' dir='ltr'><em>Quod</em></span> <span class='ocrx_word' id='word_1_184' title='bbox 689 2539 925 2601; x_wconf 80' lang='lat' dir='ltr'><strong>dicitur</strong></span> <span class='ocrx_word' id='word_1_185' title='bbox 970 2539 1162 2616; x_wconf 79' lang='lat' dir='ltr'><strong>Deus,</strong></span> <span class='ocrx_word' id='word_1_186' title='bbox 1210 2546 1427 2623; x_wconf 82' lang='lat' dir='ltr'><strong>aptam</strong></span> <span class='ocrx_word' id='word_1_187' title='bbox 1473 2541 1680 2624; x_wconf 86' lang='lat' dir='ltr'><strong>magis</strong></span> <span class='ocrx_word' id='word_1_188' title='bbox 1723 2541 1824 2605; x_wconf 85' lang='lat' dir='ltr'><strong>vel</strong></span> <span class='ocrx_word' id='word_1_189' title='bbox 1867 2542 2176 2605; x_wconf 88' lang='lat' dir='ltr'><strong>fluentem</strong></span> <span class='ocrx_word' id='word_1_190' title='bbox 2222 2541 2466 2622; x_wconf 87' lang='lat' dir='ltr'><strong>sistere,</strong></span> 
     </span>
    </p>
   </div>
   <div class='ocr_carea' id='block_1_6' title="bbox 2584 706 2718 768">
    <p class='ocr_par' dir='ltr' id='par_1_6' title="bbox 2584 706 2718 768">
     <span class='ocr_line' id='line_1_23' title="bbox 2584 706 2718 768; baseline -0.015 0"><span class='ocrx_word' id='word_1_191' title='bbox 2584 706 2718 768; x_wconf 80' lang='lat'><strong>224</strong></span> 
     </span>
    </p>
   </div>
   <div class='ocr_carea' id='block_1_7' title="bbox 2494 2442 2796 2623">
    <p class='ocr_par' dir='ltr' id='par_1_7' title="bbox 2494 2442 2796 2623">
     <span class='ocr_line' id='line_1_24' title="bbox 2496 2442 2796 2508; baseline -0.003 -15"><span class='ocrx_word' id='word_1_192' title='bbox 2496 2442 2626 2508; x_wconf 87' lang='lat' dir='ltr'><strong>[Quo</strong></span> <span class='ocrx_word' id='word_1_193' title='bbox 2648 2457 2796 2494; x_wconf 83' lang='lat' dir='ltr'><strong>sensu</strong></span> 
     </span>
     <span class='ocr_line' id='line_1_25' title="bbox 2494 2510 2641 2558; baseline 0 0"><span class='ocrx_word' id='word_1_194' title='bbox 2494 2510 2641 2558; x_wconf 85' lang='lat' dir='ltr'><strong>Anti·</strong></span> 
     </span>
     <span class='ocr_line' id='line_1_26' title="bbox 2494 2573 2786 2623; baseline -0.003 0"><span class='ocrx_word' id='word_1_195' title='bbox 2494 2573 2710 2623; x_wconf 85' lang='lat' dir='ltr'><strong>christus</strong></span> <span class='ocrx_word' id='word_1_196' title='bbox 2733 2588 2786 2622; x_wconf 83' lang='lat' dir='ltr'><strong>se</strong></span> 
     </span>
    </p>
   </div>
   <div class='ocr_carea' id='block_1_8' title="bbox 265 2639 2799 2727">
    <p class='ocr_par' dir='ltr' id='par_1_8' title="bbox 265 2639 2799 2727">
     <span class='ocr_line' id='line_1_27' title="bbox 265 2639 2799 2727; baseline 0.001 -25"><span class='ocrx_word' id='word_1_197' title='bbox 265 2662 457 2723; x_wconf 89' lang='lat' dir='ltr'><strong>quam</strong></span> <span class='ocrx_word' id='word_1_198' title='bbox 489 2662 566 2703; x_wconf 91' lang='lat' dir='ltr'><strong>ex</strong></span> <span class='ocrx_word' id='word_1_199' title='bbox 595 2640 725 2719; x_wconf 91' lang='lat' dir='ltr'><strong>illo,</strong></span> <span class='ocrx_word' id='word_1_200' title='bbox 758 2641 899 2723; x_wconf 72' lang='lat' dir='ltr'><strong>qu</strong></span> <span class='ocrx_word' id='word_1_201' title='bbox 930 2642 1087 2719; x_wconf 77' lang='lat' dir='ltr'><strong>dioei,</strong></span> <span class='ocrx_word' id='word_1_202' title='bbox 1120 2642 1234 2704; x_wconf 86' lang='lat' dir='ltr'><strong>Dii</strong></span> <span class='ocrx_word' id='word_1_203' title='bbox 1271 2645 1461 2705; x_wconf 82' lang='lat' dir='ltr'><strong>estis²</strong></span> <span class='ocrx_word' id='word_1_204' title='bbox 1482 2645 1514 2705; x_wconf 86' lang='lat'><em>?</em></span> <span class='ocrx_word' id='word_1_205' title='bbox 1581 2643 1807 2726; x_wconf 86' lang='lat' dir='ltr'><strong>Ecqua</strong></span> <span class='ocrx_word' id='word_1_206' title='bbox 1834 2665 1983 2707; x_wconf 85' lang='lat' dir='ltr'><strong>vero</strong></span> <span class='ocrx_word' id='word_1_207' title='bbox 2016 2643 2237 2722; x_wconf 90' lang='lat' dir='ltr'><strong>tutior,</strong></span> <span class='ocrx_word' id='word_1_208' title='bbox 2270 2664 2470 2727; x_wconf 90' lang='lat' dir='ltr'><strong>ecqua</strong></span> <span class='ocrx_word' id='word_1_209' title='bbox 2493 2639 2704 2688; x_wconf 78' lang='lat' dir='ltr'><strong>extollet.</strong></span> <span class='ocrx_word' id='word_1_210' title='bbox 2721 2654 2799 2688; x_wconf 76' lang='lat'><strong>⁸¹¹·</strong></span> 
     </span>
    </p>
   </div>
   <div class='ocr_carea' id='block_1_9' title="bbox 2529 2717 2799 2753">
    <p class='ocr_par' dir='ltr' id='par_1_9' title="bbox 2529 2717 2799 2753">
     <span class='ocr_line' id='line_1_28' title="bbox 2529 2717 2799 2753; baseline 0.007 -2"><span class='ocrx_word' id='word_1_211' title='bbox 2529 2718 2583 2751; x_wconf 78' lang='grc' dir='ltr'><strong>θῐ·</strong></span> <span class='ocrx_word' id='word_1_212' title='bbox 2596 2717 2799 2753; x_wconf 71' lang='lat' dir='ltr'><strong>omnm</strong></span> 
     </span>
    </p>
   </div>
   <div class='ocr_carea' id='block_1_10' title="bbox 262 2743 2696 2832">
    <p class='ocr_par' dir='ltr' id='par_1_10' title="bbox 262 2743 2696 2832">
     <span class='ocr_line' id='line_1_29' title="bbox 262 2743 2696 2832; baseline 0.005 -27"><span class='ocrx_word' id='word_1_213' title='bbox 262 2743 594 2806; x_wconf 88' lang='lat' dir='ltr'><strong>nervosior</strong></span> <span class='ocrx_word' id='word_1_214' title='bbox 632 2745 1108 2827; x_wconf 85' lang='lat' dir='ltr'><strong>consequentia,</strong></span> <span class='ocrx_word' id='word_1_215' title='bbox 1159 2768 1352 2829; x_wconf 92' lang='lat' dir='ltr'><strong>quam</strong></span> <span class='ocrx_word' id='word_1_216' title='bbox 1396 2753 1472 2809; x_wconf 90' lang='lat' dir='ltr'><strong>ut</strong></span> <span class='ocrx_word' id='word_1_217' title='bbox 1514 2746 1815 2809; x_wconf 85' lang='lat' dir='ltr'><strong>dicantur</strong></span> <span class='ocrx_word' id='word_1_218' title='bbox 1850 2748 1965 2809; x_wconf 85' lang='lat' dir='ltr'><strong>Dii</strong></span> <span class='ocrx_word' id='word_1_219' title='bbox 2006 2746 2087 2810; x_wconf 90' lang='lat' dir='ltr'><strong>ab</strong></span> <span class='ocrx_word' id='word_1_220' title='bbox 2132 2747 2466 2830; x_wconf 88' lang='lat' dir='ltr'><strong>Apost010,</strong></span> <span class='ocrx_word' id='word_1_221' title='bbox 2544 2767 2696 2832; x_wconf 72' lang='lat' dir='ltr'><strong>eum]</strong></span> 
     </span>
    </p>
   </div>
   <div class='ocr_carea' id='block_1_11' title="bbox 260 2847 2477 3844">
    <p class='ocr_par' dir='ltr' id='par_1_11' title="bbox 260 2847 2477 3844">
     <span class='ocr_line' id='line_1_30' title="bbox 263 2847 2470 2931; baseline 0.003 -22"><span class='ocrx_word' id='word_1_222' title='bbox 263 2868 425 2930; x_wconf 90' lang='lat' dir='ltr'><strong>quos</strong></span> <span class='ocrx_word' id='word_1_223' title='bbox 477 2847 657 2911; x_wconf 89' lang='lat' dir='ltr'><strong>Deus</strong></span> <span class='ocrx_word' id='word_1_224' title='bbox 709 2848 844 2931; x_wconf 89' lang='lat' dir='ltr'><strong>ipse</strong></span> <span class='ocrx_word' id='word_1_225' title='bbox 891 2849 1059 2911; x_wconf 84' lang='lat' dir='ltr'><strong>Deos</strong></span> <span class='ocrx_word' id='word_1_226' title='bbox 1111 2849 1273 2912; x_wconf 82' lang='lat' dir='ltr'><strong>dixit</strong></span> <span class='ocrx_word' id='word_1_227' title='bbox 1334 2849 1405 2912; x_wconf 94' lang='lat' dir='ltr'><strong>in</strong></span> <span class='ocrx_word' id='word_1_228' title='bbox 1458 2849 1763 2913; x_wconf 83' lang='lat' dir='ltr'><strong>Psalmo?</strong></span> <span class='ocrx_word' id='word_1_229' title='bbox 1863 2850 2194 2914; x_wconf 87' lang='lat' dir='ltr'><strong>Cardinali</strong></span> <span class='ocrx_word' id='word_1_230' title='bbox 2245 2856 2470 2915; x_wconf 90' lang='lat' dir='ltr'><strong>tamen</strong></span> 
     </span>
     <span class='ocr_line' id='line_1_31' title="bbox 264 2952 2470 3037; baseline 0.002 -23"><span class='ocrx_word' id='word_1_231' title='bbox 264 2973 450 3015; x_wconf 90' lang='lat' dir='ltr'><strong>secus</strong></span> <span class='ocrx_word' id='word_1_232' title='bbox 508 2952 780 3032; x_wconf 87' lang='lat' dir='ltr'><strong>videtur,</strong></span> <span class='ocrx_word' id='word_1_233' title='bbox 841 2974 979 3016; x_wconf 93' lang='lat' dir='ltr'><strong>non</strong></span> <span class='ocrx_word' id='word_1_234' title='bbox 1036 2960 1172 3016; x_wconf 89' lang='lat' dir='ltr'><strong>tam</strong></span> <span class='ocrx_word' id='word_1_235' title='bbox 1231 2952 1399 3016; x_wconf 85' lang='lat' dir='ltr'><strong>forte</strong></span> <span class='ocrx_word' id='word_1_236' title='bbox 1470 2953 1771 3032; x_wconf 89' lang='lat' dir='ltr'><strong>libenter,</strong></span> <span class='ocrx_word' id='word_1_237' title='bbox 1834 2975 2030 3037; x_wconf 88' lang='lat' dir='ltr'><strong>quam</strong></span> <span class='ocrx_word' id='word_1_238' title='bbox 2090 2954 2470 3018; x_wconf 80' lang='lat' dir='ltr'><strong>necessario,</strong></span> 
     </span>
     <span class='ocr_line' id='line_1_32' title="bbox 261 3055 2474 3141; baseline 0.003 -24"><span class='ocrx_word' id='word_1_239' title='bbox 261 3055 526 3137; x_wconf 87' lang='lat' dir='ltr'><strong>Negare</strong></span> <span class='ocrx_word' id='word_1_240' title='bbox 556 3055 731 3119; x_wconf 88' lang='lat' dir='ltr'><strong>enim</strong></span> <span class='ocrx_word' id='word_1_241' title='bbox 775 3078 908 3120; x_wconf 95' lang='lat' dir='ltr'><strong>non</strong></span> <span class='ocrx_word' id='word_1_242' title='bbox 950 3062 1184 3140; x_wconf 88' lang='lat' dir='ltr'><strong>potest,</strong></span> <span class='ocrx_word' id='word_1_243' title='bbox 1218 3057 1525 3120; x_wconf 84' lang='lat' dir='ltr'><strong>extulisse</strong></span> <span class='ocrx_word' id='word_1_244' title='bbox 1565 3057 1742 3136; x_wconf 90' lang='lat' dir='ltr'><strong>olim,</strong></span> <span class='ocrx_word' id='word_1_245' title='bbox 1775 3057 1971 3120; x_wconf 89' lang='lat' dir='ltr'><strong>etiam</strong></span> <span class='ocrx_word' id='word_1_246' title='bbox 2008 3057 2149 3141; x_wconf 86' lang='lat' dir='ltr'><strong>jam</strong></span> <span class='ocrx_word' id='word_1_247' title='bbox 2177 3059 2474 3123; x_wconf 71' lang='lat' dir='ltr'><strong>extollere</strong></span> 
     </span>
     <span class='ocr_line' id='line_1_33' title="bbox 261 3162 2475 3244; baseline 0.001 -21"><span class='ocrx_word' id='word_1_248' title='bbox 261 3181 328 3223; x_wconf 83' lang='lat' dir='ltr'><strong>se</strong></span> <span class='ocrx_word' id='word_1_249' title='bbox 360 3162 622 3244; x_wconf 89' lang='lat' dir='ltr'><strong>Papam,</strong></span> <span class='ocrx_word' id='word_1_250' title='bbox 646 3182 834 3243; x_wconf 81' lang='lat' dir='ltr'><strong>super</strong></span> <span class='ocrx_word' id='word_1_251' title='bbox 863 3183 1036 3224; x_wconf 85' lang='lat' dir='ltr'><strong>omne</strong></span> <span class='ocrx_word' id='word_1_252' title='bbox 1067 3163 1233 3244; x_wconf 76' lang='lat' dir='ltr'><strong>quod</strong></span> <span class='ocrx_word' id='word_1_253' title='bbox 1268 3162 1431 3244; x_wconf 93' lang='lat' dir='ltr'><strong>(Deo</strong></span> <span class='ocrx_word' id='word_1_254' title='bbox 1463 3162 1740 3242; x_wconf 86' lang='lat' dir='ltr'><strong>dicente)</strong></span> <span class='ocrx_word' id='word_1_255' title='bbox 1771 3163 2006 3225; x_wconf 81' lang='lat' dir='ltr'><strong>dicitur</strong></span> <span class='ocrx_word' id='word_1_256' title='bbox 2024 3163 2216 3227; x_wconf 82' lang='lat' dir='ltr'><strong>Deus.</strong></span> <span class='ocrx_word' id='word_1_257' title='bbox 2280 3163 2475 3227; x_wconf 92' lang='lat' dir='ltr'><strong>Com-</strong></span> 
     </span>
     <span class='ocr_line' id='line_1_34' title="bbox 263 3264 2469 3349; baseline 0 -22"><span class='ocrx_word' id='word_1_258' title='bbox 263 3264 703 3328; x_wconf 87' lang='lat' dir='ltr'><strong>miniscendus</strong></span> <span class='ocrx_word' id='word_1_259' title='bbox 743 3265 839 3328; x_wconf 91' lang='lat' dir='ltr'><strong>illi</strong></span> <span class='ocrx_word' id='word_1_260' title='bbox 886 3287 1108 3329; x_wconf 89' lang='lat' dir='ltr'><strong>sensus</strong></span> <span class='ocrx_word' id='word_1_261' title='bbox 1154 3266 1335 3344; x_wconf 88' lang='lat' dir='ltr'><strong>alter,</strong></span> <span class='ocrx_word' id='word_1_262' title='bbox 1371 3267 1483 3349; x_wconf 92' lang='lat' dir='ltr'><strong>qui</strong></span> <span class='ocrx_word' id='word_1_263' title='bbox 1526 3273 1748 3330; x_wconf 87' lang='lat' dir='ltr'><strong>tamen</strong></span> <span class='ocrx_word' id='word_1_264' title='bbox 1795 3288 1929 3330; x_wconf 91' lang='lat' dir='ltr'><strong>non</strong></span> <span class='ocrx_word' id='word_1_265' title='bbox 1973 3266 2242 3349; x_wconf 87' lang='lat' dir='ltr'><strong>perinde</strong></span> <span class='ocrx_word' id='word_1_266' title='bbox 2285 3265 2432 3330; x_wconf 89' lang='lat' dir='ltr'><strong>fluit</strong></span> <span class='ocrx_word' id='word_1_267' title='bbox 2449 3291 2469 3344; x_wconf 82' lang='lat'>3</span> 
     </span>
     <span class='ocr_line' id='line_1_35' title="bbox 262 3368 2470 3451; baseline 0.002 -22"><span class='ocrx_word' id='word_1_268' title='bbox 262 3388 516 3450; x_wconf 90' lang='lat' dir='ltr'><strong>nempe,</strong></span> <span class='ocrx_word' id='word_1_269' title='bbox 572 3368 752 3440; x_wconf 84' lang='lat' dir='ltr'><strong>Quod</strong></span> <span class='ocrx_word' id='word_1_270' title='bbox 795 3369 1030 3432; x_wconf 80' lang='lat' dir='ltr'><strong>dicitur</strong></span> <span class='ocrx_word' id='word_1_271' title='bbox 1078 3370 1271 3447; x_wconf 85' lang='lat' dir='ltr'><strong>Deus,</strong></span> <span class='ocrx_word' id='word_1_272' title='bbox 1316 3370 1383 3432; x_wconf 94' lang='lat' dir='ltr'><strong>id</strong></span> <span class='ocrx_word' id='word_1_273' title='bbox 1439 3377 1557 3447; x_wconf 88' lang='lat' dir='ltr'><strong>est,</strong></span> <span class='ocrx_word' id='word_1_274' title='bbox 1603 3369 1771 3451; x_wconf 77' lang='lat' dir='ltr'><strong>quod</strong></span> <span class='ocrx_word' id='word_1_275' title='bbox 1815 3390 1940 3451; x_wconf 81' lang='lat' dir='ltr'><strong>per</strong></span> <span class='ocrx_word' id='word_1_276' title='bbox 1990 3371 2320 3432; x_wconf 81' lang='lat' dir='ltr'><strong>essentiam</strong></span> <span class='ocrx_word' id='word_1_277' title='bbox 2377 3375 2470 3434; x_wconf 80' lang='lat' dir='ltr'><strong>est</strong></span> 
     </span>
     <span class='ocr_line' id='line_1_36' title="bbox 262 3470 2472 3555; baseline 0.002 -23"><span class='ocrx_word' id='word_1_278' title='bbox 262 3471 452 3533; x_wconf 79' lang='lat' dir='ltr'><strong>Deus.</strong></span> <span class='ocrx_word' id='word_1_279' title='bbox 544 3472 634 3534; x_wconf 92' lang='lat' dir='ltr'><strong>At</strong></span> <span class='ocrx_word' id='word_1_280' title='bbox 664 3470 792 3534; x_wconf 89' lang='lat' dir='ltr'><strong>nisi</strong></span> <span class='ocrx_word' id='word_1_281' title='bbox 826 3471 908 3534; x_wconf 87' lang='lat' dir='ltr'><strong>ad</strong></span> <span class='ocrx_word' id='word_1_282' title='bbox 938 3471 1184 3555; x_wconf 89' lang='lat' dir='ltr'><strong>aliquos</strong></span> <span class='ocrx_word' id='word_1_283' title='bbox 1216 3472 1325 3555; x_wconf 92' lang='lat' dir='ltr'><strong>qui</strong></span> <span class='ocrx_word' id='word_1_284' title='bbox 1367 3472 1753 3549; x_wconf 89' lang='lat' dir='ltr'><strong>dicerentur,</strong></span> <span class='ocrx_word' id='word_1_285' title='bbox 1785 3472 1910 3535; x_wconf 92' lang='lat' dir='ltr'><strong>nisi</strong></span> <span class='ocrx_word' id='word_1_286' title='bbox 1954 3480 2020 3534; x_wconf 92' lang='lat' dir='ltr'><strong>et</strong></span> <span class='ocrx_word' id='word_1_287' title='bbox 2062 3471 2144 3534; x_wconf 90' lang='lat' dir='ltr'><strong>ad</strong></span> <span class='ocrx_word' id='word_1_288' title='bbox 2191 3471 2472 3553; x_wconf 88' lang='lat' dir='ltr'><strong>aliquem</strong></span> 
     </span>
     <span class='ocr_line' id='line_1_37' title="bbox 265 3571 2469 3657; baseline -0 -22"><span class='ocrx_word' id='word_1_289' title='bbox 265 3574 376 3657; x_wconf 90' lang='lat' dir='ltr'><strong>qui</strong></span> <span class='ocrx_word' id='word_1_290' title='bbox 419 3573 701 3651; x_wconf 85' lang='lat' dir='ltr'><strong>dixisset,</strong></span> <span class='ocrx_word' id='word_1_291' title='bbox 740 3574 1082 3657; x_wconf 88' lang='lat' dir='ltr'><strong>respiceret</strong></span> <span class='ocrx_word' id='word_1_292' title='bbox 1126 3574 1221 3637; x_wconf 93' lang='lat' dir='ltr'><strong>ibi</strong></span> <span class='ocrx_word' id='word_1_293' title='bbox 1251 3574 1609 3654; x_wconf 80' lang='lat' dir='ltr'><strong>Apostolus,</strong></span> <span class='ocrx_word' id='word_1_294' title='bbox 1649 3594 1831 3655; x_wconf 86' lang='lat' dir='ltr'><strong>aeque</strong></span> <span class='ocrx_word' id='word_1_295' title='bbox 1875 3572 2061 3636; x_wconf 87' lang='lat' dir='ltr'><strong>facile</strong></span> <span class='ocrx_word' id='word_1_296' title='bbox 2110 3572 2169 3635; x_wconf 90' lang='lat' dir='ltr'><strong>ei</strong></span> <span class='ocrx_word' id='word_1_297' title='bbox 2214 3571 2469 3651; x_wconf 83' lang='lat' dir='ltr'><strong>dixisse,</strong></span> 
     </span>
     <span class='ocr_line' id='line_1_38' title="bbox 260 3676 2477 3760; baseline 0.001 -20"><span class='ocrx_word' id='word_1_298' title='bbox 260 3697 449 3758; x_wconf 76' lang='lat' dir='ltr'><strong>super</strong></span> <span class='ocrx_word' id='word_1_299' title='bbox 478 3698 652 3740; x_wconf 83' lang='lat' dir='ltr'><strong>omne</strong></span> <span class='ocrx_word' id='word_1_300' title='bbox 692 3679 859 3760; x_wconf 77' lang='lat' dir='ltr'><strong>quod</strong></span> <span class='ocrx_word' id='word_1_301' title='bbox 890 3684 1000 3756; x_wconf 84' lang='lat' dir='ltr'><strong>est,</strong></span> <span class='ocrx_word' id='word_1_302' title='bbox 1033 3677 1133 3742; x_wconf 86' lang='lat' dir='ltr'><strong>vel</strong></span> <span class='ocrx_word' id='word_1_303' title='bbox 1175 3677 1424 3755; x_wconf 89' lang='lat' dir='ltr'><strong>saltem,</strong></span> <span class='ocrx_word' id='word_1_304' title='bbox 1455 3696 1643 3758; x_wconf 77' lang='lat' dir='ltr'><strong>super</strong></span> <span class='ocrx_word' id='word_1_305' title='bbox 1687 3696 1861 3739; x_wconf 81' lang='lat' dir='ltr'><strong>omne</strong></span> <span class='ocrx_word' id='word_1_306' title='bbox 1906 3676 2073 3757; x_wconf 81' lang='lat' dir='ltr'><strong>quod</strong></span> <span class='ocrx_word' id='word_1_307' title='bbox 2099 3676 2199 3739; x_wconf 84' lang='lat' dir='ltr'><strong>vel</strong></span> <span class='ocrx_word' id='word_1_308' title='bbox 2231 3682 2344 3752; x_wconf 87' lang='lat' dir='ltr'><strong>est,</strong></span> <span class='ocrx_word' id='word_1_309' title='bbox 2377 3678 2477 3742; x_wconf 86' lang='lat' dir='ltr'><strong>vel</strong></span> 
     </span>
     <span class='ocr_line' id='line_1_39' title="bbox 262 3782 519 3844; baseline -0.004 0"><span class='ocrx_word' id='word_1_310' title='bbox 262 3782 519 3844; x_wconf 82' lang='lat' dir='ltr'><strong>dicitur.</strong></span> 
     </span>
    </p>
   </div>
   <div class='ocr_carea' id='block_1_12' title="bbox 259 3914 2473 4373">
    <p class='ocr_par' dir='ltr' id='par_1_12' title="bbox 327 3914 2473 4143">
     <span class='ocr_line' id='line_1_40' title="bbox 327 3914 2473 3980; baseline 0.001 -16"><span class='ocrx_word' id='word_1_311' title='bbox 327 3914 473 3973; x_wconf 85' lang='lat' dir='ltr'><strong>Quod</strong></span> <span class='ocrx_word' id='word_1_312' title='bbox 497 3915 680 3965; x_wconf 87' lang='lat' dir='ltr'><strong>elarius</strong></span> <span class='ocrx_word' id='word_1_313' title='bbox 700 3915 904 3980; x_wconf 84' lang='lat' dir='ltr'><strong>scripsit</strong></span> <span class='ocrx_word' id='word_1_314' title='bbox 916 3914 1119 3976; x_wconf 86' lang='lat' dir='ltr'><strong>Daniel,</strong></span> <span class='ocrx_word' id='word_1_315' title='bbox 1133 3930 1174 3964; x_wconf 88' lang='lat' dir='ltr'><strong>c.</strong></span> <span class='ocrx_word' id='word_1_316' title='bbox 1188 3915 1259 3964; x_wconf 84' lang='lat' dir='ltr'><strong>xi.</strong></span> <span class='ocrx_word' id='word_1_317' title='bbox 1280 3918 1294 3940; x_wconf 91' lang='lat'><em>‘</em></span> <span class='ocrx_word' id='word_1_318' title='bbox 1308 3914 1472 3965; x_wconf 84' lang='lat' dir='ltr'><strong>Deum</strong></span> <span class='ocrx_word' id='word_1_319' title='bbox 1498 3914 1710 3964; x_wconf 86' lang='lat' dir='ltr'><strong>Patrum</strong></span> <span class='ocrx_word' id='word_1_320' title='bbox 1731 3928 1936 3964; x_wconf 83' lang='lat' dir='ltr'><strong>snorum</strong></span> <span class='ocrx_word' id='word_1_321' title='bbox 1958 3929 2063 3965; x_wconf 90' lang='lat' dir='ltr'><strong>non</strong></span> <span class='ocrx_word' id='word_1_322' title='bbox 2084 3916 2357 3979; x_wconf 84' lang='lat' dir='ltr'><strong>reputabit,</strong></span> <span class='ocrx_word' id='word_1_323' title='bbox 2379 3930 2473 3966; x_wconf 82' lang='lat' dir='ltr'><strong>nec</strong></span> 
     </span>
     <span class='ocr_line' id='line_1_41' title="bbox 392 3995 2473 4063; baseline 0 -17"><span class='ocrx_word' id='word_1_324' title='bbox 392 4011 679 4060; x_wconf 85' lang='lat' dir='ltr'><strong>quenquam</strong></span> <span class='ocrx_word' id='word_1_325' title='bbox 717 3996 937 4046; x_wconf 87' lang='lat' dir='ltr'><strong>Deorum</strong></span> <span class='ocrx_word' id='word_1_326' title='bbox 976 3997 1191 4057; x_wconf 88' lang='lat' dir='ltr'><strong>curabit,</strong></span> <span class='ocrx_word' id='word_1_327' title='bbox 1230 3997 1351 4059; x_wconf 82' lang='lat' dir='ltr'><strong>quia</strong></span> <span class='ocrx_word' id='word_1_328' title='bbox 1384 3995 1649 4046; x_wconf 80' lang='lat' dir='ltr'><strong>adversum</strong></span> <span class='ocrx_word' id='word_1_329' title='bbox 1691 3996 1925 4046; x_wconf 80' lang='lat' dir='ltr'><strong>universa</strong></span> <span class='ocrx_word' id='word_1_330' title='bbox 1957 3996 2473 4063; x_wconf 64' lang='lat' dir='ltr'><strong>consurget’—[Bell.</strong></span> 
     </span>
     <span class='ocr_line' id='line_1_42' title="bbox 393 4076 1845 4143; baseline -0.001 -16"><span class='ocrx_word' id='word_1_331' title='bbox 393 4077 541 4142; x_wconf 83' lang='lat' dir='ltr'><strong>Apol.</strong></span> <span class='ocrx_word' id='word_1_332' title='bbox 567 4094 658 4143; x_wconf 90' lang='lat' dir='ltr'><strong>pro</strong></span> <span class='ocrx_word' id='word_1_333' title='bbox 693 4078 870 4142; x_wconf 65' lang='lat' dir='ltr'><strong>Resp]</strong></span> <span class='ocrx_word' id='word_1_334' title='bbox 896 4093 943 4143; x_wconf 89' lang='lat' dir='ltr'><strong>p.</strong></span> <span class='ocrx_word' id='word_1_335' title='bbox 968 4080 1077 4128; x_wconf 84' lang='lat'><strong>129.</strong></span> <span class='ocrx_word' id='word_1_336' title='bbox 1101 4077 1239 4143; x_wconf 87' lang='lat' dir='ltr'><strong>[Op.,</strong></span> <span class='ocrx_word' id='word_1_337' title='bbox 1262 4082 1383 4127; x_wconf 89' lang='lat' dir='ltr'><strong>tom.</strong></span> <span class='ocrx_word' id='word_1_338' title='bbox 1407 4078 1493 4127; x_wconf 76' lang='lat' dir='ltr'><strong>vii.</strong></span> <span class='ocrx_word' id='word_1_339' title='bbox 1519 4078 1613 4127; x_wconf 86' lang='lat' dir='ltr'><strong>col.</strong></span> <span class='ocrx_word' id='word_1_340' title='bbox 1634 4078 1744 4129; x_wconf 86' lang='grc'><strong>777.</strong></span> <span class='ocrx_word' id='word_1_341' title='bbox 1765 4076 1845 4141; x_wconf 89' lang='grc' dir='ltr'><strong>Β.]</strong></span> 
     </span>
    </p>

    <p class='ocr_par' dir='ltr' id='par_1_13' title="bbox 259 4186 2472 4373">
     <span class='ocr_line' id='line_1_43' title="bbox 348 4186 2470 4265; baseline -0 -14"><span class='ocrx_word' id='word_1_342' title='bbox 348 4187 525 4251; x_wconf 89' lang='lat' dir='ltr'><strong>Nam</strong></span> <span class='ocrx_word' id='word_1_343' title='bbox 571 4188 902 4250; x_wconf 82' lang='lat' dir='ltr'><strong>clariorem</strong></span> <span class='ocrx_word' id='word_1_344' title='bbox 946 4187 1153 4251; x_wconf 90' lang='lat' dir='ltr'><strong>Paulo</strong></span> <span class='ocrx_word' id='word_1_345' title='bbox 1194 4186 1558 4265; x_wconf 89' lang='lat' dir='ltr'><strong>Danielem,</strong></span> <span class='ocrx_word' id='word_1_346' title='bbox 1606 4195 1672 4250; x_wconf 94' lang='lat' dir='ltr'><strong>et</strong></span> <span class='ocrx_word' id='word_1_347' title='bbox 1715 4188 1787 4249; x_wconf 91' lang='lat' dir='ltr'><strong>in</strong></span> <span class='ocrx_word' id='word_1_348' title='bbox 1831 4186 1944 4250; x_wconf 85' lang='lat' dir='ltr'><strong>illa</strong></span> <span class='ocrx_word' id='word_1_349' title='bbox 1987 4186 2279 4250; x_wconf 90' lang='lat' dir='ltr'><strong>omnium</strong></span> <span class='ocrx_word' id='word_1_350' title='bbox 2328 4186 2470 4251; x_wconf 89' lang='lat' dir='ltr'><strong>abs-</strong></span> 
     </span>
     <span class='ocr_line' id='line_1_44' title="bbox 259 4290 2472 4373; baseline 0 -19"><span class='ocrx_word' id='word_1_351' title='bbox 259 4299 446 4354; x_wconf 87' lang='lat' dir='ltr'><strong>trusa</strong></span> <span class='ocrx_word' id='word_1_352' title='bbox 484 4290 761 4354; x_wconf 84' lang='lat' dir='ltr'><strong>maxime</strong></span> <span class='ocrx_word' id='word_1_353' title='bbox 813 4291 1160 4373; x_wconf 90' lang='lat' dir='ltr'><strong>Prophetia</strong></span> <span class='ocrx_word' id='word_1_354' title='bbox 1204 4291 1439 4353; x_wconf 84' lang='lat' dir='ltr'><strong>clarius</strong></span> <span class='ocrx_word' id='word_1_355' title='bbox 1479 4290 1695 4354; x_wconf 84' lang='lat' dir='ltr'><strong>afferri</strong></span> <span class='ocrx_word' id='word_1_356' title='bbox 1735 4311 1893 4369; x_wconf 90' lang='lat' dir='ltr'><strong>rem,</strong></span> <span class='ocrx_word' id='word_1_357' title='bbox 1934 4311 2129 4373; x_wconf 88' lang='lat' dir='ltr'><strong>quam</strong></span> <span class='ocrx_word' id='word_1_358' title='bbox 2171 4290 2251 4354; x_wconf 89' lang='lat' dir='ltr'><strong>ab</strong></span> <span class='ocrx_word' id='word_1_359' title='bbox 2299 4291 2472 4372; x_wconf 86' lang='lat' dir='ltr'><strong>Apo-</strong></span> 
     </span>
    </p>
   </div>
   <div class='ocr_carea' id='block_1_13' title="bbox 257 4392 2470 4472">
    <p class='ocr_par' dir='ltr' id='par_1_14' title="bbox 257 4392 2470 4472">
     <span class='ocr_line' id='line_1_45' title="bbox 257 4392 2470 4472; baseline 0.001 -17"><span class='ocrx_word' id='word_1_360' title='bbox 257 4395 420 4456; x_wconf 87' lang='lat' dir='ltr'><strong>stolo</strong></span> <span class='ocrx_word' id='word_1_361' title='bbox 443 4421 461 4455; x_wconf 93' lang='lat'><strong>.·</strong></span> <span class='ocrx_word' id='word_1_362' title='bbox 531 4393 788 4472; x_wconf 89' lang='lat' dir='ltr'><strong>mirum,</strong></span> <span class='ocrx_word' id='word_1_363' title='bbox 842 4392 912 4455; x_wconf 92' lang='lat' dir='ltr'><strong>ni</strong></span> <span class='ocrx_word' id='word_1_364' title='bbox 964 4392 1149 4456; x_wconf 84' lang='lat' dir='ltr'><strong>valde</strong></span> <span class='ocrx_word' id='word_1_365' title='bbox 1200 4392 1324 4456; x_wconf 89' lang='lat' dir='ltr'><strong>hoc</strong></span> <span class='ocrx_word' id='word_1_366' title='bbox 1379 4394 1615 4456; x_wconf 87' lang='lat' dir='ltr'><strong>Lector</strong></span> <span class='ocrx_word' id='word_1_367' title='bbox 1662 4392 1954 4456; x_wconf 89' lang='lat' dir='ltr'><strong>miretur.</strong></span> <span class='ocrx_word' id='word_1_368' title='bbox 2044 4394 2190 4457; x_wconf 90' lang='lat' dir='ltr'><strong>Nec</strong></span> <span class='ocrx_word' id='word_1_369' title='bbox 2239 4394 2470 4458; x_wconf 87' lang='lat' dir='ltr'><strong>efficiet</strong></span> 
     </span>
    </p>
   </div>
   <div class='ocr_carea' id='block_1_14' title="bbox 651 4570 2060 4637">
    <p class='ocr_par' dir='ltr' id='par_1_15' title="bbox 651 4570 2060 4637">
     <span class='ocr_line' id='line_1_46' title="bbox 651 4570 2060 4637; baseline 0 -15"><span class='ocrx_word' id='word_1_370' title='bbox 651 4582 668 4604; x_wconf 84' lang='lat'><em>²</em></span> <span class='ocrx_word' id='word_1_371' title='bbox 706 4573 815 4637; x_wconf 67' lang='grc' dir='ltr'><strong>[ΡΒ.</strong></span> <span class='ocrx_word' id='word_1_372' title='bbox 829 4573 1014 4622; x_wconf 82' lang='lat' dir='ltr'><strong>lxxxii.</strong></span> <span class='ocrx_word' id='word_1_373' title='bbox 1036 4572 1220 4634; x_wconf 79' lang='lat' dir='ltr'><strong>(lxxxi.</strong></span> <span class='ocrx_word' id='word_1_374' title='bbox 1242 4570 1417 4634; x_wconf 85' lang='lat' dir='ltr'><strong>Vulg.)</strong></span> <span class='ocrx_word' id='word_1_375' title='bbox 1443 4574 1486 4621; x_wconf 84' lang='lat'><strong>6.</strong></span> <span class='ocrx_word' id='word_1_376' title='bbox 1543 4571 1685 4621; x_wconf 78' lang='lat' dir='ltr'><strong>Cous.</strong></span> <span class='ocrx_word' id='word_1_377' title='bbox 1709 4570 1743 4619; x_wconf 84' lang='lat' dir='ltr'>J</span> <span class='ocrx_word' id='word_1_378' title='bbox 1747 4586 1857 4621; x_wconf 85' lang='lat' dir='ltr'><strong>oan.</strong></span> <span class='ocrx_word' id='word_1_379' title='bbox 1882 4586 1930 4622; x_wconf 85' lang='lat' dir='ltr'><strong>x.</strong></span> <span class='ocrx_word' id='word_1_380' title='bbox 1950 4571 2060 4634; x_wconf 80' lang='lat'><strong>34.]</strong></span> 
     </span>
    </p>
   </div>
  </div>
 </body>
</html>
