3165 4959
850 309 861 314 ’
939 307 1305 356 Aromfflffl
1348 306 1712 357 nmmnsm.
2346 290 2433 351 89

216 488 486 532 suasum
516 467 579 532 ei
617 465 836 544 fuisse,
868 467 942 529 id
980 487 1115 530 eum
1161 468 1329 530 licite
1376 487 1452 530 ac
1488 469 1623 530 sine
1667 466 1918 530 honoris
1960 484 2067 527 seu
2096 462 2437 545 fidelitatis

206 573 514 654 praestitoe
544 573 788 634 laesione
825 591 932 634 seu
950 571 1320 652 praejudicio
1350 572 1568 651 exequi
1585 570 1885 652 potuisse.
1977 570 2087 645 At,
2120 588 2254 630 non
2264 586 2435 648 prce-

216 676 388 738 stitit
434 682 660 737 tamen
712 673 1122 737 obedientiam
1174 672 1494 751 MarchiO,
1544 693 1667 736 nec
1719 673 1872 734 Duoe
1900 671 2099 733 Ferioe
2153 669 2328 752 (scio)
2363 669 2436 733 in

218 779 419 841 simili
435 778 861 858 proestitums.
938 776 1309 857 Pompatica
1333 776 1471 840 haec
1492 782 1722 854 vestra,
1746 776 2015 838 volatica
2038 780 2198 837 tunc
2222 781 2433 836 erunt.

219 883 606 946 Noluerunt
657 880 833 943 enim
881 901 1171 963 unquam
1223 879 1362 957 ulli,
1411 879 1763 943 noluerunt
1808 879 1960 942 huic
2000 879 2157 963 jam,
2199 877 2294 941 ita
2336 876 2438 940 vel

205 988 440 1066 jin-are
469 984 573 1047 vel
600 989 910 1065 proestare
941 983 1243 1047 Pontifici
1274 983 1701 1062 obedientiam,
1733 991 1809 1047 ut
1837 983 2109 1066 Reqibus
2155 983 2306 1060 suis»,
2338 980 2438 1044 vel

207 1090 379 1172 fides
406 1088 584 1164 inde,
616 1087 717 1151 vel
746 1087 1093 1150 obedientia
1124 1086 1542 1170 periclitetur.

314 1194 424 1256 Ne
470 1199 546 1255 tu
584 1189 787 1273 igitur
827 1189 935 1253 hic
984 1189 1261 1252 nimium
1305 1197 1372 1253 te
1420 1189 1721 1267 oblectes,
1753 1209 1962 1271 neque
2006 1188 2195 1252 nobis
2234 1188 2439 1251 obedi-

228 1297 416 1358 entiae
460 1293 913 1375 professionem
959 1292 1293 1371 obtendaS,
1342 1292 1470 1355 nisi
1522 1299 1589 1357 et
1646 1292 1831 1372 illud,
1884 1299 2202 1375 quatenus
2250 1313 2327 1355 ea
2374 1314 2441 1355 se

229 1397 540 1480 porrigat,
572 1418 706 1459 una
736 1395 989 1459 dixeris·
1079 1396 1204 1458 Est
1233 1395 1407 1459 enim
1438 1395 1648 1476 aliquo
1665 1395 1928 1476 prodire
1959 1401 2154 1472 ten-us,
2185 1394 2298 1457 sed
2322 1415 2442 1457 non

233 1503 426 1564 datur
454 1500 624 1563 ultra
642 1499 677 1563 ¹.
772 1500 839 1563 Si
871 1499 1126 1582 quando
1157 1500 1332 1562 enim
1363 1498 1661 1580 Pontifici
1699 1499 1895 1562 bilem
1925 1498 2262 1576 moverint,
2296 1504 2361 1561 et
2392 1498 2445 1560 is

238 1606 451 1686 Reges
485 1604 646 1667 solio
678 1603 968 1687 dejicere,
1003 1602 1293 1666 subditos
1335 1624 1559 1667 eorum
1597 1602 1678 1666 ab
1711 1602 1802 1666 eis
1834 1602 2104 1666 deficere
2133 1601 2441 1666 voluerit:

235 1730 369 1771 non
417 1713 570 1770 sunt
617 1705 884 1790 professi
932 1727 1017 1784 se,
1054 1727 1130 1770 eo
1179 1728 1352 1785 casu,
1385 1707 1731 1770 obedientes
1776 1705 1933 1770 fore.
2022 1707 2115 1770 At
2158 1706 2214 1769 is
2260 1727 2445 1770 casus

237 1820 462 1874 noster
500 1817 637 1874 est:
687 1831 878 1892 quem
928 1830 1049 1873 nec
1080 1809 1360 1891 professi
1406 1818 1576 1888 sunt,
1607 1831 1747 1888 nec,
1781 1811 1836 1873 si
1858 1809 2156 1891 professi,
2176 1817 2445 1893 proesta-

238 1921 399 1991 rent,
457 1913 625 1977 scio:
696 1913 853 1996 quin
904 1919 1217 1996 tanquam
1268 1914 1529 1998 injustae
1574 1913 1955 1995 professioni
2006 1915 2244 1978 iterum
2304 1921 2448 1998 post

238 2018 719 2082 renunciarent.
808 2016 1121 2100 Exemplo
1165 2018 1306 2096 hoc,
1353 2018 1703 2101 praeierunt
1764 2039 1929 2102 saepe
1989 2019 2243 2102 populis
2292 2019 2446 2097 suia,
2582 2029 2669 2092 69

238 2120 589 2204 populique
638 2120 757 2197 sui,
789 2126 1149 2203 praeeuntes
1196 2141 1323 2200 eos,
1366 2121 1570 2185 secuti
1619 2142 1787 2205 saepe
1840 2129 2013 2201 sunt,
2061 2123 2257 2186 etiam
2302 2144 2452 2187 cum

241 2225 420 2287 idem
451 2223 770 2298 inciderit,
804 2223 1018 2286 denuo
1048 2223 1351 2287 secuturi.

311 2342 447 2401 Quid
483 2342 637 2392 habet
674 2356 941 2392 commune
975 2356 1125 2392 causa
1160 2342 1313 2406 Regis
1347 2342 1635 2406 Anglorum
1679 2359 1793 2393 cum
1833 2346 2044 2405 cantorie,
2083 2361 2199 2395 cum
2229 2345 2336 2409 ipse
2360 2345 2456 2396 hoc

365 2425 636 2488 imprimis
673 2422 962 2479 contendat,
1001 2428 1060 2473 ut
1098 2424 1312 2489 populos
1345 2439 1462 2474 suos
1500 2425 1563 2474 ab
1608 2425 1901 2476 obedientia
1943 2425 2146 2476 Summi
2192 2426 2457 2477 Pontificio

377 2510 591 2566 avertat,
609 2523 666 2543 =

335 2598 544 2660 Habet
584 2619 738 2681 ergo
779 2618 1087 2661 comm-une
1134 2597 1360 2660 saltem
1391 2600 1524 2678 hoc,
1558 2619 1749 2662 causa
1778 2600 1971 2681 Reyis
2018 2620 2153 2661 cum
2200 2600 2456 2676 caeteris,
2485 2618 2634 2685 [Haec
2664 2634 2785 2682 ergo

248 2700 426 2785 quod
466 2707 542 2764 ut
582 2700 691 2763 ille
720 2720 874 2778 non,
920 2700 1014 2763 ita
1041 2721 1161 2763 nec
1190 2699 1285 2763 illi
1321 2723 1358 2764 a
1394 2702 1728 2779 Pontifice‚
1759 2702 1863 2764 vel
1893 2701 2137 2783 Regnis
2169 2702 2323 2778 suiS,
2355 2701 2457 2765 vel
2482 2699 2731 2813 ffiofg-

249 2804 659 2868 subditorum
704 2803 832 2866 fide
871 2804 1103 2886 privari
1155 2804 1452 2883 debeant,
1496 2826 1579 2867 ne
1625 2804 1827 2867 velint
1867 2803 2128 2887 quidem
2145 2831 2163 2882 ;
2212 2825 2286 2868 ac
2315 2805 2458 2883 hoc,
2485 2812 2668 2877 nium]

252 2908 666 2993 quantumvis
687 2904 947 2988 fncstra
980 2907 1212 2971 laboret
1245 2908 1624 2986 cardinalia,
1656 2928 1968 2972 commune
1999 2928 2250 2992 semper
2279 2910 2459 2974 habi-

252 3022 406 3075 tura
453 3019 569 3074 est.
665 3010 878 3073 Semel
917 3018 983 3073 et
1034 3011 1227 3073 simul
1280 3012 1611 3075 excutiant
1650 3012 1886 3095 jugum
1933 3013 2074 3096 ejus
2122 3014 2175 3076 si
2215 3015 2460 3093 volunt,

254 3113 433 3198 quod
461 3113 614 3178 fecit
655 3115 830 3177 Rex:
875 3112 1175 3196 alioquin,
1219 3115 1631 3196 quantumvis
1665 3116 1745 3178 ad
1798 3122 2054 3200 tempus
2083 3116 2315 3197 ferant,
2346 3119 2462 3183 ubi

245 3219 487 3301 jugum
518 3238 708 3279 suum
737 3237 813 3279 eo
842 3237 1047 3299 usque
1092 3216 1465 3299 aggravabit
1486 3245 1506 3297 3
1561 3226 1705 3283 tum
1737 3218 2016 3298 demum,
2061 3221 2464 3286 refractarios

255 3319 516 3398 sentiet,
549 3318 775 3382 saltem
816 3325 957 3382 tum
989 3319 1246 3403 singuli,
1279 3320 1440 3384 alter
1470 3328 1614 3404 post
1644 3322 1918 3386 alterum
1946 3323 2108 3387 illud
2139 3325 2467 3387 excussuri

255 3428 434 3485 sunt.
526 3421 765 3486 Osculo
807 3421 993 3501 forte,
1024 3422 1126 3486 vel
1165 3424 1358 3487 titulo
1402 3446 1535 3488 non
1566 3425 2025 3491 abstinebunt:
2075 3427 2204 3489 vim
2244 3434 2469 3491 tamen

257 3525 529 3609 Imperii
558 3525 881 3588 mordicus
926 3532 993 3589 et
1013 3527 1165 3610 jura
1195 3549 1310 3591 sua
1337 3528 1730 3607 retinebunt,
1765 3536 1957 3612 atque
1986 3530 2146 3592 illud
2169 3531 2281 3612 jus
2310 3530 2468 3613 eripi

255 3629 384 3693 sibi
421 3650 460 3691 a
490 3629 806 3692 Pontifice
846 3629 1019 3693 haud
1049 3652 1337 3714 unquam
1380 3632 1645 3716 impune
1674 3633 2022 3716 patientur.
2121 3632 2469 3695 Communis

255 3755 333 3797 ea
374 3733 613 3815 Regum
644 3753 833 3796 causa
863 3739 974 3809 est,
1007 3734 1202 3797 etiam
1233 3735 1343 3817 qui
1373 3735 1454 3798 ab
1486 3735 1776 3799 Ecclesia
1815 3741 2231 3818 separantur:
2294 3735 2470 3798 Com-

256 3859 440 3900 mune
451 3837 794 3919 fidelitatis
823 3836 1092 3900 debitum
1122 3860 1161 3900 a
1190 3837 1464 3901 subditis
1490 3840 1641 3902 suis.

331 3977 388 3998 =
413 3961 565 4020 atque
587 3971 647 4006 eo
668 3955 822 4006 modo
843 3971 876 4007 a
896 3956 1090 4007 Christi
1112 3972 1331 4021 corpore,
1354 3957 1490 4022 quod
1513 3963 1592 4008 est.
1614 3957 1856 4019 Ecclesia,
1873 3963 2086 4021 separet,
2111 3977 2170 3999 =

346 4048 583 4131 Neque
612 4056 853 4128 tamen,
879 4070 918 4111 a
947 4048 1277 4112 Pontificis
1308 4049 1431 4112 hac
1454 4048 1597 4112 falsi
1627 4050 1891 4112 nominis
1921 4050 2265 4114 obedientia
2297 4073 2470 4115 aver·
2498 4050 2762 4116 [Subditos

259 4162 403 4215 tere
454 4172 844 4234 quenquam,
889 4151 959 4214 id
1011 4151 1272 4215 demum
1313 4159 1432 4230 est,
1495 4173 1534 4214 a
1601 4153 1837 4216 Christi
1884 4172 2158 4235 empore,
2190 4156 2358 4236 quod
2381 4161 2474 4217 est
2498 4132 2657 4239 ῗξὲἒζ
2673 4116 2799 4230 11:33-

260 4255 574 4334 Ecclesia,
622 4275 937 4335 separare,
990 4274 1110 4317 nec
1163 4254 1240 4317 ab
1287 4255 1597 4333 Ecclesia,
1644 4276 1776 4337 quoe
1822 4257 2056 4320 Christi
2098 4278 2320 4339 coipus
2362 4264 2472 4337 est,
2499 4247 2803 4362 &5220ssss

262 4358 440 4422 haud
471 4379 841 4442 quenquam
882 4359 1021 4421 Rex
1071 4364 1344 4440 separat.
1437 4358 1748 4422 Obsoleta
1787 4360 1926 4443 jam
1973 4360 2111 4424 haec
2159 4361 2478 4427 calumnia
2502 4375 2763 4439 avertere]

641 4517 652 4549 ¹
692 4519 749 4582 [⁶⁴
769 4519 861 4569 Est
877 4519 1094 4584 quadam
1110 4521 1311 4585 prodire
1331 4521 1765 4573 tenus.”—Horat.
1785 4522 1878 4588 Ep.
1898 4524 1930 4573 i.
1954 4526 1994 4573 1.
2016 4524 2116 4589 32]
