3165 4959
430 2265 516 2328 78

639 346 768 410 100
1261 360 1347 407 m
1393 358 1774 407 emmaus
1816 358 2216 408 niumm

636 524 854 601 negat.
965 518 1284 600 Sequatur
1341 516 1606 582 Thomae
1665 515 2026 581 doctrinam
2084 515 2196 598 qui
2252 514 2414 592 vult,
2483 535 2603 578 nos
2662 513 2848 578 Pauli

639 621 1006 705 sequimur:
1053 621 1158 686 cui
1187 621 1368 685 1111118
1396 627 1494 684 081
1522 620 1832 686 Ecclesiae
1862 620 2187 684 sententia
2214 620 2281 681 in
2310 639 2413 681 eos
2442 620 2549 700 qui
2562 617 2758 700 foria

705 757 794 819 Ut,
815 757 902 822 (1.)
924 758 969 806 si
1001 760 1160 807 terras
1194 756 1600 807 Christianorum
1628 756 1681 805 11
1714 756 2083 819 occupaverint,
2107 755 2199 819 (2.)
2223 754 2304 804 vel
2338 753 2577 803 subditos
2601 753 2779 803 fideles
2809 769 2841 804 a

767 838 868 889 fide
889 841 1112 889 avertere
1132 837 1595 902 satagant—[Bell.
1619 836 1768 902 Apol.
1791 852 1883 902 pro
1910 836 2085 900 Resp]
2122 851 2169 900 p.
2190 838 2268 886 26.
2318 835 2453 900 [011.,
2488 840 2612 885 tom.
2631 836 2717 885 vii.
2754 835 2847 886 col.

769 920 881 974 719.
904 918 991 984 D.]

727 1022 931 1087 Casus
960 1029 1178 1085 autem
1206 1020 1417 1086 notati
1446 1042 1484 1083 a
1506 1019 1846 1084 Cardinale
1869 1019 1998 1083 duo
2029 1015 2202 1082 suntl
2239 1021 2299 1082 1.
2320 1018 2524 1097 Prior,
2554 1020 2612 1082 si
2643 1025 2850 1082 terras

648 1127 1146 1190 Christianorum
1184 1125 1248 1189 vi
1288 1125 1744 1207 occupaverint.
1832 1124 1925 1187 At
1962 1123 2119 1207 quid
2159 1144 2318 1207 opus
2348 1123 2727 1188 Christianis
2767 1124 2850 1187 ad

641 1232 818 1296 hunc
847 1252 1067 1295 casum
1095 1230 1398 1293 Eccleeiae
1435 1229 1740 1293 sententia
1781 1235 2006 1292 contra
2044 1226 2370 1305 Infideles,
2402 1248 2570 1305 cum,
2613 1227 2849 1310 absque

641 1334 772 1413 illa,
797 1335 945 1418 jure
973 1334 1110 1418 ipso
1143 1332 1460 1399 Gentium
1490 1331 1764 1416 experiri
1791 1331 1981 1395 liceat
1996 1332 2026 1393 ⁴?
2105 1331 2282 1396 Quid
2300 1351 2458 1414 opus
2494 1331 2778 1414 (inquam
2788 1332 2839 1414 ?)

645 1438 922 1503 Perinde
961 1438 1135 1502 enim
1174 1444 1294 1516 est,
1336 1437 1656 1500 Ethnicus
1696 1434 1979 1513 Ethnici,
2027 1456 2112 1497 an
2150 1435 2468 1498 Ethnicus
2501 1435 2850 1499 Christiani

647 1548 854 1606 terras
869 1563 993 1624 per
1019 1543 1144 1606 vim
1173 1547 1425 1623 occupet
1448 1571 1466 1607 .·
1513 1539 1809 1617 Perinde,
1841 1560 1920 1603 ex
1950 1540 1993 1604 J
1994 1560 2110 1602 ure
2143 1539 2453 1603 Gentium
2492 1538 2849 1603 remedium

649 1654 770 1724 est,
802 1654 997 1729 atque
1024 1645 1309 1709 vindicta
1338 1646 1538 1729 justa,
1572 1643 1926 1709 Christiani
1952 1643 2024 1706 in
2053 1642 2428 1719 Ethnicum,
2462 1650 2655 1726 atque
2685 1643 2850 1707 Eth-

646 1748 780 1812 nici
826 1749 958 1813 sive
1005 1747 1297 1813 Infidelis
1343 1748 1537 1811 unius
1584 1748 1657 1810 in
1699 1747 1995 1825 alterum,
2057 1746 2112 1809 si
2168 1745 2241 1808 in
2285 1745 2558 1809 ditiones
2607 1746 2848 1809 alienas

646 1852 961 1935 impetum
990 1851 1204 1915 faciat.
1291 1852 1435 1916 Nec
1463 1850 1663 1933 igitur
1700 1871 1861 1934 opus
1898 1850 2126 1913 ullum.
2207 1849 2369 1915 Quis
2399 1871 2552 1912 usus
2583 1857 2802 1913 autem
2819 1852 2848 1912 Ρ

647 1978 732 2019 811
762 1956 934 2019 0111111
964 1955 1320 2020 Ecclesiam
1352 1954 1616 2019 audient
1648 1954 1997 2019 Infideles?
2088 1954 2176 2017 Et
2206 1953 2432 2036 quanti
2460 1959 2650 2037 putas
2680 1953 2852 2037 apud

645 2059 789 2123 illos
822 2060 1143 2122 Sententia
1173 2059 1472 2122 Ecclesioe
1490 2060 1524 2121 ,2
1568 2058 1795 2140 quanti
1824 2057 2214 2135 Anathema,
2248 2057 2304 2120 si
2364 2058 2697 2120 Sententiae
2720 2078 2854 2120 non

646 2168 949 2245 pareatur
964 2163 994 2224 ⁴?
1085 2164 1329 2226 Annon
1372 2168 1458 2241 et,
1506 2182 1651 2244 quae
1693 2161 1864 2240 tulit,
1895 2161 2268 2239 Ecclesiam,
2313 2167 2397 2239 et,
2441 2183 2634 2245 quam
2679 2161 2850 2240 tulit,

651 2266 1058 2344 Sententiam,
1109 2265 1246 2329 risu
1295 2265 1489 2328 simul
1536 2264 1908 2349 excipient?
2014 2265 2160 2328 Nec
2209 2285 2367 2327 usus
2413 2264 2613 2347 igitur
2658 2264 2850 2328 ullus.

654 2369 779 2436 Sed
838 2390 1047 2453 neque
1109 2369 1151 2432 J
1152 2390 1249 2432 us.
1346 2370 1504 2434 Non
1560 2367 1735 2432 enim
1793 2389 2071 2451 aequmn,
2132 2375 2208 2431 ut
2266 2368 2472 2451 privet
2531 2368 2854 2433 Dominiis

646 2473 958 2550 Ecclesia,
992 2493 1136 2557 quae
1164 2494 1297 2537 non
1311 2470 1619 2555 fundavit
1642 2496 1661 2533 .-
1707 2479 1784 2536 ut
1814 2472 2022 2551 tollat,
2055 2492 2199 2555 quse
2229 2493 2364 2536 non
2390 2472 2629 2556 posuit.
2723 2472 2854 2537 Sed

649 2597 878 2660 neque,
909 2584 986 2641 ut
1012 2583 1279 2660 propter
1319 2576 1750 2659 infidelitatem
1777 2578 2074 2640 Dominia
2115 2578 2316 2656 tollat,
2348 2598 2492 2660 quae
2531 2599 2666 2642 11011
2692 2575 2853 2658 fun-

651 2680 885 2744 dantur
913 2682 981 2744 in
1009 2679 1144 2762 fide
1161 2692 1187 2732 ⁸
1210 2706 1229 2743 :
1277 2702 1546 2766 quaeque
1595 2681 1719 2746 alio
1761 2702 1956 2765 quam
1993 2681 2299 2745 Ecclesiae
2338 2681 2486 2765 jure
2523 2681 2852 2764 possiden·

649 2792 780 2865 tur,
830 2786 954 2850 alia
981 2808 1175 2869 quam
1203 2787 1505 2851 Ecclesiae
1545 2786 1867 2867 sententia
1893 2793 2294 2869 repetuntur.
2372 2786 2660 2850 Alterius
2701 2807 2855 2870 ergo

643 2887 810 2971 juris
840 2888 996 2968 haec,
1028 2888 1151 2954 alia
1181 2890 1286 2953 hic
1314 2891 1621 2954 sententia
1650 2910 1803 2971 opus
1832 2896 1973 2953 est:
2019 2889 2483 2952 Ecclesiasticae
2524 2911 2646 2954 nec
2681 2910 2851 2972 opus,

650 3011 770 3054 nec
821 3011 990 3069 nette,
1042 3012 1256 3075 neque
1302 3013 1453 3057 1010
1513 2991 1618 3074 (ad
1649 2992 1792 3075 hoc)
1830 2992 1946 3076 jas
1974 2992 2203 3055 ullum.
2295 2994 2356 3056 2.
2406 2993 2746 3072 Posterior,
2780 2994 2855 3056 Si

648 3093 927 3156 sabditos
940 3093 1165 3174 fideles
1201 3116 1240 3157 a
1276 3094 1412 3176 fide
1451 3101 1730 3161 avertere
1756 3102 2073 3180 satayant.
2151 3098 2397 3179 Sateyit
2427 3104 2645 3160 autem
2674 3098 2855 3162 Nero

647 3195 717 3258 id
738 3195 967 3273 facere,
996 3197 1438 3280 persecutione
1466 3198 1776 3262 nimirum
1808 3199 1985 3281 gravi
2015 3205 2294 3262 avertere
2321 3199 2600 3263 subditos
2629 3198 2854 3281 fideles

649 3320 689 3361 a
722 3297 902 3380 fide;
946 3298 1158 3386 idque,
1203 3300 1458 3365 vivente
1489 3307 1555 3365 01
1595 3301 1854 3367 vidente
1895 3303 2108 3382 Petro,
2150 3310 2217 3367 et
2262 3309 2395 3368 tota
2437 3303 2638 3366 Roma
2681 3324 2854 3385 spec-

649 3409 843 3468 tante.
932 3405 1078 3468 Nec
1101 3404 1280 3468 Petri
1310 3411 1531 3469 tamen
1561 3407 1884 3470 sententia
1911 3407 2045 3470 11118
2074 3414 2283 3472 exstat
2312 3408 2382 3472 in
2412 3391 2851 3490 Eitravagan-

648 3507 846 3587 tibus,
878 3529 1007 3593 qua
1034 3509 1214 3575 Nero
1245 3509 1608 3593 Imperator
1651 3510 1920 3576 dominio
1951 3513 2248 3593 privatus
2286 3518 2397 3590 est,
2431 3512 2597 3594 quod
2636 3511 2853 3575 habuit

647 3632 835 3698 saper
861 3612 1175 3678 Romanos
1188 3612 1432 3693 fideles.
1521 3615 1667 3679 Nec
1694 3614 1762 3677 id
1786 3614 2017 3681 Petrus
2037 3614 2296 3679 molitus
2324 3637 2632 3699 unquam.
2684 3615 2853 3679 Satis

649 3717 823 3783 enim
854 3717 1088 3784 durum
1128 3717 1188 3784 ei
1215 3717 1444 3797 visum,
1486 3725 1561 3782 ut
1594 3739 1879 3804 pascere,
1914 3718 1993 3783 de
2023 3740 2150 3803 quo
2179 3718 2558 3783 mandatum
2600 3719 2850 3795 habuit,

643 3821 902 3904 privare
945 3821 1215 3886 dominio
1254 3820 1663 3905 significaret.
1757 3822 1901 3886 Nec
1932 3823 2185 3901 Petrus,
2226 3843 2366 3902 nec,
2401 3823 2511 3909 qui
2548 3844 2699 3886 eum
2737 3843 2853 3905 per

652 3931 976 3988 trecentos
1005 3945 1210 3988 annos
1241 3924 1446 3989 secuti
1486 3932 1659 4002 sunt,
1692 3931 1792 3989 tot
1812 3925 2010 3990 Urbis
2041 3926 2359 4010 Episcopi,
2393 3926 2503 4010 qui
2534 3926 2851 3990 Domitia-

649 4049 829 4108 num,
890 4028 1260 4112 Trajanum,
1322 4028 1618 4107 Decium,
1664 4028 2163 4108 Diocletianum,
2222 4035 2576 4113 satagentes
2625 4028 2852 4093 eodem

649 4130 861 4211 mode,
919 4137 991 4195 ut
1039 4152 1078 4194 a
1111 4129 1247 4213 fide
1298 4138 1647 4195 averterent
1702 4131 1980 4195 subditos
2022 4130 2267 4213 fideles,
2316 4133 2585 4197 dominio
2632 4139 2852 4197 tamen

648 4236 1002 4319 privarunt.
1091 4235 1401 4298 Doctrina
1450 4235 1564 4300 illa
1619 4236 1860 4299 Tltomae
1889 4263 1911 4310 ,·
1977 4236 2117 4302 haec
2173 4237 2385 4321 praxis
2429 4237 2855 4301 Hildebrandi

648 4339 857 4423 prima
884 4340 1009 4404 fuit
1025 4337 1087 4404 ¹¹:
1139 4340 1453 4421 Sequatur
1487 4340 1728 4404 Thomae
1758 4340 2124 4420 doctrinam,
2156 4340 2577 4404 Hildebrandi
2603 4341 2852 4425 praxin,

709 4536 734 4571 ε
770 4526 925 4590 [Bell.
941 4527 1003 4580 de
1026 4526 1171 4577 Rom.
1196 4526 1341 4578 Pont.
1365 4526 1453 4577 lib.
1470 4541 1515 4578 1.
1541 4541 1647 4592 cap.
1663 4528 1709 4578 2.
1864 4525 1886 4557 ¹³
1921 4525 2076 4591 [Vide
2112 4525 2246 4578 Gotf.
2270 4526 2469 4576 Viterb.
2507 4526 2692 4576 0111011.
2740 4525 2851 4576 Par.

648 4590 760 4653 Op„
784 4596 906 4639 tom.
934 4593 969 4640 i.
994 4606 1044 4654 p.
1075 4593 1189 4642 281.
1214 4590 1296 4655 G.]
1798 4592 1921 4643 3111.
1950 4606 1998 4656 p.
2024 4594 2153 4655 499„
2177 4591 2313 4659 apud
2336 4590 2520 4644 Pistor.
2544 4591 2656 4644 Rer.
2682 4590 2849 4641 Germ.
