3165 4959
938 361 1299 410 APOLOGIAM
1344 361 1709 408 RESPONSIO.

2310 345 2439 409 273

294 515 612 577 Augustinus
634 551 673 563 ..
696 548 707 561 .
728 512 881 563 ‘Haec
904 552 915 562 .
948 550 959 563 .
984 551 996 563 .
1023 514 1264 564 honorem
1287 517 1529 578 tanquam
1553 513 1794 576 religiosa
1815 516 2028 575 possunt
2051 512 2252 572 habere,
2273 517 2439 575 stupo-

353 610 457 645 rem
484 599 725 659 tanquam
756 596 888 644 mira
918 610 1022 644 non
1044 595 1552 660 possunt’·.-[Bell.
1588 595 1738 658 Apol.
1772 609 1864 658 pro
1896 593 2065 658 Resp.]
2097 609 2145 657 p.
2164 595 2273 642 111.
2306 592 2438 657 [Op.,
2505 610 2511 616 ·

353 683 475 726 tom.
495 676 583 726 vii.
609 677 701 726 col.
727 677 837 728 767.
863 676 948 736 Β.]

314 792 410 854 Ut
458 801 525 854 et
572 792 841 873 Serpens
882 812 1102 869 oeneus,
1150 791 1317 875 apud
1364 790 1832 874 Augustinum,
1879 791 2169 853 honorem
2213 789 2437 854 habere
2465 801 2539 865 [S.
2566 803 2763 866 Augus-

206 894 426 974 potuit
450 919 470 964 ,·
517 901 604 969 at,
635 892 748 955 ubi
780 899 846 955 et
875 893 1303 955 adorationem
1334 894 1535 973 coepit,
1569 893 2008 956 comminutus
2055 892 2273 955 statim
2317 899 2436 955 est.

237 996 394 1061 2211ae
416 1000 482 1057 et
506 1002 1051 1058 sacramentorum
1086 996 1249 1058 ratio
1267 1003 1386 1073 est,
1406 1002 1477 1058 ut
1507 998 1798 1058 honorem
1828 995 2116 1072 habeant,
2144 1001 2439 1077 tanquam

223 1097 525 1177 reliqiosa
545 1123 565 1157 .·
629 1103 941 1177 stuporem
989 1102 1286 1178 tanquam
1342 1097 1507 1159 mira
1558 1117 1682 1159 non
1733 1095 2020 1159 habeant.
2125 1098 2437 1160 Nondum

225 1201 403 1264 enim
441 1201 744 1282 stupenda
790 1201 905 1265 illa
938 1209 1151 1265 vestra
1196 1201 1808 1264 Transubstantiatio
1848 1200 2149 1264 Patribus
2198 1201 2436 1264 audita.

226 1305 403 1366 Nam
434 1305 749 1386 Imayines
792 1305 884 1368 ibi
929 1305 1098 1389 apud
1131 1305 1576 1387 Augustinum
1621 1304 1817 1366 nullae
1858 1310 2031 1381 sunt,
2070 1304 2266 1366 nullae
2300 1326 2437 1367 me-

225 1417 585 1473 morantur.
680 1411 884 1473 Nosse
925 1410 1185 1494 quidem
1238 1431 1324 1487 se,
1369 1410 1526 1473 dicit
1567 1408 1995 1491 Augustinu3‚
2044 1410 2269 1471 multos
2313 1415 2443 1470 tum

214 1516 616 1596 picturarum
660 1516 1025 1583 adoratores
1046 1542 1065 1576 .·
1111 1515 1226 1577 sed
1261 1515 1367 1595 qui
1405 1511 1818 1595 professionis
1859 1532 1985 1574 suae
2027 1513 2153 1574 vim
2181 1533 2293 1575 nec
2321 1514 2441 1575 sci-

226 1624 389 1696 rent,
421 1638 531 1680 nec
560 1618 917 1680 eoelziberent
936 1644 955 1680 .·
1005 1617 1121 1679 sed
1155 1637 1306 1698 quos
1336 1616 1626 1678 Ecclesia
1656 1615 2109 1692 condemnaret,
2142 1621 2202 1677 et
2242 1616 2441 1697 quoti-

230 1722 335 1783 die
395 1727 690 1802 tanquam
747 1722 943 1782 malos
989 1718 1168 1800 filios
1215 1722 1528 1801 com-iyere
1585 1719 1864 1781 studeret
1881 1728 1927 1781 ¹.

2036 1719 2240 1802 Cujus
2301 1739 2443 1800 quae

228 1823 430 1887 fuerit
473 1823 553 1886 de
590 1823 974 1905 Imayinibus
1014 1822 1355 1901 sententia,
1390 1843 1468 1886 ex
1498 1822 1738 1885 Psalmi
1768 1822 1935 1885 cxiii.
1969 1822 2370 1885 enarratione
2393 1832 2440 1899 Υ,

230 1949 367 1991 non
396 1928 603 1991 nescit
635 1926 1011 1991 cardinalis.

300 2106 325 2128 ¹¹
353 2098 410 2162 [⁴⁶
432 2097 529 2146 Sed
559 2097 679 2160 quia
711 2095 821 2146 haec
848 2095 1141 2145 hominibus
1171 2099 1291 2146 nota

234 2171 370 2222 sunt,
384 2162 503 2224 quia
525 2177 612 2224 per
633 2161 865 2210 homines
886 2160 1032 2219 fiunt,
1049 2159 1289 2209 honorem

234 2232 475 2289 tanquam
498 2226 734 2288 religiosa
746 2229 955 2289 possunt
977 2225 1174 2284 habere,
1192 2229 1292 2273 stu·

302 2305 410 2339 rem
446 2297 536 2340 tan
571 2305 687 2339 nam
727 2291 857 2339 mira
899 2305 1003 2338 non
1042 2290 1294 2353 possunt.”

236 2383 253 2403 i
279 2395 284 2401 .
307 2356 424 2417 Aug
461 2355 524 2404 de
538 2307 693 2403 ql'rin.
718 2354 808 2404 lib.
833 2355 908 2403 iii.
942 2368 1047 2416 cap.
1073 2368 1124 2402 x.
1154 2354 1290 2414 (sect.

237 2421 339 2481 20.)
366 2421 476 2484 Op..
499 2425 621 2468 tom.
640 2420 747 2467 viii.
776 2419 868 2467 col.
895 2420 1038 2467 1232.
1064 2417 1119 2466 C.
1141 2416 1225 2483 Ι).]

302 2493 327 2516 ¹
363 2485 422 2550 [“
445 2485 621 2535 Nolite
663 2483 792 2533 mihi
835 2484 1069 2546 colligere
1114 2484 1294 2546 profes-

235 2564 373 2599 sores
403 2550 625 2598 nominis
662 2548 954 2603 Christiani,
992 2562 1083 2596 nec
1114 2548 1293 2610 profes·

236 2615 396 2663 sionis
428 2629 532 2663 sune
572 2615 677 2662 vim
716 2618 805 2662 aut
842 2613 1056 2662 scientes
1091 2617 1180 2660 aut
1212 2627 1292 2661 ex-

238 2678 486 2728 hibentes.
554 2678 729 2728 Nolite
793 2677 1064 2727 consectari
1120 2677 1294 2726 turbas

238 2743 608 2806 imperitorum,
633 2743 720 2806 qui
738 2741 817 2791 vel
840 2743 895 2790 in
915 2742 1023 2805 ipsa
1046 2755 1164 2789 vera
1181 2741 1293 2790 reli-

238 2809 394 2870 gione
427 2807 762 2870 superstitiosi
795 2811 930 2865 sunt,
952 2807 1030 2855 vel
1072 2807 1146 2854 ita
1180 2805 1294 2854 libi-

238 2873 449 2920 dinibus
493 2870 669 2927 dediti,
718 2876 775 2920 ut
818 2871 966 2919 obliti
1008 2870 1129 2927 sint,
1168 2868 1292 2931 quid

238 2936 570 3000 promiserint
602 2935 722 2984 Deo.
791 2935 926 2984 Novi
961 2935 1150 2982 multos
1186 2948 1292 2983 esse

239 3001 580 3064 sepulcrorum
594 3005 647 3049 et
662 3002 970 3062 picturarum
984 2998 1291 3058 adoratores;

240 3065 362 3114 novi
408 3066 594 3113 multos
625 3079 730 3114 esse
772 3064 859 3126 qui
896 3063 1293 3111 luxuriosissime

240 3144 393 3193 super
413 3134 637 3178 mortuos
658 3129 851 3186 bibant,
870 3133 922 3176 et
949 3128 1123 3188 epulas
1155 3126 1294 3175 cada-

240 3194 445 3244 veribus
502 3194 815 3249 exhibentes,
869 3206 1019 3254 super
1074 3191 1295 3253 sepultos

241 3260 432 3321 scipsos
454 3258 717 3321 sepeliant,
746 3262 796 3305 et
818 3256 1116 3305 voracitates
1137 3255 1293 3304 ebrie·

241 3329 471 3385 tatesque
507 3337 620 3371 sua-s
654 3321 898 3384 deputent
928 3319 1178 3382 religioni.
1203 3355 1215 3368 .
1241 3355 1253 3369 .
1279 3356 1292 3368 .

244 3386 376 3450 57⁶.
438 3385 592 3435 Nunc
631 3400 718 3434 vos
761 3384 887 3432 illud
933 3384 1192 3440 admoneo,
1239 3388 1297 3432 ut

242 3450 518 3514 aliquando
556 3450 792 3499 Ecclesiae
838 3448 1112 3498 Catholicae
1148 3448 1297 3497 male·

244 3516 411 3564 dicere
453 3514 711 3573 desinatis,
760 3512 1091 3576 vituperando
1134 3527 1299 3561 mores

244 3579 532 3636 hominum,
587 3593 676 3628 uos
704 3582 755 3626 et
777 3578 887 3640 ipsa
907 3576 1224 3635 condemnat,
1247 3582 1300 3625 et

243 3658 372 3707 qnos
415 3644 555 3706 quoti
596 3644 641 3692 'e
680 3647 923 3705 tanquam
968 3641 1128 3690 malos
1167 3640 1300 3689 filios

244 3709 496 3769 corrigere
517 3705 845 3756 studet.”—-S.
860 3704 1013 3769 Aug]
1038 3704 1100 3753 de
1116 3704 1299 3753 Morib.

247 3771 381 3822 Bccl.
402 3771 546 3821 Cath.
567 3769 704 3834 [liu]
722 3771 753 3819 i.
771 3769 921 3835 [esp]
934 3770 1104 3817 xxxiv,
1122 3768 1197 3882 Ἐξ
1221 3769 1300 3829 76,

247 3837 328 3887 76.
366 3835 616 3899 Op..tom.
642 3836 677 3884 i.
701 3836 792 3884 col.
817 3837 952 3884 1153.
980 3833 1038 3894 B,
1058 3832 1113 3888 C.
1179 3832 1213 3896 .]

312 3909 337 3940 r
372 3901 428 3963 [“
446 3899 570 3957 Quis
586 3914 709 3962 puer
720 3902 1060 3960 interrogatus
1082 3913 1186 3946 non
1208 3898 1302 3945 hoc

248 3968 444 4013 certum
478 3978 583 4012 esse
620 3963 931 4025 respondeat,
954 3962 1103 4025 quod,
1137 3960 1304 4011 Simu·

247 4028 397 4077 Iaera
430 4027 657 4090 {lentium
698 4043 755 4076 os
789 4026 984 4085 habent,
1021 4032 1067 4075 et
1101 4040 1204 4074 non
1237 4025 1302 4075 lo-

402 4108 470 4141 w·
482 4107 507 4150 ;
539 4092 708 4141 acidos
738 4091 935 4148 habent,
956 4097 1002 4140 et
1034 4106 1137 4139 non
1169 4090 1301 4139 vide-

320 4163 389 4214 nt,
433 4159 487 4206 et
523 4161 704 4205 caetera
746 4170 859 4218 quse
898 4154 1102 4204 divinus
1140 4169 1302 4203 sermo

247 4222 543 4270 contexuitl
613 4220 716 4269 Cur
748 4235 868 4281 ergo
899 4222 1160 4282 tantopere
1194 4218 1304 4280 Spi-

249 4287 384 4335 ritus
407 4285 618 4334 Sanctus
639 4289 781 4334 curat
803 4284 1174 4346 Scripturarum
1197 4283 1304 4346 plu-

250 4350 399 4398 rimis
425 4349 549 4398 locis
572 4347 681 4397 haec
703 4349 957 4397 insinuare
978 4352 1130 4410 atque
1154 4347 1306 4396 incul-

250 4428 379 4469 eare,
396 4413 536 4463 velut
551 4412 897 4471 inscientibus,
916 4413 1056 4474 quasi
1082 4427 1183 4461 non
1206 4426 1307 4459 om-

251 4478 406 4527 nibus
455 4477 773 4540 apertissima
815 4481 966 4538 atque
1009 4476 1276 4525 notissima
1295 4493 1308 4536 ;

251 4543 355 4593 uisi
387 4542 509 4605 quia
543 4541 734 4604 species
770 4541 1130 4599 membrorum,
1157 4555 1309 4603 quam

340 4637 833 4675 ΔΙΒΠΠΙι-ΒΙΒΡ,

1393 2098 1693 2147 naturaliter
1725 2099 1783 2148 in
1817 2099 2161 2149 animantibus
2185 2100 2439 2150 viventem

1393 2162 1578 2221 videre,
1596 2168 1748 2226 atque
1770 2165 1824 2212 in
1855 2164 2232 2227 nobismetipsis
2254 2165 2439 2214 sentire

1392 2228 1754 2288 consuevimus,
1785 2243 2086 2291 quanquam,
2121 2233 2180 2277 ut
2216 2228 2291 2276 illi
2318 2243 2443 2277 asse-

1392 2297 1526 2350 runt,
1574 2293 1630 2340 in
1673 2293 1877 2354 signum
1913 2293 2120 2355 aliquod
2156 2293 2441 2352 fabrefacta,

1391 2361 1538 2418 atque
1593 2357 1838 2406 eminenti
1889 2357 2127 2406 collocata
2184 2361 2439 2419 suggestu,

1392 2435 1507 2469 cum
1541 2420 1739 2470 adorari
1771 2425 1922 2484 atque
1955 2420 2190 2470 honorari
2220 2436 2251 2470 a
2271 2421 2441 2469 multi-

1392 2485 1570 2535 tudine
1606 2487 1831 2549 coeperit,
1878 2487 2013 2549 parit
2050 2487 2106 2535 in
2144 2501 2440 2548 unoquoque

1392 2549 1794 2598 sordidissimum
1852 2551 2034 2598 erroris
2077 2550 2327 2608 affectum,
2383 2554 2442 2598 nt

1391 2616 1631 2675 quoniam
1655 2615 1710 2662 in
1738 2614 1830 2662 illo
1853 2614 2097 2675 figmento
2121 2629 2223 2663 non
2245 2615 2442 2663 invenit

1391 2679 1599 2727 vitalem
1635 2682 1847 2736 motum,
1876 2678 2046 2727 credat
2075 2693 2264 2727 numen
2287 2679 2445 2727 occul-

1392 2746 1532 2800 tum;
1566 2742 1785 2805 effigiem
1819 2747 1988 2791 tamen
2023 2743 2215 2790 viventi
2248 2742 2442 2804 corpori

1390 2808 1629 2867 similem,
1655 2807 1889 2855 seductus
1910 2806 2072 2856 forma
2092 2813 2145 2855 et
2160 2811 2442 2856 commotus

1390 2872 1688 2920 auctoritate
1724 2872 1865 2934 quasi
1905 2872 2210 2934 sapientium
2244 2871 2444 2919 institu-

1389 2941 1558 2984 torum
1622 2935 2102 2998 obsequentiumque
2163 2935 2443 2993 turbarum,

1390 3000 1500 3049 sine
1535 3002 1653 3049 vivo
1688 3001 1857 3062 aliquo
1889 3000 2168 3050 habitatore
2201 3014 2306 3049 esse
2340 3014 2444 3048 non

1393 3068 1568 3126 putat'l
1635 3065 1773 3114 Hinc
1817 3068 1869 3113 et
1909 3065 2042 3113 mala
2082 3064 2336 3114 daemonia
2378 3064 2443 3112 ad

1392 3129 1694 3192 possidenda
1743 3129 1976 3191 gentium
2022 3130 2289 3179 simulacra
2327 3128 2445 3178 talis

1393 3195 1656 3243 hominum
1668 3193 1875 3243 affectus
1892 3195 2307 3257 invitat,quorum
2323 3209 2445 3257 prae-

1391 3258 1672 3307 sidentium
1725 3260 1864 3307 varia
1939 3258 2138 3308 fallacia
2196 3259 2445 3308 mortiferi

1392 3324 1708 3372 seminantur
1732 3327 1784 3372 et
1817 3322 2225 3384 multiplicantur
2243 3337 2445 3372 errores.

1395 3386 1478 3435 Ali
1488 3388 1531 3436 is
1548 3388 1720 3450 itaque
1741 3387 1867 3435 locis
1879 3392 1930 3435 et
1948 3391 2121 3436 contra
2133 3388 2233 3436 ista
2245 3387 2446 3435 Divinae

1395 3450 1581 3501 Literae
1619 3452 1853 3513 vigilant,
1892 3464 1956 3499 ne
1994 3452 2258 3514 quisquam
2294 3451 2445 3510 dicat,

1394 3530 1508 3563 cum
1524 3516 1671 3564 irrisa
1686 3516 1873 3563 fuerint
1889 3515 2156 3563 simulacra
2171 3535 2182 3570 ς
2213 3513 2259 3562 N
2267 3529 2333 3562 on
2352 3513 2448 3562 hoc

1396 3578 1595 3627 visibile
1632 3578 1757 3636 colo,
1801 3578 1890 3626 sed
1925 3592 2116 3626 numen
2159 3577 2294 3640 quod
2340 3578 2448 3626 illic

1395 3642 1724 3691 invisibiliter
1742 3641 1939 3690 habitat
1962 3677 1973 3689 .
2000 3677 2011 3688 .
2038 3677 2051 3690 .

1461 3710 1485 3766 ς
1509 3709 1552 3755 4.
1574 3705 1830 3755 Videntur
1850 3710 2018 3754 autem
2033 3705 2131 3753 sibi
2181 3705 2452 3766 urgatioris

1399 3784 1506 3820 esse
1540 3769 1801 3832 religionis
1824 3770 1911 3832 qui
1935 3768 2127 3829 dicunt,
2211 3783 2266 3817 ec
2300 3772 2449 3818 simu·

1396 3835 1604 3893 lacrum,
1649 3849 1742 3882 nec
1797 3833 2104 3881 daemonium
2153 3832 2300 3890 colo;
2361 3833 2449 3882 sed

1396 3899 1616 3961 effigiem
1648 3898 1956 3960 corporalem
2005 3898 2111 3960 ejus
2143 3897 2216 3946 rei
2248 3897 2451 3959 signum

1397 3964 1613 4023 intueor,
1650 3977 1802 4024 quam
1829 3962 1989 4011 colere
2026 3961 2182 4010 debeo
2218 3996 2231 4009 .
2269 3996 2281 4009 .
2318 3998 2330 4010 .
2375 3961 2452 4011 De

1398 4028 1582 4091 quibus
1599 4041 1768 4075 rursus
1785 4041 1899 4075 cum
1924 4026 2170 4087 exagitari
2189 4026 2453 4087 coeperint,

1399 4092 1533 4154 quod
1566 4106 1774 4153 corpora
1794 4091 1980 4149 colant,
2005 4091 2324 4151 maximeque
2357 4094 2453 4138 ter-

1399 4171 1523 4216 ram,
1566 4161 1620 4206 et
1670 4170 1823 4213 mare,
1872 4160 1924 4204 et
1959 4169 2141 4212 aerem,
2186 4159 2238 4203 et
2281 4154 2455 4215 ignem

1401 4256 1702 4269 .......
1737 4217 2033 4282 respondere
2055 4218 2245 4266 audent
2267 4233 2369 4266 non
2402 4233 2455 4267 se

1400 4286 1511 4347 ipsa
1567 4299 1774 4347 corpora
1826 4284 2002 4341 colere,
2043 4282 2131 4331 sed
2184 4298 2300 4346 quae
2353 4283 2457 4332 illis

1402 4348 1636 4411 regendis
1663 4348 1938 4411 praesident
1971 4348 2197 4396 numina.
2281 4347 2458 4409 Itaque

1405 4413 1640 4475 Apostoli
1685 4427 1787 4461 una
1820 4413 2073 4461 sententia
2105 4425 2307 4472 poenam
2342 4410 2461 4460 isto·

1405 4493 1518 4526 rum
1553 4477 2030 4539 damnationemque
2063 4481 2306 4525 testatur:
2357 4475 2463 4537 Qui

1406 4546 1889 4601 transmutaverunt,
1951 4541 2135 4605 inquit,
2203 4541 2466 4592 veritatem

1909 4641 1949 4688 'P

2461 866 2603 930 tini.]
