3165 4959
975 323 1342 372 AroLoemM
1385 325 1748 374 RESPONsm.
2391 311 2478 375 39

244 496 413 538 rem.
508 477 688 540 Nam
721 477 875 560 quid
905 482 1216 543 narrant?
1292 482 1649 544 Par-itatem
1690 481 2003 563 quandam
2032 481 2111 543 ab
2146 481 2236 544 eis
2264 482 2478 544 induci

247 581 319 641 in
358 582 739 645 Ecclesiam.
832 583 1220 648 Paritatem:
1264 585 1438 649 inter
1489 586 1698 669 quos?
1743 586 1915 648 inter
1967 607 2055 664 se,
2108 586 2476 667 (Ministros

248 704 493 767 nempe
523 685 877 769 Ecclesiae.)
960 688 1216 751 Gradus
1246 710 1380 752 non
1409 690 1629 753 ferunt
1659 689 1961 773 Episcopi
1991 710 2183 771 super
2212 689 2474 773 presby-

248 794 496 867 terum,
534 789 898 873 presbyteri
941 790 1133 853 unius
1179 812 1370 875 super
1415 792 1714 855 alterum.
1807 793 2001 869 Nam,
2035 790 2090 852 si
2132 790 2475 872 paritatem

250 891 430 955 hanc
489 893 872 957 autumabat
931 915 1083 957 cum
1136 896 1333 977 Rege,
1378 895 1536 958 vitio
1595 896 1834 958 mentis
1892 895 1960 958 id
2010 895 2277 961 factum.
2368 894 2476 958 Ad

239 999 599 1077 primatum
646 998 837 1079 Reyis
889 999 1042 1081 quid
1092 1000 1332 1082 paritas
1383 1000 1554 1063 inter
1611 1001 1725 1063 se?
1791 1000 1988 1063 Videt
2035 1020 2188 1081 ergo
2241 999 2477 1062 Lector

255 1102 475 1163 ludere
502 1100 609 1165 hic
625 1122 757 1182 par
785 1102 1026 1183 impars'
1062 1103 1496 1167 Cardinalem.

323 1238 507 1299 Quare,
534 1253 650 1288 cum
672 1238 813 1299 fides,
837 1254 987 1301 quam
1013 1240 1123 1289 Rex
1141 1239 1386 1300 defendit,
1409 1245 1527 1290 ante
1553 1256 1740 1304 paucos
1759 1255 1919 1290 annos
1940 1244 2075 1300 nata,
2099 1238 2477 1303 angustissimis

392 1320 646 1369 limitibus
667 1322 999 1381 contineatur,
1031 1336 1136 1371 non
1161 1322 1433 1381 Catholica,
1457 1322 1511 1371 id
1534 1328 1626 1382 est,
1649 1326 1793 1372 vetus
1815 1327 1869 1372 et
1889 1323 2203 1382 universalis,
2233 1322 2321 1372 sed
2347 1336 2479 1372 110111.

391 1407 445 1452 et
466 1403 787 1465 particularis
831 1404 1084 1453 nominari
1131 1404 1522 1469 debet—[Bell.
1565 1404 1718 1468 Apol.
1765 1419 1856 1468 pro
1902 1403 2079 1468 Resp]
2127 1418 2174 1467 p.
2213 1406 2291 1454 10.
2339 1404 2478 1468 [Op.,

392 1490 517 1534 tom.
541 1487 626 1534 vii.
661 1486 755 1535 col.
779 1486 890 1537 710.
918 1484 997 1548 13]

350 1578 495 1639 Nec
524 1576 722 1639 habet
746 1583 1040 1660 unqu-etos
1063 1577 1222 1641 adeo
1251 1577 1490 1641 limites
1524 1577 1850 1641 sententia
1870 1577 2028 1655 haee,
2054 1583 2128 1639 ut
2153 1575 2477 1640 Cardinali

259 1680 538 1758 videtur,
572 1680 677 1742 cui
699 1682 837 1764 jam
867 1680 1037 1743 oculi
1067 1681 1370 1763 caligant.
1430 1682 1607 1744 Nam
1641 1702 2024 1763 quocunque
2052 1680 2193 1743 loco
2225 1679 2478 1762 Religio

257 1783 611 1846 reformata
655 1790 773 1862 est,
808 1805 1007 1866 penes
1053 1785 1293 1847 eosdem
1339 1791 1623 1869 potestas
1663 1786 1800 1849 haec
1845 1786 1949 1867 qui
1993 1804 2240 1847 summoe
2268 1804 2478 1846 rerum

244 1897 556 1972 prees-unt,
590 1889 815 1953 cadem
844 1890 1001 1968 haec,
1038 1912 1178 1973 quae
1207 1912 1404 1974 penes
1450 1892 1714 1974 Regem.
1808 1892 1969 1957 Quis
1999 1891 2069 1954 in
2101 1893 2330 1973 Regno
2360 1911 2476 1952 suo

256 1994 438 2057 idem
470 2015 606 2056 non
635 1993 791 2056 facit
819 2014 934 2076 per
964 1994 1198 2073 omnia,
1235 1994 1401 2077 quod
1436 1994 1575 2057 Rex
1618 1982 1688 2055 in
1719 1994 1984 2057 nostro?
2032 1994 2134 2058 De
2162 2014 2314 2055 voce
2343 2014 2478 2055 non

255 2098 585 2175 laborant,
622 2098 774 2180 quid
819 2098 1025 2181 opus?
1095 2099 1187 2162 At
1231 2120 1368 2161 rem
1413 2106 1656 2162 tenent.
1748 2100 1905 2162 Non
1950 2119 2102 2181 ergo
2146 2098 2248 2161 vel
2289 2118 2476 2175 nova,

256 2202 361 2264 101
409 2201 851 2284 particularis:
901 2201 1012 2264 sed
1062 2202 1403 2280 Catholica,
1435 2202 1501 2265 id
1547 2211 1644 2265 est
1680 2208 1853 2265 vetus
1896 2202 2112 2285 opinio
2154 2201 2313 2279 haec,
2347 2220 2480 2282 quae

256 2306 339 2368 ab
371 2308 555 2369 initio
585 2307 678 2369 sic
694 2304 832 2386 suit
853 2334 873 2367 .·
921 2314 987 2369 et
1019 2329 1211 2389 quam
1242 2307 1371 2370 late
1403 2315 1580 2391 patet
1629 2307 1913 2391 ejusdem
1960 2306 2288 2389 religionis
2332 2326 2477 2388 pro·

254 2410 479 2488 fessio,
515 2417 649 2471 tam
676 2410 807 2472 late
839 2409 1090 2472 diffusa.
1153 2411 1364 2489 Certe,
1400 2410 1454 2472 si
1483 2409 1584 2473 vel
1615 2409 1696 2472 ad
1727 2431 1971 2494 passuS,
1997 2410 2098 2472 vel
2124 2408 2204 2472 ad
2233 2408 2482 2492 lapides

256 2514 624 2578 revocanda
666 2536 787 2593 res,
841 2522 905 2577 et
961 2514 1467 2579 dimensionibus
1519 2515 1844 2598 agendum
1863 2540 1881 2591 3
1945 2513 1999 2576 si
2051 2535 2186 2577 non
2242 2514 2479 2597 plureS,

257 2621 498 2682 saltem
530 2618 801 2682 totidem
830 2619 1094 2682 haberet
1119 2640 1311 2701 quam
1347 2619 1644 2681 Romana
1665 2626 1911 2695 vestra3
1960 2622 2231 2680 locorum
2259 2620 2484 2698 spatiis

258 2744 447 2806 aeque
493 2743 568 2785 ac
604 2731 833 2801 vestra,
868 2744 1168 2786 annorum
1204 2722 1534 2784 curriculis
1571 2721 1716 2804 plus
1761 2720 2093 2802 magisque
2137 2720 2481 2799 Catholica,

261 2848 463 2911 quam
495 2833 722 2889 vestra.

329 2962 479 3021 Quod
515 2978 630 3012 vero
656 2963 978 3027 Apostolica.
1003 2998 1016 3013 .
1041 2999 1053 3012 .
1079 2963 1222 3037 nullo
1248 2963 1364 3027 jure
1393 2960 1708 3026 appellanda,
1748 2959 1836 3010 sed
1871 2960 2168 3024 Apostatica.
2196 2961 2336 3010 omni
2364 2960 2482 3026 jure

396 3043 710 3095 nominanda
731 3045 815 3105 sit,
830 3059 893 3094 ex
916 3059 974 3094 00
996 3045 1260 3094 manifeste
1283 3044 1615 3101 convincitur,
1641 3042 1773 3106 quod
1797 3041 1921 3092 fides
1943 3057 2059 3105 quae
2072 3058 2207 3092 nunc
2222 3042 2277 3092 in
2290 3043 2483 3108 Anglia

396 3128 540 3190 viget
582 3128 909 3177 seminatores
956 3128 1190 3178 habuerit
1226 3128 1380 3178 Mart.
1417 3128 1666 3177 Bucerum
1709 3131 1764 3177 et
1809 3126 2017 3177 Petrum
2068 3125 2364 3190 Martyrcm,
2389 3163 2401 3176 .
2428 3161 2440 3174 .
2465 3162 2478 3176 .

396 3217 672 3273 utrumque
718 3210 1256 3276 Aposlatam—[Bell.
1300 3211 1449 3275 Apol.
1494 3225 1588 3274 pro
1633 3209 1809 3274 Resp]
1855 3225 1905 3275 p.
1928 3214 2008 3261 10.
2058 3210 2198 3276 [Op.,
2239 3214 2364 3262 tom.
2390 3213 2480 3262 vii.

395 3291 493 3343 col.
518 3292 632 3343 710.
660 3291 717 3342 Β.
746 3291 828 3355 0.]

356 3383 509 3461 Sed,
541 3404 654 3446 nec
682 3385 1043 3464 Apostolica
1074 3391 1194 3462 est,
1226 3384 1326 3446 vel
1355 3384 1603 3465 Anqliae
1642 3384 1741 3447 vel
1782 3384 2007 3447 Scotioe
2030 3382 2216 3466 fides,
2247 3384 2480 3466 (favete
2507 3395 2681 3461 [Fides
2697 3411 2811 3446 nos-

260 3487 527 3570 linguis)
585 3487 957 3568 Apo-statim
997 3488 1233 3569 potius.
1324 3488 1479 3550 Non
1529 3488 1804 3569 Angliae,
1855 3488 2021 3569 quod
2062 3489 2481 3551 Seminatores
2503 3461 2764 3590 {aig-¹³:¹⁰*

261 3593 553 3655 habuen't
598 3593 906 3655 Bucerum
964 3598 1026 3661 et
1077 3592 1455 3673 Martyrem,
1500 3592 1781 3654 Bucerus
1833 3598 2037 3654 autem
2083 3597 2145 3653 et
2195 3591 2476 3671 Martyr,

261 3698 443 3761 ambo
497 3697 844 3777 Apostatoe.
964 3697 1292 3760 Neutrum
1348 3717 1593 3760 verum.
1714 3695 1999 3759 Tametsi
2060 3695 2234 3757 enim
2300 3695 2477 3759 ibunt
2608 3694 2691 3756 31

263 3802 483 3885 quovis
526 3801 749 3862 saeculo
790 3800 956 3862 inter
1000 3800 1213 3863 doctos
1242 3801 1523 3863 Bucerus
1558 3808 1626 3863 et
1657 3800 1941 3880 Mar-tyr,
1974 3805 2050 3861 ut
2092 3820 2211 3862 nos
2255 3820 2476 3864 eorum

262 3909 510 3992 pudere
551 3928 687 3970 11011
717 3905 984 3969 debeat:
1044 3928 1179 3969 non
1208 3913 1429 3970 tamen
1475 3906 1551 3988 (si
1582 3926 1802 3969 verum
1833 3905 2149 3986 volumus)
2204 3905 2476 3969 semina-

264 4020 423 4076 runt
454 4011 585 4074 duo
613 4009 710 4072 illi
742 4009 933 4072 fidem
965 4011 1034 4072 in
1078 4009 1318 4092 Anglia
1355 4009 1452 4092 (ut
1492 4008 1762 4072 ridicule
1803 4008 2163 4072 Cardinalis
2183 4009 2222 4092 ε)
2260 4030 2476 4092 quam,

267 4124 420 4179 ante
471 4113 576 4178 vel
617 4111 1028 4194 Gregorium,
1073 4114 1174 4176 vel
1218 4111 1687 4189 Eleutherium,
1739 4112 2192 4194 Apostolorum
2244 4114 2479 4177 saeculo

269 4221 680 4296 seminatam,
718 4218 850 4280 late
895 4218 1003 4280 hic
1045 4225 1439 4281 crescentem
1482 4217 1892 4280 invenerunt.
1983 4217 2242 4280 Zizania
2284 4218 2478 4283 modo

268 4418 343 4465 mi
368 4414 665 4479 praesidium
689 4413 748 4463 in
767 4413 983 4475 paritate
999 4413 1307 4462 collocarunt
1318 4430 1335 4474 ;
1424 4411 2041 4473 redarguerent.”—-Busil.
2063 4412 2181 4464 Dor.
2199 4413 2345 4464 lib.ii.
2368 4414 2482 4478 Op.,

269 4497 367 4544 qua
398 4481 516 4530 foeti
554 4479 792 4529 homines
831 4478 1066 4541 improbi,
1106 4479 1332 4535 audaceS,
1426 4478 1546 4540 Reg.
1570 4478 1677 4527 Jae.
1703 4493 1751 4540 p.
1774 4478 1879 4540 72]

271 4547 512 4610 imperiti,
535 4547 669 4609 pios,
702 4543 971 4606 sapientes,
993 4548 1045 4592 et.
1072 4543 1336 4604 modestoS,
1488 4544 1503 4582 1
1544 4543 1696 4606 [Hor.
1723 4543 1825 4594 Sat.
1850 4545 1904 4593 ii.
1931 4547 1975 4594 3.
2000 4545 2140 4607 248.]
