3165 4959
634 337 764 399 xxii
1554 351 1641 399 An
1685 352 1919 401 amm

636 506 1024 590 desererent)
1061 509 1261 571 semel
1289 508 1490 590 stylus
1524 507 1754 590 Reyius
1782 508 2147 590 Majestatis
2182 508 2345 587 wa»,
2377 515 2570 592 atque
2598 508 2834 572 iterum

634 608 896 687 vacarit,
946 610 1101 672 satis
1151 609 1276 673 hoc
1322 616 1389 674 et
1419 610 1705 674 'Puerum
1754 610 2067 675 desiderio
2108 600 2186 674 et‘
2222 612 2464 675 Rerum
2511 610 2831 694 dignitati.

637 710 991 796 Utriusque
1018 711 1110 776 Te
1140 711 1360 796 gloriae
1388 713 1770 796 participem
1799 713 1975 778 videt
2012 715 2409 778 Christianus
2437 713 2651 792 Orbis,
2691 714 2835 796 (nec

530 872 537 879 ,
633 821 865 896 praeter
901 816 983 878 Te
1013 816 1259 900 Regem
1290 816 1513 899 alium)
1546 815 1843 895 defensae,
1874 838 2007 881 non
2039 837 2230 901 opere
2259 818 2487 896 solum,
2521 818 2634 881 sed
2663 817 2835 901 stylo

633 916 829 980 etiam
859 918 1224 1001 Majestatis
1253 919 1465 1001 Reyiae
1486 947 1503 981 :
1551 920 1641 981 Et
1670 921 1808 983 haec
1843 928 2082 998 nostra,
2113 920 2185 983 in
2221 920 2304 983 Te
2335 922 2532 1003 Rege,
2561 919 2834 983 felicitas

632 1026 748 1098 est,
783 1042 975 1102 quem
1010 1025 1175 1105 (quae
1217 1021 1373 1086 olim
1420 1044 1673 1086 summa
1717 1023 1914 1106 Regis
1957 1024 2182 1106 gloria)
2221 1021 2441 1103 μυθῶν
2469 1047 2542 1086 τε
2567 1021 2830 1108 ῥητῆρα,

632 1123 1047 1204 admiramur,
1078 1128 1415 1212 ‘trpmerv‘jpa
1444 1150 1516 1190 τε
1545 1123 1799 1212 ἔρνγωνῗ.

721 1226 997 1293 Quando
1028 1235 1266 1307 autem,
1297 1228 1380 1292 ad
1411 1229 1804 1292 Scholastica
1832 1249 1934 1292 res
1956 1229 2097 1311 jam
2126 1228 2319 1292 rediit
2342 1234 2409 1291 et
2431 1224 2834 1292 velitationes

629 1337 920 1407 nostras3
969 1351 1085 1395 cur
1128 1331 1464 1415 negotium
1509 1331 1632 1396 sibi
1677 1351 1867 1414 porro
1910 1331 2021 1395 det
2059 1331 2374 1413 Majestas
2409 1332 2542 1394 Tua
2560 1333 2593 1393 ,9
2634 1330 2832 1394 relin-

630 1440 787 1515 quat
843 1435 982 1499 haec
1044 1434 1292 1499 Scholis
1349 1435 1671 1518 agitanda.
1766 1433 1894 1498 Sed
1950 1454 2162 1517 neque
2228 1433 2358 1496 tuis
2418 1433 2523 1497 hic
2578 1432 2832 1496 lacertis

636 1535 931 1600 Cuneisve
968 1558 1166 1619 opus;
1211 1536 1501 1600 molliore
1538 1537 1801 1601 brachio
1843 1556 1947 1600 res
1996 1536 2101 1618 agi
2148 1536 2405 1619 poterit.
2496 1536 2625 1600 Vel
2653 1536 2829 1600 enim

626 1637 698 1701 in
726 1639 852 1702 ista
880 1660 1011 1703 non
1041 1639 1337 1703 incubuit
1367 1639 1726 1703 cardinalis
1757 1638 1957 1716 seri03
2006 1639 2107 1702 vel
2135 1646 2383 1702 veteres
2411 1639 2473 1702 ei
2500 1639 2666 1702 vires
2696 1659 2830 1702 non

626 1741 1039 1823 respondent.
1132 1742 1378 1806 Locum
1419 1748 1592 1806 certe
1621 1742 1726 1805 vix
1768 1740 2094 1824 relinquit,
2125 1741 2196 1804 in
2244 1761 2373 1823 quo
2410 1762 2640 1805 nervos
2686 1741 2830 1824 quis

627 1849 896 1922 exserat,
926 1844 1021 1908 ita
1049 1845 1252 1908 cutim
1291 1844 1362 1908 in
1391 1844 1709 1928 plerisque
1735 1844 1843 1907 vix
1886 1843 2284 1927 perstringit.
2373 1845 2596 1909 Telam
2625 1844 2829 1928 igitur

623 1951 810 2009 tanta
835 1946 1178 2028 Majestate
1221 1946 1559 2031 indignam
1605 1953 1946 2030 pertexant
1994 1946 2123 2025 alii,
2171 1954 2237 2011 et
2286 1967 2430 2030 quae
2476 1954 2826 2030 utrumque

618 2048 756 2130 jam
828 2049 1153 2133 Scriptum
1213 2051 1427 2115 Tuum
1486 2050 1922 2129 circumvolat,
1982 2049 2352 2113 Musicarum
2408 2050 2653 2114 nubem
2710 2051 2827 2113 aliz·

590 2170 603 2179 ·
624 2150 907 2236 abigant,
938 2174 1109 2232 voce,
1148 2153 1335 2239 styIO,
1382 2153 1888 2237 argumentis.—

1058 2287 1135 2338 'l’u
1156 2302 1328 2352 regere
1349 2288 1564 2352 imperio
1585 2291 1746 2339 terras
1769 2287 1898 2351 (Rex
1918 2288 2121 2352 magne)
2146 2291 2416 2338 memento.

1059 2369 1264 2420 Parcere
1283 2370 1535 2433 subjectis,
1557 2374 1612 2420 et
1633 2370 1883 2421 debellare
1902 2369 2154 2434 superbos.

1056 2450 1157 2501 Hae
1180 2451 1296 2502 'ribi
1318 2457 1467 2502 erunt
1487 2455 1672 2512 πῦον,

621 2565 811 2630 Hane
851 2587 1091 2645 curam,
1124 2589 1316 2652 quam
1363 2567 1766 2652 amplecteris
1810 2567 1982 2632 bono
2025 2567 2301 2652 publico,
2344 2589 2622 2647 oramus,
2655 2575 2818 2633 stre-

611 2669 757 2751 pitu
798 2670 1037 2734 Scholoe
1065 2672 1429 2753 AEquivocoe
1476 2693 1562 2736 ne
1606 2671 1777 2735 sinas
1820 2671 2091 2735 ulterius
2133 2671 2548 2754 interpellari.
2640 2673 2818 2736 Dum

613 2772 819 2852 nobis,
851 2795 931 2838 ex
973 2774 1089 2839 lite
1132 2773 1230 2854 lis,
1276 2795 1353 2838 ex
1400 2774 1841 2858 Responsione
1889 2774 2244 2858 Responsio
2287 2773 2627 2853 incumbit,
2659 2772 2817 2838 dum

586 2896 726 2958 -per
782 2877 1156 2940 Adversarii
1219 2877 1683 2942 declinationes
1745 2899 1783 2940 a
1840 2899 2033 2941 causa
2090 2877 2389 2954 maxima,
2440 2877 2522 2940 ad
2577 2877 2821 2941 leviora

613 2976 882 3042 subinde
914 2978 1039 3042 alia
1072 2985 1267 3063 atque
1303 2980 1446 3058 alia,
1479 2980 1794 3044 divertere
1839 2979 2165 3061 cogimur;
2212 2978 2456 3061 nequid
2498 2978 2606 3043 hic
2648 2979 2819 3043 tanti

612 3079 756 3143 'ribi
788 3080 893 3158 sit,
917 3087 992 3144 ut
1023 3082 1262 3164 stylum
1288 3081 1564 3165 Regium
1592 3082 1830 3145 iterum
1861 3081 1940 3144 ad
1969 3081 2096 3143 ista
2125 3080 2505 3162 distringas3
2550 3082 2812 3165 nequid,

608 3189 685 3244 ut
730 3182 1012 3265 pretiosa
1055 3191 1172 3246 tua
1214 3191 1506 3267 tempora
1547 3191 1852 3261 moretur,
1899 3182 2327 3247 obsecramus.
2420 3183 2537 3246 Sat
2581 3185 2726 3262 erit,
2761 3186 2815 3249 si

608 3285 899 3367 legendis
957 3285 1436 3351 velitationibus
1486 3286 1742 3364 nostris,
1792 3294 1860 3351 et
1909 3286 2089 3370 quasi
2140 3286 2220 3350 de
2277 3286 2519 3364 littore,
2568 3289 2814 3373 prospi-

608 3388 854 3452 ciendis
897 3388 1235 3472 reciprocis
1275 3389 1856 3455 contradicentium
1889 3389 2257 3468 assultibus,
2289 3389 2466 3453 horae
2495 3390 2642 3454 Tibi
2671 3413 2810 3455 sur·

607 3491 885 3574 reptitiae
914 3493 1085 3556 curis
1114 3492 1485 3577 majoribus,
1518 3499 1924 3576 supererunt.

694 3594 800 3658 Ad
837 3595 1030 3658 Tuam
1068 3615 1217 3659 vero
1263 3595 1532 3658 Sacram
1574 3595 1999 3677 Majestatem,
2031 3595 2214 3678 cujus
2243 3595 2522 3660 victoriae
2570 3596 2816 3661 insisti-

607 3717 771 3775 mus,
825 3699 1009 3782 cujus
1068 3697 1370 3782 reliquias
1427 3698 1893 3782 prosequimur,
1942 3696 2245 3782 quicquid
2290 3699 2415 3762 hoc
2473 3706 2589 3776 est,
2640 3696 2812 3783 quod

606 3800 888 3864 secundo
931 3802 1071 3885 jam
1111 3801 1209 3864 ad·
1236 3801 1688 3864 Bellarmimam
1721 3801 1859 3864 Ea:-
1869 3803 2123 3864 Tortum
2170 3801 2563 3884 reponimuS,
2613 3803 2810 3884 gestit

592 3923 675 3966 se
719 3903 1015 3985 recipere.
1108 3904 1257 3968 Tibi
1298 3903 1568 3968 debetur
1596 3903 1719 3968 hoc
1747 3911 1983 3983 totum,
2016 3903 2173 3969 Tuis
2202 3903 2525 3985 Auspiciis
2555 3926 2809 3990 suscep-

603 4013 769 4084 tum,
803 4006 959 4070 'ruis
996 4006 1276 4089 vestiyiis
1320 3991 1408 4070 ad
1440 4007 1638 4070 finem
1682 4007 2087 4089 perductum,
2119 4007 2333 4070 Tuum
2362 4007 2486 4071 sibi
2521 4009 2811 4074 Detelare

604 4110 847 4174 Nomen
873 4109 1152 4174 libenter
1180 4110 1545 4193 praetendit.
1618 4111 1938 4193 Expertus
1967 4109 2037 4173 in
2074 4111 2262 4173 Torto
2289 4111 2550 4174 Retorto
2581 4112 2808 4177 Patro-

602 4236 761 4278 num
791 4223 927 4278 tam
955 4214 1329 4298 benignum,
1355 4222 1490 4277 tam
1512 4235 1768 4297 aequum
1791 4213 1833 4276 J
1834 4213 2090 4279 udicem
2112 4238 2125 4277 :
2169 4214 2509 4278 audentior
2537 4215 2806 4281 eandem

604 4317 1026 4381 Sereni-ssimae
1056 4324 1175 4381 tuoe
1203 4319 1572 4400 Majestatis
1602 4318 2013 4382 clementiam
2060 4316 2313 4381 accedo.
2403 4318 2621 4385 Quam
2649 4319 2805 4384 faci-

600 4420 729 4483 lem
777 4420 997 4498 veniae,
1044 4421 1090 4482 I
1087 4421 1193 4498 lla,
1241 4422 1324 4484 Te
1366 4421 1631 4499 invenit,
1681 4428 1817 4483 tam
1870 4418 2124 4484 facilem
2176 4426 2242 4483 et
2288 4418 2426 4484 haec
2465 4421 2806 4502 Responsio

794 4559 810 4586 ²
849 4554 1028 4618 [Hom.
1053 4554 1112 4604 11.
1137 4556 1205 4604 ix.
1232 4554 1365 4618 443.]
1771 4604 1786 4618 ,
1901 4566 1924 4588 “
1959 4556 2123 4621 [virg.
2154 4556 2262 4607 AEn.
2291 4558 2356 4606 vi.
2384 4557 2618 4620 851-3.]
