3165 4959
638 323 766 386 104
1263 337 1349 384 An
1394 336 1778 385 emamus
1820 337 2220 385 nnmnnmt

637 494 811 558 lllud
851 502 1070 558 tamen
1109 493 1370 577 (credo),
1401 500 1471 557 ut
1506 495 1846 558 eoelzibitum
1881 497 2028 557 olim
2075 502 2224 558 ante
2270 516 2464 557 annos
2492 494 2636 578 plus
2678 495 2845 558 mille

635 599 945 663 honorem
991 598 1291 662 Pontifici
1339 620 1454 662 suo
1503 599 1795 664 doceret:
1844 619 1976 662 non
2027 605 2246 663 autem
2285 599 2480 683 (quod
2529 598 2834 680 instituit)

637 708 713 763 ut
725 702 870 782 jam
899 701 1197 764 exhiberi.

729 804 884 883 Ubi,
917 804 1472 868 Bibliothecarium
1518 810 1789 868 vestrum
1841 826 2067 889 parum
2114 826 2460 882 moramur,
2506 805 2848 888 parasitas-

638 914 815 971 trum
866 908 1023 992 ejus,
1081 907 1202 990 (uti
1248 929 1315 971 se
1365 907 1590 971 multis
1634 908 1705 970 in
1755 906 1912 971 locis
1956 908 2261 988 ostendit)
2302 908 2406 971 cui
2448 907 2848 970 Bibliothecae

639 1017 853 1074 custos
899 1018 1059 1074 erat.
1172 1010 1317 1075 Nec
1365 1011 1541 1074 enim
1592 1009 1661 1071 id
1712 1009 1792 1073 de
1838 1010 1961 1074 hoc
2010 1012 2260 1074 Caesare
2307 1009 2631 1087 credibile,
2679 1011 2844 1072 Cum

639 1113 826 1177 annis
854 1119 999 1196 post
1031 1120 1294 1177 centum
1324 1120 1391 1176 et
1422 1111 1890 1196 quinquaginta
1918 1113 2181 1196 Agatho
2210 1114 2403 1196 Papa,
2422 1112 2596 1194 fleoeo
2627 1114 2849 1175 mentis

634 1216 868 1297 poplite
895 1217 1259 1297 sumliciter
1276 1217 1743 1299 Imperatorem
1767 1215 2153 1297 deprecatur,
2179 1223 2244 1279 et
2262 1216 2381 1297 pia
2403 1215 2536 1296 ejus
2564 1216 2845 1297 vestiyia,

638 1325 781 1381 tum
799 1319 1219 1399 pusillitatem
1255 1340 1438 1382 suam
1480 1326 1816 1398 memorat,
1849 1339 1923 1382 ac
1939 1325 2299 1400 promptam
2328 1319 2737 1382 obedientiam
2767 1318 2850 1381 ad

639 1421 842 1504 ipsius
854 1422 1172 1503 jussiones
1200 1429 1267 1486 et
1283 1428 1605 1505 praecepta
1634 1422 2023 1505 profitetur‘.
2097 1423 2285 1500 Cmn,
2306 1427 2451 1506 post
2482 1442 2686 1485 annos
2714 1421 2849 1486 fere

638 1531 982 1602 trecentos,
1043 1524 1134 1589 sic
1177 1525 1505 1589 Adrianus
1563 1525 1740 1608 Papa
1797 1524 2034 1589 scribat
2081 1524 2512 1589 Constantino
2562 1523 2848 1589 Orientis

640 1627 1044 1711 Imperatori,
1076 1629 1280 1691 Veluti
1297 1635 1638 1710 praesentes
1653 1628 1911 1710 yenibus
1941 1628 2238 1707 advoluti,
2264 1634 2324 1692 et
2354 1648 2562 1691 coram
2583 1629 2848 1709 vestigia

628 1731 861 1811 pedum
882 1737 1225 1794 vestrorum
1244 1731 1577 1795 volutando
1588 1741 1637 1794 ¹¹.
1702 1731 1936 1814 Neque
1955 1731 2039 1795 ad
2059 1730 2236 1795 hunc
2258 1732 2498 1815 Papam
2521 1730 2846 1794 credibile.

418 1837 500 1899 81
636 1832 1078 1901 Abstinuisset
1121 1833 1316 1911 enim,
1347 1833 1449 1897 vel
1492 1833 1575 1898 ob
1620 1833 1762 1912 hoc,
1810 1834 1984 1916 quod
2024 1833 2302 1898 venisset
2347 1841 2489 1897 tum
2536 1834 2845 1917 Legatus‚

639 1935 868 2014 alieno,
915 1957 1048 2000 non
1097 1957 1211 2000 suo
1262 1935 1543 2015 nomine,
1603 1935 1864 2019 (missus
1914 1958 1953 2001 a
2003 1936 2398 2016 Theodorico
2451 1937 2847 2001 Gotthorum

639 2039 818 2121 Rege
828 2039 877 2119 ¹)
928 2038 1206 2103 venisset
1245 2047 1467 2103 autem
1514 2039 1587 2103 in
1633 2060 1827 2104 causa
1870 2040 2283 2119 Arianorum,
2321 2047 2396 2103 ut
2439 2039 2709 2104 liberam
2754 2042 2845 2105 eis

638 2162 819 2205 sacra
860 2141 1137 2206 faciendi
1181 2149 1571 2225 potestatem
1613 2143 2011 2227 impetraret.
2108 2143 2256 2217 Sed,
2290 2152 2606 2227 quantum
2646 2144 2706 2208 ei
2742 2166 2844 2209 ac-

638 2243 864 2308 crescit
901 2243 972 2308 in
1012 2245 1303 2323 Oriente,
1353 2266 1433 2309 ex
1470 2246 1715 2309 honore
1757 2268 1795 2309 a
1840 2246 1882 2309 J
1886 2246 2119 2325 ustino,
2164 2252 2424 2309 tantum
2475 2245 2728 2311 decedit
2766 2269 2846 2311 ex

635 2346 1008 2430 ignominia,
1066 2369 1261 2432 quam
1310 2370 1539 2432 passus
1591 2348 1662 2412 in
1715 2349 2106 2413 Occidente:
2172 2356 2247 2411 ut
2300 2350 2411 2432 qui
2455 2371 2685 2432 parum
2729 2373 2846 2435 pro

639 2449 957 2534 dignitate
986 2451 1248 2517 habitus
1283 2452 1369 2516 sit
1405 2473 1445 2517 a
1485 2452 1885 2519 Theodorico
1928 2459 2070 2517 tum
2105 2453 2318 2536 Rege:
2368 2453 2477 2537 qui
2516 2475 2665 2518 eum
2696 2476 2844 2519 con-

631 2554 881 2638 jectum
908 2555 981 2618 in
1008 2556 1284 2635 vincula,
1314 2556 1408 2621 ibi
1434 2554 1698 2640 poedore
1729 2563 1793 2620 et
1824 2556 1993 2619 fame
2023 2556 2106 2619 ad
2128 2577 2352 2620 necem
2385 2556 2621 2621 dedit5.
2703 2559 2846 2623 Nec

636 2678 795 2722 sane
823 2658 1166 2738 immeritO,
1203 2659 1278 2742 (si
1300 2680 1451 2723 vera
1475 2658 1607 2738 illa,
1633 2680 1776 2743 quse
1803 2665 2023 2723 narrat
2042 2658 2580 2724 Bibliothecarius
2609 2662 2839 2744 vester)

641 2761 752 2844 qui
802 2761 872 2825 id
931 2761 1075 2840 sibi,
1131 2762 1309 2826 Petri
1360 2762 1743 2840 Successori,
1789 2762 1928 2826 fieri
1986 2783 2212 2844 passus
2263 2784 2303 2826 a
2351 2764 2621 2842 Caesare,
2675 2765 2846 2847 quod

639 2864 872 2928 Petrus
904 2864 1039 2947 ipse
1068 2865 1203 2949 pati
1232 2864 1442 2929 noluit
1471 2886 1508 2928 a
1540 2865 1939 2930 Centurione
1958 2875 2015 2929 ²:
2047 2872 2123 2927 ut
2154 2886 2221 2929 se
2239 2886 2481 2947 pronus
2511 2867 2578 2929 in
2612 2874 2845 2931 terram

639 2967 955 3029 adoraret.

701 3084 733 3134 J
741 3085 1022 3134 ustinianus
1046 3085 1226 3135 Senior
1251 3086 1285 3136 J
1288 3101 1504 3137 oannem
1530 3086 1586 3138 ii.
1612 3086 1778 3151 Caput
1806 3087 2037 3136 omnium
2078 3086 2401 3137 ecclesiarum
2437 3087 2729 3151 appellavit,
2755 3125 2765 3135 .
2791 3126 2801 3136 .
2829 3124 2840 3137 .

769 3166 829 3215 le.
855 3165 1021 3215 ‘Inter
1042 3166 1244 3227 claras:
1268 3167 1321 3218 C.
1348 3167 1452 3217 ‘De
1474 3167 1613 3217 Sum.
1631 3167 1773 3216 'Px-in.
1794 3172 1848 3217 et
1869 3167 1953 3218 fid.
1981 3166 2400 3233 Cath.·’-[Bell.
2416 3169 2569 3232 Apol.
2583 3183 2674 3233 pro
2694 3168 2840 3232 Re-p.

767 3260 815 3309 p.
842 3246 919 3297 27.
955 3246 1067 3311 Op.,
1091 3251 1211 3296 tom.
1237 3248 1326 3296 vii.
1348 3248 1440 3297 col.
1467 3249 1575 3299 720.
1605 3247 1695 3313 Α.]

303 3345 615 3461 §miniano
728 3336 989 3400 Poterat
1034 3357 1184 3400 vero
1237 3337 1599 3401 Cardinalis
1648 3337 1969 3402 abstinere
2020 3360 2060 3402 a
2113 3340 2288 3422 Lege
2338 3345 2357 3373 ‘
2375 3340 2551 3402 Inter
2592 3342 2803 3404 claras
2823 3341 2840 3369 ’

341 3410 458 3476 ω’]
640 3440 931 3503 citanda:
981 3461 1172 3523 quam
1203 3440 1346 3518 scit,
1370 3442 1536 3504 inter
1553 3443 1764 3504 claras
1791 3441 1967 3524 leges
1998 3464 2132 3505 non
2162 3441 2365 3520 citari,
2398 3442 2511 3506 sed
2541 3442 2842 3508 obscuras

638 3551 705 3606 et
736 3542 1146 3609 adulterina&
1237 3545 1498 3608 Poterat
1529 3544 1725 3608 etiam
1757 3567 1796 3607 a
1826 3544 1868 3607 J
1870 3545 2181 3608 ustiniani
2209 3545 2573 3624 mentione3
2622 3548 2731 3629 qui
2773 3547 2844 3610 in

642 3646 910 3709 Silverio
969 3646 1143 3729 Papa
1199 3647 1500 3729 primum,
1554 3647 1665 3730 qui
1721 3655 1866 3731 post
1918 3646 1988 3709 in
2039 3647 2283 3730 Vigilio
2337 3647 2492 3711 satis
2540 3650 2841 3730 ostendit,

640 3750 853 3831 aliqua
911 3770 990 3813 ει·
1035 3756 1227 3831 parte
1274 3749 1578 3832 Pontifice
1630 3772 1696 3814 se
1752 3752 2131 3834 superiorem
2185 3772 2333 3815 esse.
2426 3752 2625 3816 Illum
2672 3755 2844 3817 enim

640 3852 849 3930 exilio,
881 3852 1056 3916 hunc
1097 3874 1348 3917 carcere
1392 3853 1785 3919 mulctavitb.
1878 3855 2044 3920 Quis
2088 3855 2264 3919 enim
2316 3856 2676 3938 Imperator
2724 3857 2846 3920 Sil-

705 3979 721 4011 *
789 3977 920 4029 Vide
954 3979 996 4029 E
1033 3980 1116 4029 ist.
1140 3981 1173 4030 i.
1215 3980 1500 4042 Agathonis
1522 3980 1691 4045 Papae,
1782 3981 1875 4031 col.
1901 3984 1980 4042 99,
2006 3982 2138 4046 seq.]

639 4058 740 4106 apu
810 4043 958 4094 Cone.
985 3996 1037 4093 ὁ).
1060 4045 1113 4094 Ρ.
1136 4046 1211 4094 iii.
1246 4048 1359 4094 Act.
1385 4045 1692 4111 iv.—Conc.]
1844 4054 1867 4077 ¹
1905 4046 2066 4110 [Vide
2103 4046 2211 4095 vit.
2250 4046 2396 4096 Joan.
2428 4047 2582 4112 Papae
2616 4046 2658 4096 1.
2694 4045 2845 4096 Cone.

641 4112 765 4158 tom.
790 4108 864 4157 iii.
906 4108 1040 4159 Edit.
1065 4108 1193 4160 Ven.
1231 4125 1279 4173 p.
1296 4112 1420 4159 245:
1484 4115 1535 4159 et
1567 4115 1690 4160 tom.
1782 4115 1903 4161 tom.
1927 4112 1992 4160 iv.
2019 4111 2112 4160 col.
2138 4114 2280 4160 1600.
2307 4111 2414 4226 Gk

644 4174 712 4221 vi.
748 4173 860 4222 coll.
885 4176 993 4225 631.
1018 4174 1173 4224 A.-c.
1203 4176 1313 4225 634.
1348 4174 1410 4224 D.
1524 4175 1608 4225 bb.
1642 4180 1696 4226 et
1845 4184 1867 4216 5
1929 4175 2059 4224 Ibid.
2082 4176 2175 4224 col.
2203 4179 2344 4226 1601.
2417 4214 2428 4225 .
2455 4175 2532 4240 0.]

648 4235 811 4301 Cosa]
1839 4248 1858 4272 ²
1926 4241 2041 4289 Act.
2059 4241 2238 4303 Apost.
2262 4256 2311 4289 x.
2340 4242 2448 4306 26.]

711 4309 736 4331 ¹¹
774 4301 950 4366 [Apud
970 4304 1101 4354 Acta
1124 4302 1272 4353 Cone.
1287 4303 1402 4353 Nic.
1420 4304 1474 4354 ii.
1500 4304 1613 4354 Aet.
1630 4304 1685 4354 ii.
1840 4314 1862 4337 ⁸
1917 4305 2036 4355 Cod.
2077 4306 2166 4354 lib.
2193 4306 2225 4354 i.
2264 4307 2344 4355 tit.
2371 4306 2402 4355 i.
2444 4321 2524 4369 ap.
2563 4306 2709 4370 Corp.
2735 4305 2768 4355 J
2772 4320 2845 4354 ur.

646 4365 824 4429 Cone]
850 4372 973 4415 tom.
996 4369 1070 4417 iii.
1090 4383 1138 4431 p.
1164 4370 1225 4420 47
1231 4372 1274 4419 5.
1321 4368 1456 4418 Edit.
1482 4369 1693 4427 Venet.;
1784 4370 1891 4419 civ.

643 4434 695 4477 et
719 4434 840 4477 tom.
864 4431 950 4479 vii.
975 4433 1066 4481 col.
1093 4436 1201 4482 699.
1219 4433 1274 4483 Β.
1343 4433 1456 4483 abb.
1480 4438 1534 4483 et
1556 4434 1692 4484 Coss.
1849 4433 1869 4466 b
1905 4433 2062 4500 [Vide
2111 4436 2289 4485 Anast.
2335 4436 2391 4485 in
2436 4435 2564 4485 Vita
2603 4434 2760 4497 vigil.
2781 4462 2847 4471 -—

642 4492 763 4541 Alia
794 4507 912 4543 vero
934 4498 1094 4545 versio
1118 4497 1268 4561 hnjus
1284 4498 1527 4561 Epistolse
1548 4498 1695 4549 habe·
1784 4499 1932 4551 Conc.
1959 4504 2079 4549 tom.
2106 4515 2150 4548 v.
2177 4501 2288 4551 coll.
2315 4502 2424 4552 307.
2452 4500 2508 4550 Ε.
2533 4502 2644 4551 308.
2669 4501 2728 4549 Α.
2756 4498 2842 4563 Β.]

642 4561 725 4605 tur
754 4556 813 4605 in
834 4555 1007 4610 Graeca
1030 4560 1185 4622 ejusd.
1202 4562 1349 4612 Cone.
1370 4562 1693 4614 odia—Ihm.
