<?xml version="1.0" encoding="UTF-8"?>
<!DOCTYPE html PUBLIC "-//W3C//DTD XHTML 1.0 Transitional//EN"
    "http://www.w3.org/TR/xhtml1/DTD/xhtml1-transitional.dtd">
<html xmlns="http://www.w3.org/1999/xhtml" xml:lang="en" lang="en">
 <head>
  <title>
</title>
<meta http-equiv="Content-Type" content="text/html;charset=utf-8" />
  <meta name='ocr-system' content='tesseract 3.04.00' />
  <meta name='ocr-capabilities' content='ocr_page ocr_carea ocr_par ocr_line ocrx_word'/>
</head>
<body>
  <div class='ocr_page' id='page_1' title='image "./responsioadapol01andrgoog_0361.png"; bbox 0 0 3165 4959; ppageno 0'>
   <div class='ocr_carea' id='block_1_1' title="bbox 974 343 2466 409">
    <p class='ocr_par' dir='ltr' id='par_1_1' title="bbox 974 343 2466 409">
     <span class='ocr_line' id='line_1_1' title="bbox 974 343 2466 409; baseline 0.005 -8"><span class='ocrx_word' id='word_1_1' title='bbox 974 354 1341 402; x_wconf 67' lang='lat' dir='ltr'><strong>Aronofflffl</strong></span> <span class='ocrx_word' id='word_1_2' title='bbox 1387 354 1750 403; x_wconf 65' lang='lat' dir='ltr'><strong>Rssroxsm.</strong></span> <span class='ocrx_word' id='word_1_3' title='bbox 2341 343 2466 409; x_wconf 81' lang='lat'><strong>325</strong></span> 
     </span>
    </p>
   </div>
   <div class='ocr_carea' id='block_1_2' title="bbox 240 511 2469 1627">
    <p class='ocr_par' dir='ltr' id='par_1_2' title="bbox 240 511 2469 1627">
     <span class='ocr_line' id='line_1_2' title="bbox 261 511 2469 591; baseline 0.003 -20"><span class='ocrx_word' id='word_1_4' title='bbox 261 529 518 572; x_wconf 83' lang='lat' dir='ltr'><strong>movere</strong></span> <span class='ocrx_word' id='word_1_5' title='bbox 563 516 776 591; x_wconf 91' lang='lat' dir='ltr'><strong>potest</strong></span> <span class='ocrx_word' id='word_1_6' title='bbox 823 511 1010 587; x_wconf 88' lang='lat' dir='ltr'><strong>rati0,</strong></span> <span class='ocrx_word' id='word_1_7' title='bbox 1057 532 1171 574; x_wconf 91' lang='lat' dir='ltr'><strong>cur</strong></span> <span class='ocrx_word' id='word_1_8' title='bbox 1210 533 1551 575; x_wconf 90' lang='lat' dir='ltr'><strong>numerum</strong></span> <span class='ocrx_word' id='word_1_9' title='bbox 1593 511 1686 575; x_wconf 91' lang='lat' dir='ltr'><strong>ibi</strong></span> <span class='ocrx_word' id='word_1_10' title='bbox 1734 511 2141 576; x_wconf 86' lang='lat' dir='ltr'><strong>dimidiatum</strong></span> <span class='ocrx_word' id='word_1_11' title='bbox 2182 516 2224 577; x_wconf 89' lang='lat' dir='ltr'><strong>J</strong></span> <span class='ocrx_word' id='word_1_12' title='bbox 2228 536 2469 580; x_wconf 81' lang='lat' dir='ltr'><strong>oannes</strong></span> 
     </span>
     <span class='ocr_line' id='line_1_3' title="bbox 261 610 2458 701; baseline 0.004 -28"><span class='ocrx_word' id='word_1_13' title='bbox 261 610 618 675; x_wconf 76' lang='lat' dir='ltr'>addiderit:</span> <span class='ocrx_word' id='word_1_14' title='bbox 667 611 840 695; x_wconf 93' lang='lat' dir='ltr'><strong>quod</strong></span> <span class='ocrx_word' id='word_1_15' title='bbox 885 635 923 675; x_wconf 86' lang='lat' dir='ltr'><strong>a</strong></span> <span class='ocrx_word' id='word_1_16' title='bbox 967 614 1237 677; x_wconf 84' lang='lat' dir='ltr'><strong>Daniele</strong></span> <span class='ocrx_word' id='word_1_17' title='bbox 1274 616 1479 698; x_wconf 89' lang='lat' dir='ltr'><strong>(cujus</strong></span> <span class='ocrx_word' id='word_1_18' title='bbox 1522 613 1765 697; x_wconf 91' lang='lat' dir='ltr'><strong>ubique</strong></span> <span class='ocrx_word' id='word_1_19' title='bbox 1804 615 1937 678; x_wconf 89' lang='lat' dir='ltr'><strong>fere</strong></span> <span class='ocrx_word' id='word_1_20' title='bbox 1981 616 2268 681; x_wconf 81' lang='lat' dir='ltr'><strong>imitator</strong></span> <span class='ocrx_word' id='word_1_21' title='bbox 2312 620 2458 701; x_wconf 88' lang='lat' dir='ltr'><strong>est,)</strong></span> 
     </span>
     <span class='ocr_line' id='line_1_4' title="bbox 259 714 2466 805; baseline 0.004 -29"><span class='ocrx_word' id='word_1_22' title='bbox 259 714 566 798; x_wconf 89' lang='lat' dir='ltr'><strong>loquendi</strong></span> <span class='ocrx_word' id='word_1_23' title='bbox 610 715 874 779; x_wconf 89' lang='lat' dir='ltr'><strong>modum</strong></span> <span class='ocrx_word' id='word_1_24' title='bbox 919 716 1103 780; x_wconf 90' lang='lat' dir='ltr'><strong>illum</strong></span> <span class='ocrx_word' id='word_1_25' title='bbox 1153 724 1515 803; x_wconf 60' lang='lat' dir='ltr'><strong>mutuetur.⁹</strong></span> <span class='ocrx_word' id='word_1_26' title='bbox 1597 717 1727 780; x_wconf 84' lang='lat' dir='ltr'><strong>Vix</strong></span> <span class='ocrx_word' id='word_1_27' title='bbox 1772 718 1946 782; x_wconf 90' lang='lat' dir='ltr'><strong>enim</strong></span> <span class='ocrx_word' id='word_1_28' title='bbox 1987 721 2266 802; x_wconf 84' lang='lat' dir='ltr'><strong>reperias</strong></span> <span class='ocrx_word' id='word_1_29' title='bbox 2295 723 2466 805; x_wconf 87' lang='lat' dir='ltr'><strong>apud</strong></span> 
     </span>
     <span class='ocr_line' id='line_1_5' title="bbox 260 818 2466 904; baseline 0.003 -24"><span class='ocrx_word' id='word_1_30' title='bbox 260 818 302 879; x_wconf 89' lang='lat' dir='ltr'><strong>J</strong></span> <span class='ocrx_word' id='word_1_31' title='bbox 305 839 583 881; x_wconf 86' lang='lat' dir='ltr'><strong>oannem</strong></span> <span class='ocrx_word' id='word_1_32' title='bbox 629 818 895 902; x_wconf 83' lang='lat' dir='ltr'><strong>phrasin</strong></span> <span class='ocrx_word' id='word_1_33' title='bbox 942 820 1243 904; x_wconf 88' lang='lat' dir='ltr'><strong>aliquam,</strong></span> <span class='ocrx_word' id='word_1_34' title='bbox 1291 820 1415 884; x_wconf 89' lang='lat' dir='ltr'><strong>nisi</strong></span> <span class='ocrx_word' id='word_1_35' title='bbox 1460 821 1556 884; x_wconf 83' lang='lat' dir='ltr'><strong>vel</strong></span> <span class='ocrx_word' id='word_1_36' title='bbox 1604 841 1682 884; x_wconf 85' lang='lat' dir='ltr'><strong>ex</strong></span> <span class='ocrx_word' id='word_1_37' title='bbox 1728 821 2021 899; x_wconf 80' lang='lat' dir='ltr'><strong>Daniele,</strong></span> <span class='ocrx_word' id='word_1_38' title='bbox 2068 824 2167 887; x_wconf 85' lang='lat' dir='ltr'><strong>vel</strong></span> <span class='ocrx_word' id='word_1_39' title='bbox 2218 845 2293 887; x_wconf 91' lang='lat' dir='ltr'><strong>ex</strong></span> <span class='ocrx_word' id='word_1_40' title='bbox 2341 826 2466 888; x_wconf 90' lang='lat' dir='ltr'><strong>alio</strong></span> 
     </span>
     <span class='ocr_line' id='line_1_6' title="bbox 258 920 2465 1007; baseline 0.004 -24"><span class='ocrx_word' id='word_1_41' title='bbox 258 920 472 1004; x_wconf 78' lang='lat' dir='ltr'><strong>aliquo</strong></span> <span class='ocrx_word' id='word_1_42' title='bbox 508 921 831 1005; x_wconf 87' lang='lat' dir='ltr'><strong>Propheta</strong></span> <span class='ocrx_word' id='word_1_43' title='bbox 862 922 1290 1007; x_wconf 81' lang='lat' dir='ltr'><strong>desumptam.</strong></span> <span class='ocrx_word' id='word_1_44' title='bbox 1382 925 1730 1007; x_wconf 89' lang='lat' dir='ltr'><strong>Postquam</strong></span> <span class='ocrx_word' id='word_1_45' title='bbox 1776 925 1949 987; x_wconf 90' lang='lat' dir='ltr'><strong>enim</strong></span> <span class='ocrx_word' id='word_1_46' title='bbox 1994 925 2087 989; x_wconf 84' lang='lat' dir='ltr'><strong>ita</strong></span> <span class='ocrx_word' id='word_1_47' title='bbox 2116 927 2353 991; x_wconf 83' lang='lat' dir='ltr'><strong>Daniel</strong></span> <span class='ocrx_word' id='word_1_48' title='bbox 2384 927 2465 992; x_wconf 90' lang='lat' dir='ltr'><strong>de</strong></span> 
     </span>
     <span class='ocr_line' id='line_1_7' title="bbox 259 1024 2464 1109; baseline 0.004 -23"><span class='ocrx_word' id='word_1_49' title='bbox 259 1024 501 1087; x_wconf 81' lang='lat' dir='ltr'><strong>Christi</strong></span> <span class='ocrx_word' id='word_1_50' title='bbox 548 1024 831 1088; x_wconf 85' lang='lat' dir='ltr'><strong>adventu</strong></span> <span class='ocrx_word' id='word_1_51' title='bbox 875 1026 1104 1109; x_wconf 88' lang='lat' dir='ltr'><strong>primo,</strong></span> <span class='ocrx_word' id='word_1_52' title='bbox 1160 1048 1295 1108; x_wconf 86' lang='lat' dir='ltr'><strong>cap.</strong></span> <span class='ocrx_word' id='word_1_53' title='bbox 1332 1028 1455 1091; x_wconf 91' lang='lat' dir='ltr'><strong>IX.</strong></span> <span class='ocrx_word' id='word_1_54' title='bbox 1501 1047 1660 1089; x_wconf 84' lang='lat' dir='ltr'><strong>vers.</strong></span> <span class='ocrx_word' id='word_1_55' title='bbox 1693 1029 1831 1105; x_wconf 66' lang='lat' dir='ltr'><strong>ult„</strong></span> <span class='ocrx_word' id='word_1_56' title='bbox 1878 1028 2291 1093; x_wconf 82' lang='lat' dir='ltr'><strong>Hebdomada</strong></span> <span class='ocrx_word' id='word_1_57' title='bbox 2337 1052 2464 1093; x_wconf 83' lang='lat' dir='ltr'><strong>una</strong></span> 
     </span>
     <span class='ocr_line' id='line_1_8' title="bbox 240 1124 2460 1213; baseline 0.004 -25"><span class='ocrx_word' id='word_1_58' title='bbox 240 1125 461 1206; x_wconf 82' lang='lat' dir='ltr'><strong>soedas</strong></span> <span class='ocrx_word' id='word_1_59' title='bbox 503 1124 793 1206; x_wconf 79' lang='lat' dir='ltr'><strong>firmabit</strong></span> <span class='ocrx_word' id='word_1_60' title='bbox 866 1149 1003 1190; x_wconf 82' lang='lat' dir='ltr'><strong>cum</strong></span> <span class='ocrx_word' id='word_1_61' title='bbox 1059 1130 1292 1206; x_wconf 82' lang='lat' dir='ltr'><strong>multis,</strong></span> <span class='ocrx_word' id='word_1_62' title='bbox 1353 1131 1554 1193; x_wconf 86' lang='lat' dir='ltr'><strong>medio</strong></span> <span class='ocrx_word' id='word_1_63' title='bbox 1614 1150 1757 1193; x_wconf 79' lang='lat' dir='ltr'><strong>vero</strong></span> <span class='ocrx_word' id='word_1_64' title='bbox 1817 1130 2211 1194; x_wconf 76' lang='lat' dir='ltr'><strong>hebdomadoe</strong></span> <span class='ocrx_word' id='word_1_65' title='bbox 2267 1134 2460 1213; x_wconf 84' lang='lat' dir='ltr'><strong>illius,</strong></span> 
     </span>
     <span class='ocr_line' id='line_1_9' title="bbox 256 1228 2459 1315; baseline 0.004 -24"><span class='ocrx_word' id='word_1_66' title='bbox 256 1250 499 1292; x_wconf 85' lang='lat' dir='ltr'><strong>cessare</strong></span> <span class='ocrx_word' id='word_1_67' title='bbox 525 1228 732 1310; x_wconf 85' lang='lat' dir='ltr'><strong>saciet</strong></span> <span class='ocrx_word' id='word_1_68' title='bbox 761 1231 1128 1295; x_wconf 81' lang='lat' dir='ltr'><strong>oblationem</strong></span> <span class='ocrx_word' id='word_1_69' title='bbox 1157 1239 1219 1296; x_wconf 91' lang='lat' dir='ltr'><strong>et</strong></span> <span class='ocrx_word' id='word_1_70' title='bbox 1251 1232 1647 1314; x_wconf 72' lang='lat' dir='ltr'><strong>Sam-isicium</strong></span> <span class='ocrx_word' id='word_1_71' title='bbox 1667 1260 1686 1294; x_wconf 91' lang='lat'><strong>.·</strong></span> <span class='ocrx_word' id='word_1_72' title='bbox 1735 1233 1841 1299; x_wconf 89' lang='lat' dir='ltr'><strong>Ad</strong></span> <span class='ocrx_word' id='word_1_73' title='bbox 1866 1233 2142 1297; x_wconf 91' lang='lat' dir='ltr'><strong>eundem</strong></span> <span class='ocrx_word' id='word_1_74' title='bbox 2174 1235 2459 1315; x_wconf 89' lang='lat' dir='ltr'><strong>modum,</strong></span> 
     </span>
     <span class='ocr_line' id='line_1_10' title="bbox 254 1333 2460 1418; baseline 0.003 -23"><span class='ocrx_word' id='word_1_75' title='bbox 254 1333 642 1397; x_wconf 88' lang='lat' dir='ltr'><strong>Antichristi</strong></span> <span class='ocrx_word' id='word_1_76' title='bbox 676 1341 933 1418; x_wconf 88' lang='lat' dir='ltr'><strong>tempus</strong></span> <span class='ocrx_word' id='word_1_77' title='bbox 981 1335 1281 1400; x_wconf 83' lang='lat' dir='ltr'><strong>describit</strong></span> <span class='ocrx_word' id='word_1_78' title='bbox 1314 1337 1357 1399; x_wconf 90' lang='lat' dir='ltr'><strong>J</strong></span> <span class='ocrx_word' id='word_1_79' title='bbox 1359 1358 1619 1414; x_wconf 89' lang='lat' dir='ltr'><strong>oannes,</strong></span> <span class='ocrx_word' id='word_1_80' title='bbox 1653 1336 1836 1418; x_wconf 88' lang='lat' dir='ltr'><strong>quasi</strong></span> <span class='ocrx_word' id='word_1_81' title='bbox 1885 1336 2097 1399; x_wconf 90' lang='lat' dir='ltr'><strong>medio</strong></span> <span class='ocrx_word' id='word_1_82' title='bbox 2143 1358 2460 1401; x_wconf 87' lang='lat' dir='ltr'><strong>annorum</strong></span> 
     </span>
     <span class='ocr_line' id='line_1_11' title="bbox 251 1438 2454 1524; baseline 0.002 -25"><span class='ocrx_word' id='word_1_83' title='bbox 251 1438 622 1518; x_wconf 80' lang='lat' dir='ltr'><strong>septenario,</strong></span> <span class='ocrx_word' id='word_1_84' title='bbox 662 1438 796 1522; x_wconf 93' lang='lat' dir='ltr'><strong>(qui</strong></span> <span class='ocrx_word' id='word_1_85' title='bbox 838 1460 1183 1503; x_wconf 88' lang='lat' dir='ltr'><strong>numerum</strong></span> <span class='ocrx_word' id='word_1_86' title='bbox 1228 1441 1383 1504; x_wconf 85' lang='lat' dir='ltr'><strong>facit</strong></span> <span class='ocrx_word' id='word_1_87' title='bbox 1428 1461 1730 1504; x_wconf 81' lang='lat' dir='ltr'><strong>annorum</strong></span> <span class='ocrx_word' id='word_1_88' title='bbox 1776 1440 1985 1517; x_wconf 79' lang='lat' dir='ltr'><strong>trium,</strong></span> <span class='ocrx_word' id='word_1_89' title='bbox 2018 1446 2079 1503; x_wconf 89' lang='lat' dir='ltr'><strong>et</strong></span> <span class='ocrx_word' id='word_1_90' title='bbox 2108 1443 2385 1504; x_wconf 85' lang='lat' dir='ltr'><strong>semissis</strong></span> <span class='ocrx_word' id='word_1_91' title='bbox 2407 1444 2454 1524; x_wconf 89' lang='lat'><strong>:)</strong></span> 
     </span>
     <span class='ocr_line' id='line_1_12' title="bbox 252 1540 2462 1627; baseline 0.002 -24"><span class='ocrx_word' id='word_1_92' title='bbox 252 1540 467 1603; x_wconf 91' lang='lat' dir='ltr'><strong>medio</strong></span> <span class='ocrx_word' id='word_1_93' title='bbox 510 1547 727 1604; x_wconf 89' lang='lat' dir='ltr'><strong>autem</strong></span> <span class='ocrx_word' id='word_1_94' title='bbox 771 1542 1140 1624; x_wconf 89' lang='lat' dir='ltr'><strong>posteriore,</strong></span> <span class='ocrx_word' id='word_1_95' title='bbox 1187 1551 1566 1608; x_wconf 83' lang='lat' dir='ltr'><strong>venturum:</strong></span> <span class='ocrx_word' id='word_1_96' title='bbox 1617 1564 1744 1626; x_wconf 90' lang='lat' dir='ltr'><strong>quo</strong></span> <span class='ocrx_word' id='word_1_97' title='bbox 1779 1542 2125 1606; x_wconf 83' lang='lat' dir='ltr'><strong>novissima</strong></span> <span class='ocrx_word' id='word_1_98' title='bbox 2172 1550 2462 1627; x_wconf 89' lang='lat' dir='ltr'><strong>tempora</strong></span> 
     </span>
    </p>
   </div>
   <div class='ocr_carea' id='block_1_3' title="bbox 214 1643 2461 4099">
    <p class='ocr_par' dir='ltr' id='par_1_3' title="bbox 252 1643 834 1726">
     <span class='ocr_line' id='line_1_13' title="bbox 252 1643 834 1726; baseline 0.003 -21"><span class='ocrx_word' id='word_1_99' title='bbox 252 1643 586 1726; x_wconf 87' lang='lat' dir='ltr'><strong>designare</strong></span> <span class='ocrx_word' id='word_1_100' title='bbox 616 1643 834 1707; x_wconf 83' lang='lat' dir='ltr'><strong>voluit.</strong></span> 
     </span>
    </p>

    <p class='ocr_par' dir='ltr' id='par_1_4' title="bbox 214 1746 2461 4099">
     <span class='ocr_line' id='line_1_14' title="bbox 339 1746 2456 1831; baseline 0.002 -23"><span class='ocrx_word' id='word_1_101' title='bbox 339 1748 594 1829; x_wconf 85' lang='lat' dir='ltr'><strong>Ergone</strong></span> <span class='ocrx_word' id='word_1_102' title='bbox 631 1746 929 1829; x_wconf 83' lang='lat' dir='ltr'><strong>(inquies)</strong></span> <span class='ocrx_word' id='word_1_103' title='bbox 964 1753 1103 1810; x_wconf 91' lang='lat' dir='ltr'><strong>toto</strong></span> <span class='ocrx_word' id='word_1_104' title='bbox 1147 1747 1258 1810; x_wconf 90' lang='lat' dir='ltr'><strong>illo</strong></span> <span class='ocrx_word' id='word_1_105' title='bbox 1303 1754 1592 1831; x_wconf 93' lang='lat' dir='ltr'><strong>tempore</strong></span> <span class='ocrx_word' id='word_1_106' title='bbox 1636 1748 1933 1831; x_wconf 82' lang='lat' dir='ltr'><strong>regnabit</strong></span> <span class='ocrx_word' id='word_1_107' title='bbox 1963 1748 2456 1812; x_wconf 82' lang='lat' dir='ltr'><strong>Antichristus?</strong></span> 
     </span>
     <span class='ocr_line' id='line_1_15' title="bbox 253 1849 2459 1934; baseline 0.001 -23"><span class='ocrx_word' id='word_1_108' title='bbox 253 1849 444 1912; x_wconf 87' lang='lat' dir='ltr'><strong>Certe</strong></span> <span class='ocrx_word' id='word_1_109' title='bbox 472 1870 606 1912; x_wconf 91' lang='lat' dir='ltr'><strong>non</strong></span> <span class='ocrx_word' id='word_1_110' title='bbox 638 1849 776 1912; x_wconf 88' lang='lat' dir='ltr'><strong>sine</strong></span> <span class='ocrx_word' id='word_1_111' title='bbox 799 1850 1109 1933; x_wconf 89' lang='lat' dir='ltr'><strong>Apostolo</strong></span> <span class='ocrx_word' id='word_1_112' title='bbox 1140 1849 1400 1928; x_wconf 86' lang='lat' dir='ltr'><strong>diceret,</strong></span> <span class='ocrx_word' id='word_1_113' title='bbox 1433 1850 1543 1934; x_wconf 90' lang='lat' dir='ltr'><strong>qui</strong></span> <span class='ocrx_word' id='word_1_114' title='bbox 1572 1849 1641 1913; x_wconf 92' lang='lat' dir='ltr'><strong>id</strong></span> <span class='ocrx_word' id='word_1_115' title='bbox 1669 1849 1763 1914; x_wconf 84' lang='lat' dir='ltr'><strong>ita</strong></span> <span class='ocrx_word' id='word_1_116' title='bbox 1792 1849 2054 1914; x_wconf 85' lang='lat' dir='ltr'><strong>diceret.</strong></span> <span class='ocrx_word' id='word_1_117' title='bbox 2132 1851 2175 1913; x_wconf 90' lang='lat' dir='ltr'><strong>J</strong></span> <span class='ocrx_word' id='word_1_118' title='bbox 2178 1873 2283 1913; x_wconf 81' lang='lat' dir='ltr'><strong>am</strong></span> <span class='ocrx_word' id='word_1_119' title='bbox 2310 1858 2459 1914; x_wconf 84' lang='lat' dir='ltr'><strong>tum</strong></span> 
     </span>
     <span class='ocr_line' id='line_1_16' title="bbox 251 1951 2460 2038; baseline 0.001 -24"><span class='ocrx_word' id='word_1_120' title='bbox 251 1952 445 2030; x_wconf 88' lang='lat' dir='ltr'><strong>enim,</strong></span> <span class='ocrx_word' id='word_1_121' title='bbox 479 1972 627 2015; x_wconf 93' lang='lat' dir='ltr'><strong>cum</strong></span> <span class='ocrx_word' id='word_1_122' title='bbox 671 1951 752 2016; x_wconf 84' lang='lat' dir='ltr'><strong>ad</strong></span> <span class='ocrx_word' id='word_1_123' title='bbox 784 1952 1386 2017; x_wconf 85' lang='lat' dir='ltr'><strong>Thessalonicenses</strong></span> <span class='ocrx_word' id='word_1_124' title='bbox 1404 1964 1431 2004; x_wconf 86' lang='lat'><strong>‘1</strong></span> <span class='ocrx_word' id='word_1_125' title='bbox 1461 1952 1766 2017; x_wconf 85' lang='lat' dir='ltr'><strong>scriberet</strong></span> <span class='ocrx_word' id='word_1_126' title='bbox 1796 1954 2172 2038; x_wconf 78' lang='lat' dir='ltr'><strong>ApostoluS,</strong></span> <span class='ocrx_word' id='word_1_127' title='bbox 2205 1955 2460 2035; x_wconf 85' lang='lat' dir='ltr'><strong>coepisse</strong></span> 
     </span>
     <span class='ocr_line' id='line_1_17' title="bbox 250 2053 2461 2140; baseline 0.002 -24"><span class='ocrx_word' id='word_1_128' title='bbox 250 2053 411 2117; x_wconf 69' lang='lat' dir='ltr'><strong>dixit</strong></span> <span class='ocrx_word' id='word_1_129' title='bbox 442 2055 690 2136; x_wconf 82' lang='lat' dir='ltr'><strong>operari</strong></span> <span class='ocrx_word' id='word_1_130' title='bbox 718 2057 1080 2137; x_wconf 77' lang='lat' dir='ltr'><strong>mysterium</strong></span> <span class='ocrx_word' id='word_1_131' title='bbox 1108 2058 1494 2138; x_wconf 79' lang='lat' dir='ltr'><strong>iniquitatis:</strong></span> <span class='ocrx_word' id='word_1_132' title='bbox 1542 2078 1794 2139; x_wconf 89' lang='lat' dir='ltr'><strong>nempe,</strong></span> <span class='ocrx_word' id='word_1_133' title='bbox 1820 2056 2003 2140; x_wconf 85' lang='lat' dir='ltr'><strong>quasi</strong></span> <span class='ocrx_word' id='word_1_134' title='bbox 2032 2056 2461 2121; x_wconf 88' lang='lat' dir='ltr'><strong>fundamenta</strong></span> 
     </span>
     <span class='ocr_line' id='line_1_18' title="bbox 249 2157 2458 2243; baseline 0.002 -23"><span class='ocrx_word' id='word_1_135' title='bbox 249 2157 457 2240; x_wconf 88' lang='lat' dir='ltr'><strong>prima</strong></span> <span class='ocrx_word' id='word_1_136' title='bbox 499 2159 650 2241; x_wconf 90' lang='lat' dir='ltr'><strong>poni</strong></span> <span class='ocrx_word' id='word_1_137' title='bbox 696 2159 908 2242; x_wconf 87' lang='lat' dir='ltr'><strong>Regni</strong></span> <span class='ocrx_word' id='word_1_138' title='bbox 953 2160 1465 2239; x_wconf 76' lang='lat' dir='ltr'><strong>Antichristiani,</strong></span> <span class='ocrx_word' id='word_1_139' title='bbox 1512 2181 1646 2243; x_wconf 88' lang='lat' dir='ltr'><strong>per,</strong></span> <span class='ocrx_word' id='word_1_140' title='bbox 1696 2180 1839 2243; x_wconf 84' lang='lat' dir='ltr'><strong>quae</strong></span> <span class='ocrx_word' id='word_1_141' title='bbox 1881 2177 2025 2223; x_wconf 85' lang='lat' dir='ltr'><strong>tum</strong></span> <span class='ocrx_word' id='word_1_142' title='bbox 2068 2159 2458 2224; x_wconf 80' lang='lat' dir='ltr'><strong>invalescere</strong></span> 
     </span>
     <span class='ocr_line' id='line_1_19' title="bbox 247 2262 2453 2346; baseline 0.001 -23"><span class='ocrx_word' id='word_1_143' title='bbox 247 2268 605 2344; x_wconf 88' lang='lat' dir='ltr'><strong>coeperunt,</strong></span> <span class='ocrx_word' id='word_1_144' title='bbox 638 2262 1018 2345; x_wconf 87' lang='lat' dir='ltr'><strong>opinionum</strong></span> <span class='ocrx_word' id='word_1_145' title='bbox 1069 2268 1391 2345; x_wconf 87' lang='lat' dir='ltr'><strong>portenta,</strong></span> <span class='ocrx_word' id='word_1_146' title='bbox 1441 2269 1508 2326; x_wconf 92' lang='lat' dir='ltr'><strong>et</strong></span> <span class='ocrx_word' id='word_1_147' title='bbox 1556 2262 1708 2326; x_wconf 84' lang='lat' dir='ltr'><strong>vitae</strong></span> <span class='ocrx_word' id='word_1_148' title='bbox 1756 2284 2138 2345; x_wconf 89' lang='lat' dir='ltr'><strong>morumque</strong></span> <span class='ocrx_word' id='word_1_149' title='bbox 2190 2283 2453 2346; x_wconf 88' lang='lat' dir='ltr'><strong>corrup-</strong></span> 
     </span>
     <span class='ocr_line' id='line_1_20' title="bbox 247 2364 2455 2448; baseline 0 -21"><span class='ocrx_word' id='word_1_150' title='bbox 247 2365 431 2427; x_wconf 75' lang='lat' dir='ltr'><strong>telas,</strong></span> <span class='ocrx_word' id='word_1_151' title='bbox 519 2365 662 2427; x_wconf 92' lang='lat' dir='ltr'><strong>Nec</strong></span> <span class='ocrx_word' id='word_1_152' title='bbox 711 2364 780 2427; x_wconf 94' lang='lat' dir='ltr'><strong>id</strong></span> <span class='ocrx_word' id='word_1_153' title='bbox 833 2365 1021 2448; x_wconf 89' lang='lat' dir='ltr'><strong>plane</strong></span> <span class='ocrx_word' id='word_1_154' title='bbox 1070 2376 1328 2442; x_wconf 84' lang='lat' dir='ltr'><strong>tamen3</strong></span> <span class='ocrx_word' id='word_1_155' title='bbox 1390 2386 1531 2443; x_wconf 90' lang='lat' dir='ltr'><strong>nec,</strong></span> <span class='ocrx_word' id='word_1_156' title='bbox 1587 2365 1709 2427; x_wconf 90' lang='lat' dir='ltr'><strong>nisi</strong></span> <span class='ocrx_word' id='word_1_157' title='bbox 1763 2365 2017 2428; x_wconf 87' lang='lat' dir='ltr'><strong>sublato</strong></span> <span class='ocrx_word' id='word_1_158' title='bbox 2063 2365 2260 2448; x_wconf 88' lang='lat' dir='ltr'><strong>(quod</strong></span> <span class='ocrx_word' id='word_1_159' title='bbox 2311 2372 2455 2428; x_wconf 89' lang='lat' dir='ltr'><strong>tum</strong></span> 
     </span>
     <span class='ocr_line' id='line_1_21' title="bbox 246 2466 2453 2552; baseline 0 -20"><span class='ocrx_word' id='word_1_160' title='bbox 246 2467 524 2551; x_wconf 88' lang='lat' dir='ltr'><strong>obstitit)</strong></span> <span class='ocrx_word' id='word_1_161' title='bbox 575 2466 1038 2552; x_wconf 81' lang='lat' dir='ltr'><strong>impedimento</strong></span> <span class='ocrx_word' id='word_1_162' title='bbox 1081 2469 1350 2532; x_wconf 79' lang='lat' dir='ltr'><strong>Romani</strong></span> <span class='ocrx_word' id='word_1_163' title='bbox 1394 2469 1692 2551; x_wconf 78' lang='lat' dir='ltr'><strong>Imperii,·</strong></span> <span class='ocrx_word' id='word_1_164' title='bbox 1755 2467 1892 2532; x_wconf 87' lang='lat' dir='ltr'><strong>fore</strong></span> <span class='ocrx_word' id='word_1_165' title='bbox 1937 2468 2134 2546; x_wconf 91' lang='lat' dir='ltr'><strong>enim,</strong></span> <span class='ocrx_word' id='word_1_166' title='bbox 2184 2474 2260 2531; x_wconf 90' lang='lat' dir='ltr'><strong>ut</strong></span> <span class='ocrx_word' id='word_1_167' title='bbox 2304 2489 2453 2532; x_wconf 91' lang='lat' dir='ltr'><strong>cum</strong></span> 
     </span>
     <span class='ocr_line' id='line_1_22' title="bbox 247 2571 2453 2653; baseline 0 -19"><span class='ocrx_word' id='word_1_168' title='bbox 247 2572 457 2635; x_wconf 87' lang='lat' dir='ltr'><strong>Roma</strong></span> <span class='ocrx_word' id='word_1_169' title='bbox 486 2579 749 2636; x_wconf 85' lang='lat' dir='ltr'><strong>exactus</strong></span> <span class='ocrx_word' id='word_1_170' title='bbox 780 2572 1149 2653; x_wconf 75' lang='lat' dir='ltr'><strong>Imperator,</strong></span> <span class='ocrx_word' id='word_1_171' title='bbox 1181 2580 1324 2636; x_wconf 89' lang='lat' dir='ltr'><strong>tum</strong></span> <span class='ocrx_word' id='word_1_172' title='bbox 1370 2572 1633 2636; x_wconf 90' lang='lat' dir='ltr'><strong>demum</strong></span> <span class='ocrx_word' id='word_1_173' title='bbox 1677 2571 1987 2634; x_wconf 88' lang='lat' dir='ltr'><strong>thronum</strong></span> <span class='ocrx_word' id='word_1_174' title='bbox 2033 2593 2223 2634; x_wconf 91' lang='lat' dir='ltr'><strong>suum</strong></span> <span class='ocrx_word' id='word_1_175' title='bbox 2262 2572 2453 2653; x_wconf 86' lang='lat' dir='ltr'><strong>plane</strong></span> 
     </span>
     <span class='ocr_line' id='line_1_23' title="bbox 242 2674 2453 2758; baseline -0.001 -20"><span class='ocrx_word' id='word_1_176' title='bbox 242 2681 601 2757; x_wconf 87' lang='lat' dir='ltr'><strong>capesseret</strong></span> <span class='ocrx_word' id='word_1_177' title='bbox 658 2675 1121 2740; x_wconf 89' lang='lat' dir='ltr'><strong>Antichristus.</strong></span> <span class='ocrx_word' id='word_1_178' title='bbox 1228 2677 1642 2758; x_wconf 79' lang='lat' dir='ltr'><strong>Quanquam,</strong></span> <span class='ocrx_word' id='word_1_179' title='bbox 1697 2681 1763 2738; x_wconf 92' lang='lat' dir='ltr'><strong>et</strong></span> <span class='ocrx_word' id='word_1_180' title='bbox 1820 2674 1915 2737; x_wconf 90' lang='lat' dir='ltr'><strong>ita</strong></span> <span class='ocrx_word' id='word_1_181' title='bbox 1963 2674 2187 2750; x_wconf 86' lang='lat' dir='ltr'><strong>voluit,</strong></span> <span class='ocrx_word' id='word_1_182' title='bbox 2247 2674 2453 2736; x_wconf 85' lang='lat' dir='ltr'><strong>media</strong></span> 
     </span>
     <span class='ocr_line' id='line_1_24' title="bbox 239 2776 2452 2863; baseline 0 -23"><span class='ocrx_word' id='word_1_183' title='bbox 239 2780 588 2860; x_wconf 77' lang='lat' dir='ltr'><strong>septimana</strong></span> <span class='ocrx_word' id='word_1_184' title='bbox 631 2787 886 2863; x_wconf 89' lang='lat' dir='ltr'><strong>tempus</strong></span> <span class='ocrx_word' id='word_1_185' title='bbox 929 2780 1087 2843; x_wconf 90' lang='lat' dir='ltr'><strong>illud</strong></span> <span class='ocrx_word' id='word_1_186' title='bbox 1134 2778 1675 2857; x_wconf 88' lang='lat' dir='ltr'><strong>circumscribere,</strong></span> <span class='ocrx_word' id='word_1_187' title='bbox 1706 2784 1782 2840; x_wconf 91' lang='lat' dir='ltr'><strong>ut</strong></span> <span class='ocrx_word' id='word_1_188' title='bbox 1828 2777 2066 2840; x_wconf 90' lang='lat' dir='ltr'><strong>scirent</strong></span> <span class='ocrx_word' id='word_1_189' title='bbox 2113 2776 2452 2840; x_wconf 89' lang='lat' dir='ltr'><strong>definitum</strong></span> 
     </span>
     <span class='ocr_line' id='line_1_25' title="bbox 241 2879 2451 2966; baseline -0.001 -23"><span class='ocrx_word' id='word_1_190' title='bbox 241 2902 282 2942; x_wconf 86' lang='lat' dir='ltr'><strong>a</strong></span> <span class='ocrx_word' id='word_1_191' title='bbox 326 2881 470 2944; x_wconf 91' lang='lat' dir='ltr'><strong>Deo</strong></span> <span class='ocrx_word' id='word_1_192' title='bbox 513 2887 770 2964; x_wconf 91' lang='lat' dir='ltr'><strong>tempus</strong></span> <span class='ocrx_word' id='word_1_193' title='bbox 805 2882 1215 2960; x_wconf 90' lang='lat' dir='ltr'><strong>Antichristi,</strong></span> <span class='ocrx_word' id='word_1_194' title='bbox 1253 2903 1373 2945; x_wconf 93' lang='lat' dir='ltr'><strong>nec</strong></span> <span class='ocrx_word' id='word_1_195' title='bbox 1421 2902 1603 2966; x_wconf 89' lang='lat' dir='ltr'><strong>spem</strong></span> <span class='ocrx_word' id='word_1_196' title='bbox 1649 2901 1908 2945; x_wconf 90' lang='lat' dir='ltr'><strong>omnem</strong></span> <span class='ocrx_word' id='word_1_197' title='bbox 1956 2880 2307 2963; x_wconf 87' lang='lat' dir='ltr'><strong>abjicerent</strong></span> <span class='ocrx_word' id='word_1_198' title='bbox 2340 2879 2451 2962; x_wconf 88' lang='lat' dir='ltr'><strong>pii,</strong></span> 
     </span>
     <span class='ocr_line' id='line_1_26' title="bbox 240 2981 2449 3064; baseline -0 -19"><span class='ocrx_word' id='word_1_199' title='bbox 240 2983 426 3064; x_wconf 86' lang='lat' dir='ltr'><strong>quasi</strong></span> <span class='ocrx_word' id='word_1_200' title='bbox 469 2983 606 3047; x_wconf 89' lang='lat' dir='ltr'><strong>sine</strong></span> <span class='ocrx_word' id='word_1_201' title='bbox 649 2985 780 3048; x_wconf 90' lang='lat' dir='ltr'><strong>fine</strong></span> <span class='ocrx_word' id='word_1_202' title='bbox 825 2985 1162 3049; x_wconf 87' lang='lat' dir='ltr'><strong>saeviturus</strong></span> <span class='ocrx_word' id='word_1_203' title='bbox 1206 2985 1277 3047; x_wconf 89' lang='lat' dir='ltr'><strong>in</strong></span> <span class='ocrx_word' id='word_1_204' title='bbox 1322 3007 1430 3049; x_wconf 91' lang='lat' dir='ltr'><strong>eos</strong></span> <span class='ocrx_word' id='word_1_205' title='bbox 1476 2992 1684 3049; x_wconf 89' lang='lat' dir='ltr'><strong>esset:</strong></span> <span class='ocrx_word' id='word_1_206' title='bbox 1733 3004 1854 3047; x_wconf 92' lang='lat' dir='ltr'><strong>nec</strong></span> <span class='ocrx_word' id='word_1_207' title='bbox 1882 2984 1984 3047; x_wconf 84' lang='lat' dir='ltr'><strong>vel</strong></span> <span class='ocrx_word' id='word_1_208' title='bbox 2026 2982 2136 3046; x_wconf 85' lang='lat' dir='ltr'><strong>ille</strong></span> <span class='ocrx_word' id='word_1_209' title='bbox 2167 2981 2449 3061; x_wconf 82' lang='lat' dir='ltr'><strong>saevitiae,</strong></span> 
     </span>
     <span class='ocr_line' id='line_1_27' title="bbox 238 3084 2452 3170; baseline 0.001 -22"><span class='ocrx_word' id='word_1_210' title='bbox 238 3086 340 3149; x_wconf 78' lang='lat' dir='ltr'><strong>vel</strong></span> <span class='ocrx_word' id='word_1_211' title='bbox 385 3087 509 3170; x_wconf 91' lang='lat' dir='ltr'><strong>ipsi</strong></span> <span class='ocrx_word' id='word_1_212' title='bbox 554 3088 1011 3170; x_wconf 83' lang='lat' dir='ltr'><strong>expectationis</strong></span> <span class='ocrx_word' id='word_1_213' title='bbox 1043 3108 1174 3151; x_wconf 84' lang='lat' dir='ltr'><strong>suae</strong></span> <span class='ocrx_word' id='word_1_214' title='bbox 1202 3089 1556 3152; x_wconf 90' lang='lat' dir='ltr'><strong>terminum</strong></span> <span class='ocrx_word' id='word_1_215' title='bbox 1588 3086 1891 3151; x_wconf 87' lang='lat' dir='ltr'><strong>habituri.</strong></span> <span class='ocrx_word' id='word_1_216' title='bbox 1989 3084 2282 3164; x_wconf 87' lang='lat' dir='ltr'><strong>Interim,</strong></span> <span class='ocrx_word' id='word_1_217' title='bbox 2314 3092 2452 3150; x_wconf 87' lang='lat' dir='ltr'><strong>tam</strong></span> 
     </span>
     <span class='ocr_line' id='line_1_28' title="bbox 237 3188 2450 3273; baseline -0 -20"><span class='ocrx_word' id='word_1_218' title='bbox 237 3188 445 3253; x_wconf 85' lang='lat' dir='ltr'><strong>calide</strong></span> <span class='ocrx_word' id='word_1_219' title='bbox 491 3197 683 3273; x_wconf 85' lang='lat' dir='ltr'><strong>atque</strong></span> <span class='ocrx_word' id='word_1_220' title='bbox 728 3191 960 3254; x_wconf 85' lang='lat' dir='ltr'><strong>acriter</strong></span> <span class='ocrx_word' id='word_1_221' title='bbox 1000 3192 1359 3255; x_wconf 86' lang='lat' dir='ltr'><strong>insectatur</strong></span> <span class='ocrx_word' id='word_1_222' title='bbox 1402 3191 1507 3254; x_wconf 92' lang='lat' dir='ltr'><strong>hic</strong></span> <span class='ocrx_word' id='word_1_223' title='bbox 1538 3192 1819 3255; x_wconf 82' lang='lat' dir='ltr'><strong>Bestiam</strong></span> <span class='ocrx_word' id='word_1_224' title='bbox 1859 3211 2041 3253; x_wconf 84' lang='lat' dir='ltr'><strong>suam</strong></span> <span class='ocrx_word' id='word_1_225' title='bbox 2072 3189 2450 3269; x_wconf 76' lang='lat' dir='ltr'><strong>cardinalis,</strong></span> 
     </span>
     <span class='ocr_line' id='line_1_29' title="bbox 234 3294 2447 3377; baseline 0.001 -22"><span class='ocrx_word' id='word_1_226' title='bbox 234 3301 314 3356; x_wconf 91' lang='lat' dir='ltr'><strong>ut</strong></span> <span class='ocrx_word' id='word_1_227' title='bbox 345 3294 416 3356; x_wconf 90' lang='lat' dir='ltr'><strong>in</strong></span> <span class='ocrx_word' id='word_1_228' title='bbox 450 3295 662 3360; x_wconf 93' lang='lat' dir='ltr'><strong>medio</strong></span> <span class='ocrx_word' id='word_1_229' title='bbox 701 3303 880 3375; x_wconf 85' lang='lat' dir='ltr'><strong>aestu,</strong></span> <span class='ocrx_word' id='word_1_230' title='bbox 912 3296 1219 3360; x_wconf 85' lang='lat' dir='ltr'><strong>exciderit</strong></span> <span class='ocrx_word' id='word_1_231' title='bbox 1248 3296 1343 3360; x_wconf 88' lang='lat' dir='ltr'><strong>illi</strong></span> <span class='ocrx_word' id='word_1_232' title='bbox 1380 3296 1701 3361; x_wconf 87' lang='lat' dir='ltr'><strong>confessio</strong></span> <span class='ocrx_word' id='word_1_233' title='bbox 1745 3297 1904 3374; x_wconf 83' lang='lat' dir='ltr'><strong>haec,</strong></span> <span class='ocrx_word' id='word_1_234' title='bbox 1944 3296 2162 3377; x_wconf 85' lang='lat' dir='ltr'><strong>Capite</strong></span> <span class='ocrx_word' id='word_1_235' title='bbox 2192 3295 2447 3358; x_wconf 86' lang='lat' dir='ltr'><strong>XVII0.</strong></span> 
     </span>
     <span class='ocr_line' id='line_1_30' title="bbox 234 3399 2446 3482; baseline -0 -21"><span class='ocrx_word' id='word_1_236' title='bbox 234 3399 506 3462; x_wconf 80' lang='lat' dir='ltr'><strong>describi</strong></span> <span class='ocrx_word' id='word_1_237' title='bbox 558 3421 598 3462; x_wconf 88' lang='lat' dir='ltr'><strong>a</strong></span> <span class='ocrx_word' id='word_1_238' title='bbox 647 3401 890 3464; x_wconf 79' lang='lat' dir='ltr'><strong>Joanne</strong></span> <span class='ocrx_word' id='word_1_239' title='bbox 940 3402 1252 3464; x_wconf 67' lang='lat' dir='ltr'><strong>excidium</strong></span> <span class='ocrx_word' id='word_1_240' title='bbox 1295 3402 1564 3465; x_wconf 83' lang='lat' dir='ltr'><strong>Romani</strong></span> <span class='ocrx_word' id='word_1_241' title='bbox 1617 3401 1875 3482; x_wconf 84' lang='lat' dir='ltr'><strong>Imperii</strong></span> <span class='ocrx_word' id='word_1_242' title='bbox 1926 3406 2188 3481; x_wconf 81' lang='lat' dir='ltr'><strong>propter</strong></span> <span class='ocrx_word' id='word_1_243' title='bbox 2227 3420 2446 3481; x_wconf 80' lang='lat' dir='ltr'><strong>perse-</strong></span> 
     </span>
     <span class='ocr_line' id='line_1_31' title="bbox 234 3500 2444 3587; baseline 0 -23"><span class='ocrx_word' id='word_1_244' title='bbox 234 3502 515 3564; x_wconf 81' lang='lat' dir='ltr'><strong>cutiones</strong></span> <span class='ocrx_word' id='word_1_245' title='bbox 558 3504 625 3564; x_wconf 80' lang='lat' dir='ltr'><strong>in</strong></span> <span class='ocrx_word' id='word_1_246' title='bbox 660 3503 1055 3567; x_wconf 70' lang='lat' dir='ltr'><strong>C&#39;hristianos</strong></span> <span class='ocrx_word' id='word_1_247' title='bbox 1068 3515 1110 3583; x_wconf 78' lang='lat'><strong>¹,</strong></span> <span class='ocrx_word' id='word_1_248' title='bbox 1145 3504 1380 3587; x_wconf 89' lang='lat' dir='ltr'><strong>quibus</strong></span> <span class='ocrx_word' id='word_1_249' title='bbox 1423 3503 1714 3567; x_wconf 80' lang='lat' dir='ltr'><strong>saevitum</strong></span> <span class='ocrx_word' id='word_1_250' title='bbox 1758 3503 1973 3564; x_wconf 88' lang='lat' dir='ltr'><strong>fuerat</strong></span> <span class='ocrx_word' id='word_1_251' title='bbox 2015 3500 2086 3562; x_wconf 92' lang='lat' dir='ltr'><strong>in</strong></span> <span class='ocrx_word' id='word_1_252' title='bbox 2117 3501 2444 3585; x_wconf 85' lang='lat' dir='ltr'><strong>Martyres</strong></span> 
     </span>
     <span class='ocr_line' id='line_1_32' title="bbox 235 3602 2442 3691; baseline -0.002 -22"><span class='ocrx_word' id='word_1_253' title='bbox 235 3608 450 3669; x_wconf 85' lang='lat' dir='ltr'><strong>Roma</strong></span> <span class='ocrx_word' id='word_1_254' title='bbox 496 3605 706 3669; x_wconf 83' lang='lat' dir='ltr'><strong>a&#39;dhuc</strong></span> <span class='ocrx_word' id='word_1_255' title='bbox 750 3607 1063 3671; x_wconf 86' lang='lat' dir='ltr'><strong>Ethnica:</strong></span> <span class='ocrx_word' id='word_1_256' title='bbox 1110 3628 1339 3691; x_wconf 85' lang='lat' dir='ltr'><strong>parum</strong></span> <span class='ocrx_word' id='word_1_257' title='bbox 1391 3606 1490 3669; x_wconf 89' lang='lat' dir='ltr'><strong>sui</strong></span> <span class='ocrx_word' id='word_1_258' title='bbox 1538 3605 1645 3669; x_wconf 88' lang='lat' dir='ltr'><strong>hic</strong></span> <span class='ocrx_word' id='word_1_259' title='bbox 1697 3606 1795 3686; x_wconf 94' lang='lat' dir='ltr'><strong>(ut</strong></span> <span class='ocrx_word' id='word_1_260' title='bbox 1838 3602 2116 3686; x_wconf 90' lang='lat' dir='ltr'><strong>videtur)</strong></span> <span class='ocrx_word' id='word_1_261' title='bbox 2153 3604 2442 3680; x_wconf 88' lang='lat' dir='ltr'><strong>memori,</strong></span> 
     </span>
     <span class='ocr_line' id='line_1_33' title="bbox 234 3706 2446 3794; baseline -0.002 -22"><span class='ocrx_word' id='word_1_262' title='bbox 234 3711 346 3792; x_wconf 92' lang='lat' dir='ltr'><strong>qui</strong></span> <span class='ocrx_word' id='word_1_263' title='bbox 392 3711 584 3792; x_wconf 89' lang='lat' dir='ltr'><strong>paulo</strong></span> <span class='ocrx_word' id='word_1_264' title='bbox 629 3718 780 3774; x_wconf 83' lang='lat' dir='ltr'><strong>ante</strong></span> <span class='ocrx_word' id='word_1_265' title='bbox 832 3718 1214 3794; x_wconf 87' lang='lat' dir='ltr'><strong>argumento</strong></span> <span class='ocrx_word' id='word_1_266' title='bbox 1256 3710 1381 3774; x_wconf 91' lang='lat' dir='ltr'><strong>hoc</strong></span> <span class='ocrx_word' id='word_1_267' title='bbox 1424 3729 1579 3771; x_wconf 87' lang='lat' dir='ltr'><strong>usus</strong></span> <span class='ocrx_word' id='word_1_268' title='bbox 1623 3708 1856 3784; x_wconf 89' lang='lat' dir='ltr'><strong>fuerat,</strong></span> <span class='ocrx_word' id='word_1_269' title='bbox 1902 3706 2160 3769; x_wconf 81' lang='lat' dir='ltr'><strong>necdum</strong></span> <span class='ocrx_word' id='word_1_270' title='bbox 2209 3707 2446 3768; x_wconf 79' lang='lat' dir='ltr'><strong>venisse</strong></span> 
     </span>
     <span class='ocr_line' id='line_1_34' title="bbox 230 3806 2442 3895; baseline -0.003 -22"><span class='ocrx_word' id='word_1_271' title='bbox 230 3813 714 3891; x_wconf 54' lang='lat' dir='ltr'><strong>[latich-istum,</strong></span> <span class='ocrx_word' id='word_1_272' title='bbox 765 3814 932 3895; x_wconf 79' lang='lat' dir='ltr'><strong>quod</strong></span> <span class='ocrx_word' id='word_1_273' title='bbox 987 3813 1298 3876; x_wconf 69' lang='lat' dir='ltr'><strong>excidium</strong></span> <span class='ocrx_word' id='word_1_274' title='bbox 1356 3810 1627 3875; x_wconf 80' lang='lat' dir='ltr'><strong>Romani</strong></span> <span class='ocrx_word' id='word_1_275' title='bbox 1685 3807 1943 3888; x_wconf 80' lang='lat' dir='ltr'><strong>Imperii</strong></span> <span class='ocrx_word' id='word_1_276' title='bbox 2000 3806 2270 3869; x_wconf 80' lang='lat' dir='ltr'><strong>nondum</strong></span> <span class='ocrx_word' id='word_1_277' title='bbox 2329 3807 2442 3868; x_wconf 86' lang='lat' dir='ltr'><strong>ad-</strong></span> 
     </span>
     <span class='ocr_line' id='line_1_35' title="bbox 228 3909 2440 3992; baseline -0.003 -16"><span class='ocrx_word' id='word_1_278' title='bbox 228 3915 497 3978; x_wconf 82' lang='lat' dir='ltr'><strong>venisset</strong></span> <span class='ocrx_word' id='word_1_279' title='bbox 514 3924 556 3978; x_wconf 83' lang='lat'><strong>⁸.</strong></span> <span class='ocrx_word' id='word_1_280' title='bbox 646 3916 963 3980; x_wconf 90' lang='lat' dir='ltr'><strong>Nondum</strong></span> <span class='ocrx_word' id='word_1_281' title='bbox 993 3923 1212 3979; x_wconf 87' lang='lat' dir='ltr'><strong>autem</strong></span> <span class='ocrx_word' id='word_1_282' title='bbox 1250 3912 1580 3977; x_wconf 83' lang='lat' dir='ltr'><strong>advenisse</strong></span> <span class='ocrx_word' id='word_1_283' title='bbox 1613 3910 1792 3989; x_wconf 88' lang='lat' dir='ltr'><strong>illud,</strong></span> <span class='ocrx_word' id='word_1_284' title='bbox 1825 3910 1994 3992; x_wconf 82' lang='lat' dir='ltr'><strong>quod</strong></span> <span class='ocrx_word' id='word_1_285' title='bbox 2033 3910 2175 3972; x_wconf 65' lang='lat' dir='ltr'><strong>Rea-</strong></span> <span class='ocrx_word' id='word_1_286' title='bbox 2204 3909 2440 3971; x_wconf 86' lang='lat' dir='ltr'><strong>Rodul-</strong></span> 
     </span>
     <span class='ocr_line' id='line_1_36' title="bbox 214 4014 1853 4099; baseline -0.002 -20"><span class='ocrx_word' id='word_1_287' title='bbox 214 4018 419 4098; x_wconf 76' lang='lat' dir='ltr'><strong>phum</strong></span> <span class='ocrx_word' id='word_1_288' title='bbox 447 4018 538 4081; x_wconf 92' lang='grc' dir='ltr'><strong>ΙΙ.</strong></span> <span class='ocrx_word' id='word_1_289' title='bbox 583 4018 1004 4082; x_wconf 79' lang='lat' dir='ltr'><strong>Romanorum</strong></span> <span class='ocrx_word' id='word_1_290' title='bbox 1031 4019 1479 4099; x_wconf 79' lang='lat' dir='ltr'><strong>Imperatorem</strong></span> <span class='ocrx_word' id='word_1_291' title='bbox 1506 4014 1853 4095; x_wconf 78' lang='lat' dir='ltr'><strong>scripserit.</strong></span> 
     </span>
    </p>
   </div>
   <div class='ocr_carea' id='block_1_4' title="bbox 296 4138 2440 4288">
    <p class='ocr_par' dir='ltr' id='par_1_5' title="bbox 296 4138 2440 4288">
     <span class='ocr_line' id='line_1_37' title="bbox 296 4138 2440 4209; baseline -0.002 -16"><span class='ocrx_word' id='word_1_292' title='bbox 296 4144 479 4208; x_wconf 86' lang='lat' dir='ltr'><strong>Siquid</strong></span> <span class='ocrx_word' id='word_1_293' title='bbox 513 4145 624 4196; x_wconf 77' lang='lat' dir='ltr'><strong>hoec</strong></span> <span class='ocrx_word' id='word_1_294' title='bbox 665 4146 1038 4209; x_wconf 76' lang='lat' dir='ltr'><strong>argumentatio</strong></span> <span class='ocrx_word' id='word_1_295' title='bbox 1081 4145 1230 4205; x_wconf 72' lang='lat' dir='ltr'><strong>valet,</strong></span> <span class='ocrx_word' id='word_1_296' title='bbox 1275 4143 1512 4194; x_wconf 83' lang='lat' dir='ltr'><strong>adversus</strong></span> <span class='ocrx_word' id='word_1_297' title='bbox 1557 4140 1653 4207; x_wconf 86' lang='lat' dir='ltr'><strong>[S.]</strong></span> <span class='ocrx_word' id='word_1_298' title='bbox 1700 4140 2068 4203; x_wconf 82' lang='lat' dir='ltr'><strong>Hieronymum</strong></span> <span class='ocrx_word' id='word_1_299' title='bbox 2115 4138 2440 4203; x_wconf 77' lang='lat' dir='ltr'><strong>potissimum</strong></span> 
     </span>
     <span class='ocr_line' id='line_1_38' title="bbox 362 4219 2439 4288; baseline -0.004 -12"><span class='ocrx_word' id='word_1_300' title='bbox 362 4226 540 4278; x_wconf 74' lang='lat' dir='ltr'><strong>valere.</strong></span> <span class='ocrx_word' id='word_1_301' title='bbox 610 4227 704 4276; x_wconf 88' lang='lat' dir='ltr'><strong>Ille</strong></span> <span class='ocrx_word' id='word_1_302' title='bbox 724 4228 864 4277; x_wconf 87' lang='lat' dir='ltr'><strong>enim</strong></span> <span class='ocrx_word' id='word_1_303' title='bbox 898 4264 910 4276; x_wconf 96' lang='lat'><strong>.</strong></span> <span class='ocrx_word' id='word_1_304' title='bbox 947 4265 960 4276; x_wconf 91' lang='lat'><strong>.</strong></span> <span class='ocrx_word' id='word_1_305' title='bbox 996 4265 1008 4276; x_wconf 89' lang='lat'><strong>.</strong></span> <span class='ocrx_word' id='word_1_306' title='bbox 1042 4229 1059 4254; x_wconf 82' lang='lat'>‘</span> <span class='ocrx_word' id='word_1_307' title='bbox 1076 4225 1291 4286; x_wconf 58' lang='lat' dir='ltr'><strong>Beatus}</strong></span> <span class='ocrx_word' id='word_1_308' title='bbox 1313 4224 1498 4288; x_wconf 84' lang='lat' dir='ltr'><strong>inquit,</strong></span> <span class='ocrx_word' id='word_1_309' title='bbox 1532 4260 1544 4272; x_wconf 97' lang='lat'><strong>.</strong></span> <span class='ocrx_word' id='word_1_310' title='bbox 1582 4260 1595 4272; x_wconf 90' lang='lat'><strong>.</strong></span> <span class='ocrx_word' id='word_1_311' title='bbox 1632 4259 1644 4272; x_wconf 95' lang='lat'><strong>.</strong></span> <span class='ocrx_word' id='word_1_312' title='bbox 1682 4225 1696 4248; x_wconf 88' lang='lat'><em>‘</em></span> <span class='ocrx_word' id='word_1_313' title='bbox 1714 4222 1803 4285; x_wconf 85' lang='lat' dir='ltr'><strong>qui</strong></span> <span class='ocrx_word' id='word_1_314' title='bbox 1833 4222 2097 4271; x_wconf 73' lang='lat' dir='ltr'><strong>interfecto</strong></span> <span class='ocrx_word' id='word_1_315' title='bbox 2120 4219 2439 4270; x_wconf 76' lang='lat' dir='ltr'><strong>Antichristo</strong></span> 
     </span>
    </p>
   </div>
   <div class='ocr_carea' id='block_1_5' title="bbox 1320 4360 1555 4369">
    <p class='ocr_par' dir='ltr' id='par_1_6' title="bbox 1320 4360 1555 4369">
     <span class='ocr_line' id='line_1_39' title="bbox 1320 4360 1555 4369; baseline 0 590"><span class='ocrx_word' id='word_1_316' title='bbox 1320 4360 1555 4369; x_wconf 95' lang='lat' dir='ltr'><strong> </strong></span> 
     </span>
    </p>
   </div>
   <div class='ocr_carea' id='block_1_6' title="bbox 1080 4363 1317 4375">
    <p class='ocr_par' dir='ltr' id='par_1_7' title="bbox 1080 4363 1317 4375">
     <span class='ocr_line' id='line_1_40' title="bbox 1080 4363 1317 4375; baseline -0.017 0"><span class='ocrx_word' id='word_1_317' title='bbox 1080 4363 1317 4375; x_wconf 69' lang='lat'>——-———-</span> 
     </span>
    </p>
   </div>
   <div class='ocr_carea' id='block_1_7' title="bbox 228 4437 2441 4641">
    <p class='ocr_par' dir='ltr' id='par_1_8' title="bbox 228 4437 2441 4641">
     <span class='ocr_line' id='line_1_41' title="bbox 376 4437 2438 4514; baseline -0.003 -21"><span class='ocrx_word' id='word_1_318' title='bbox 376 4448 405 4493; x_wconf 88' lang='lat'>2</span> <span class='ocrx_word' id='word_1_319' title='bbox 429 4445 621 4510; x_wconf 71' lang='lat' dir='ltr'><strong>Thess]</strong></span> <span class='ocrx_word' id='word_1_320' title='bbox 642 4461 750 4510; x_wconf 81' lang='lat' dir='ltr'><strong>cap.</strong></span> <span class='ocrx_word' id='word_1_321' title='bbox 775 4446 830 4495; x_wconf 83' lang='lat' dir='ltr'><strong>ii.</strong></span> <span class='ocrx_word' id='word_1_322' title='bbox 856 4448 902 4497; x_wconf 85' lang='lat'><strong>7.</strong></span> <span class='ocrx_word' id='word_1_323' title='bbox 1442 4449 1459 4472; x_wconf 85' lang='lat'>⁸</span> <span class='ocrx_word' id='word_1_324' title='bbox 1496 4439 1651 4505; x_wconf 89' lang='lat' dir='ltr'><strong>[Bell.</strong></span> <span class='ocrx_word' id='word_1_325' title='bbox 1694 4437 1844 4501; x_wconf 84' lang='lat' dir='ltr'><strong>Apol.</strong></span> <span class='ocrx_word' id='word_1_326' title='bbox 1890 4452 1984 4501; x_wconf 85' lang='lat' dir='ltr'><strong>pro</strong></span> <span class='ocrx_word' id='word_1_327' title='bbox 2023 4437 2202 4514; x_wconf 58' lang='lat' dir='ltr'><strong>Resp3]</strong></span> <span class='ocrx_word' id='word_1_328' title='bbox 2249 4453 2298 4501; x_wconf 88' lang='lat' dir='ltr'><strong>p.</strong></span> <span class='ocrx_word' id='word_1_329' title='bbox 2329 4440 2438 4486; x_wconf 77' lang='lat'><strong>129.</strong></span> 
     </span>
     <span class='ocr_line' id='line_1_42' title="bbox 294 4445 2441 4575; baseline -0.005 -12"><span class='ocrx_word' id='word_1_330' title='bbox 294 4519 312 4540; x_wconf 71' lang='lat'>¹</span> <span class='ocrx_word' id='word_1_331' title='bbox 347 4445 495 4575; x_wconf 57' lang='grc' dir='ltr'><strong>ΙΙΞΒΕΙΙ.</strong></span> <span class='ocrx_word' id='word_1_332' title='bbox 537 4513 685 4575; x_wconf 85' lang='lat' dir='ltr'><strong>Apol.</strong></span> <span class='ocrx_word' id='word_1_333' title='bbox 734 4527 823 4574; x_wconf 87' lang='lat' dir='ltr'><strong>pro</strong></span> <span class='ocrx_word' id='word_1_334' title='bbox 862 4511 1036 4575; x_wconf 49' lang='lat' dir='ltr'><strong>Respa</strong></span> <span class='ocrx_word' id='word_1_335' title='bbox 1083 4525 1133 4575; x_wconf 85' lang='lat' dir='ltr'><strong>p.</strong></span> <span class='ocrx_word' id='word_1_336' title='bbox 1176 4511 1286 4560; x_wconf 84' lang='lat'><strong>135.</strong></span> <span class='ocrx_word' id='word_1_337' title='bbox 1381 4506 1521 4571; x_wconf 84' lang='lat' dir='ltr'><strong>[Op..</strong></span> <span class='ocrx_word' id='word_1_338' title='bbox 1547 4511 1669 4554; x_wconf 76' lang='lat' dir='ltr'><strong>tom.</strong></span> <span class='ocrx_word' id='word_1_339' title='bbox 1689 4504 1776 4554; x_wconf 82' lang='lat' dir='ltr'><strong>vii.</strong></span> <span class='ocrx_word' id='word_1_340' title='bbox 1800 4502 1893 4553; x_wconf 90' lang='lat' dir='ltr'><strong>col.</strong></span> <span class='ocrx_word' id='word_1_341' title='bbox 1906 4503 2016 4555; x_wconf 71' lang='lat'><strong>777.</strong></span> <span class='ocrx_word' id='word_1_342' title='bbox 2035 4505 2096 4553; x_wconf 90' lang='lat' dir='ltr'><strong>A.</strong></span> <span class='ocrx_word' id='word_1_343' title='bbox 2121 4502 2251 4553; x_wconf 81' lang='lat' dir='ltr'><strong>Vide</strong></span> <span class='ocrx_word' id='word_1_344' title='bbox 2273 4517 2441 4568; x_wconf 72' lang='lat' dir='ltr'><strong>supra,</strong></span> 
     </span>
     <span class='ocr_line' id='line_1_43' title="bbox 228 4569 1600 4641; baseline -0.004 -17"><span class='ocrx_word' id='word_1_345' title='bbox 228 4575 375 4640; x_wconf 86' lang='lat' dir='ltr'><strong>[Op.,</strong></span> <span class='ocrx_word' id='word_1_346' title='bbox 410 4581 531 4626; x_wconf 80' lang='lat' dir='ltr'><strong>tom.</strong></span> <span class='ocrx_word' id='word_1_347' title='bbox 552 4576 637 4626; x_wconf 80' lang='lat' dir='ltr'><strong>vii.</strong></span> <span class='ocrx_word' id='word_1_348' title='bbox 675 4575 767 4626; x_wconf 88' lang='lat' dir='ltr'><strong>col.</strong></span> <span class='ocrx_word' id='word_1_349' title='bbox 795 4577 907 4628; x_wconf 82' lang='grc'><strong>780.</strong></span> <span class='ocrx_word' id='word_1_350' title='bbox 933 4574 1013 4641; x_wconf 81' lang='grc'><strong>0.]</strong></span> <span class='ocrx_word' id='word_1_351' title='bbox 1378 4587 1427 4636; x_wconf 85' lang='lat' dir='ltr'><strong>p.</strong></span> <span class='ocrx_word' id='word_1_352' title='bbox 1454 4569 1600 4634; x_wconf 82' lang='lat'><strong>308.]</strong></span> 
     </span>
    </p>
   </div>
   <div class='ocr_carea' id='block_1_8' title="bbox 2572 1336 2699 1397">
    <p class='ocr_par' dir='ltr' id='par_1_9' title="bbox 2572 1336 2699 1397">
     <span class='ocr_line' id='line_1_44' title="bbox 2572 1336 2699 1397; baseline 0 0"><span class='ocrx_word' id='word_1_353' title='bbox 2572 1336 2699 1397; x_wconf 81' lang='lat'><strong>235</strong></span> 
     </span>
    </p>
   </div>
  </div>
 </body>
</html>
