3165 4959
729 333 860 395 300
1353 348 1438 395 AD
1485 348 1867 396 cfflDmAms
1911 348 2309 396 Bmfflfflm

733 501 943 580 lapsus
977 502 1339 580 peculiaris.
1441 504 1640 582 Super
1667 505 1885 584 ipsum,
1918 504 2108 565 veluti
2149 509 2401 579 terram,
2434 498 2778 580 fundatam
2813 502 2951 563 Ec-

733 603 1002 679 clesiam,
1035 603 1148 666 sed
1178 625 1364 686 super
1393 607 1569 682 alios,
1602 627 1734 668 una
1763 627 1912 669 cum
1940 606 2097 688 ipso.

800 738 1080 801 Cyprianus
1112 775 1124 787 .
1161 776 1173 787 .
1209 774 1221 788 .
1259 739 1320 788 de
1345 742 1540 789 animate
1566 740 1802 791 Ecclesiae
1835 741 1955 790 facit
1981 740 2186 789 Petrum
2220 744 2386 802 caput,
2413 741 2618 798 fontem,
2644 742 2696 787 et
2719 737 2947 787 radicem

868 818 1079 881 [totius]
1106 819 1432 868 Ecclesiae.—
1458 821 1607 885 [Bell.
1650 822 1800 885 Apol.
1840 836 1931 884 pro
1971 820 2145 884 Resp.]
2182 835 2230 883 p.
2263 823 2372 870 125.
2407 821 2540 885 [Op.,
2573 826 2696 869 tom.
2723 821 2808 869 vii.
2850 820 2947 869 eol.

864 899 973 948 775.
1000 899 1085 961 A.]

412 1008 488 1082 [β.
509 1007 709 1071 Cypria-
819 998 994 1060 Fecit
1036 999 1391 1083 Cyprianus
1427 1001 1692 1063 Petrum
1732 1008 1937 1083 caput,
1973 1001 2240 1082 sontem,
2289 1000 2582 1077 radicem,
2614 1000 2945 1061 Ecclesiae.

407 1071 501 1135 ω’]
735 1103 890 1165 Non
950 1104 1213 1166 Petrum
1273 1104 1595 1181 Ecclesiae,
1662 1105 1773 1169 sed
1836 1107 1965 1169 imo
2025 1106 2377 1168 Ecclesiam
2406 1080 2641 1186 ‘ipsam
2690 1103 2946 1184 fontem

493 1199 622 1262 218
719 1202 909 1285 facit,
943 1206 1116 1269 unde
1164 1208 1345 1270 multi
1392 1208 1618 1285 rivuli;
1666 1210 1888 1286 lumen,
1935 1207 2109 1271 unde
2155 1206 2348 1270 multi
2392 1206 2554 1269 radii
2571 1232 2590 1282 ;
2637 1207 2939 1284 radicem,

733 1309 909 1372 unde
956 1311 1146 1373 multi
1188 1311 1351 1372 rami
1396 1320 1851 1395 propagantur.
1944 1312 2138 1375 Disce
2168 1310 2268 1373 vel
2315 1332 2391 1373 ex
2425 1311 2585 1392 ipso,
2678 1311 2790 1372 Sic
2827 1313 2935 1391 (et)

733 1413 1041 1492 Ecclesia,
1072 1414 1327 1476 Domini
1376 1415 1510 1477 luce
1547 1414 1830 1496 perfusa,
1873 1436 1998 1496 per
2043 1416 2248 1478 orbem
2299 1421 2493 1477 totum
2538 1414 2756 1476 radios
2793 1428 2942 1476 suos

727 1519 1049 1599 porri-ait.
1110 1518 1399 1580 Ecclesia
1451 1517 1680 1599 (dicit),
1721 1540 1854 1582 non
1896 1519 2144 1582 PetruS.
2247 1519 2444 1580 Unum
2480 1524 2685 1580 tamen
2736 1519 2941 1580 lumen

733 1626 844 1698 est,
879 1621 1046 1701 quod
1070 1620 1292 1701 ubique
1321 1621 1716 1702 diffunditur,
1756 1625 1862 1703 (an
1892 1624 2114 1685 lumen
2143 1623 2266 1685 hoc
2296 1623 2527 1685 Petrus
2546 1626 2575 1684 ⁶?
2624 1631 2738 1685 aut
2770 1644 2856 1684 an
2886 1622 2942 1684 is

732 1723 971 1805 ubique
1017 1723 1286 1786 diffusus
1306 1725 1358 1805 ?)
1412 1744 1522 1786 nec
1550 1727 1761 1788 unitas
1790 1727 2067 1806 corporis
2093 1732 2443 1807 separatur.
2531 1726 2768 1788 Ramos
2795 1747 2942 1788 suos

739 1828 1071 1908 (Ecclesia)
1141 1829 1208 1890 in
1276 1829 1626 1890 universam
1698 1835 1950 1908 terram,
2014 1831 2192 1910 copia
2248 1829 2573 1906 ubertatis,
2634 1831 2937 1907 extendit,

719 1932 1098 2011 profluentes
1128 1932 1391 2013 laryiter
1430 1932 1598 1993 rivos
1639 1934 1829 1994 latius
1867 1934 2166 2014 expandit
2189 1956 2207 1991 .·
2253 1953 2441 1995 unum
2481 1938 2689 1994 tamen
2725 1940 2935 2014 caput,

730 2040 790 2096 et
820 2036 993 2115 oriyo
1025 2056 1170 2112 una,
1203 2041 1263 2097 et
1300 2056 1427 2097 una
1466 2042 1686 2114 mater,
1722 2036 2164 2116 foecunditatis
2202 2036 2582 2098 successibus
2623 2038 2874 2117 copiosa
2887 2051 2934 2100 ⁰.

733 2138 1046 2219 Caligavit
1087 2138 1193 2200 hic
1235 2138 1636 2202 cardinalis:
1702 2140 1857 2203 Non
1899 2140 2070 2202 enim
2109 2118 2311 2222 (pito)
2351 2141 2612 2202 Petrum
2650 2140 2939 2203 dicturus

731 2247 823 2303 est
852 2241 1152 2318 Matrem,
1184 2262 1266 2304 ne
1304 2242 1504 2322 Caput
1536 2242 1798 2324 quidem
1827 2242 2043 2325 igitur.

796 2376 864 2425 Et
886 2377 941 2426 in
976 2376 1137 2441 Epist.
1173 2377 1237 2427 ad
1272 2378 1535 2437 Quintum,
1572 2378 1782 2428 ‘Petrus
1816 2416 1827 2427 .
1865 2414 1876 2425 .
1913 2416 1926 2427 .
1963 2415 1975 2427 .
2011 2394 2161 2442 super
2192 2394 2341 2442 quem
2376 2380 2629 2429 Dominus
2659 2379 2939 2430 aedificavit

860 2456 1166 2509 Ecclesiam!
1201 2496 1212 2509 .
1248 2496 1261 2509 .
1296 2497 1308 2509 .
1346 2461 1487 2510 Dicit
1520 2498 1532 2510 .
1568 2497 1580 2509 .
1617 2497 1629 2509 .
1665 2475 1815 2523 super
1845 2475 1961 2511 eum
1997 2460 2300 2511 aedificatam
2321 2475 2427 2510 esse
2449 2460 2741 2519 Ecclesiam,
2765 2477 2823 2511 ac
2846 2476 2938 2525 per

859 2539 954 2588 hoc
1009 2555 1114 2590 esse
1169 2540 1556 2591 fundamentum
1603 2540 1853 2591 Ecclesiae.
1922 2541 2068 2599 Quod
2111 2547 2281 2592 autem
2327 2548 2405 2591 est
2446 2542 2832 2592 fundamentum
2879 2545 2936 2592 in

859 2620 1091 2681 aedificio,
1115 2621 1250 2670 idem
1272 2627 1348 2671 est.
1370 2627 1520 2685 caput
1542 2623 1598 2672 in
1620 2622 2056 2686 comum—[Bell.
2081 2623 2229 2686 Apol.
2252 2638 2343 2685 pro
2366 2622 2536 2687 Resp]
2571 2638 2619 2686 p.
2645 2626 2755 2673 125.
2795 2623 2937 2688 [Op..

861 2708 984 2752 tom.
1008 2705 1095 2753 vii.
1131 2704 1221 2753 col.
1249 2704 1359 2755 775.
1385 2703 1470 2768 A.]

818 2802 1004 2866 Alter
1053 2825 1201 2866 vero
1260 2804 1354 2866 illi
1415 2823 1495 2867 ex
1542 2803 1863 2888 Cypriano
1922 2804 2100 2867 locus
2159 2803 2604 2887 praecidendus
2668 2813 2809 2869 erat
2856 2827 2936 2870 ex

730 2914 930 2989 parte,
975 2928 1102 2989 qua
1143 2928 1370 2989 parum
1420 2907 1740 2990 benignus
1791 2908 1851 2971 ei
1902 2915 2191 2990 aspectus
2233 2909 2314 2980 ad
2360 2908 2727 2991 primatum.
2829 2912 2936 2974 Sic

730 3012 902 3073 enim
953 3033 1020 3074 se
1069 3011 1281 3074 habet.
1375 3013 1544 3074 Nam
1597 3033 1708 3075 nec
1756 3013 2004 3090 Petrus,
2060 3014 2259 3094 (quem
2303 3015 2581 3094 primum
2628 2999 2938 3077 Dominus

729 3114 929 3193 eleyit,
974 3112 1063 3195 [et
1101 3134 1294 3194 supra
1336 3135 1511 3195 quem
1557 3113 1892 3195 aedificavit
1929 3115 2281 3177 Ecclesiam
2318 3135 2514 3195 suam,
2556 3137 2692 3178 cum
2726 3138 2936 3180 secam

730 3215 970 3277 Paulus
1027 3216 1103 3277 de
1155 3218 1617 3281 circumcisione
1653 3220 2049 3300 postmodum
2098 3220 2536 3304 disceptaretD
2591 3222 2936 3284 vindicavit

727 3318 849 3381 sibi
890 3320 1133 3401 aliquid
1168 3320 1520 3400 insolenter,
1554 3328 1664 3384 aut
1705 3331 2076 3404 arroqanter
2113 3328 2463 3407 assumpsit,
2495 3332 2566 3388 ut
2605 3327 2840 3389 diceret
2870 3349 2937 3390 se

716 3422 1064 3503 primatum
1106 3430 1330 3500 tenere,
1375 3423 1490 3507 [et]
1533 3424 1945 3505 obtemperari
1988 3447 2028 3488 a
2072 3428 2346 3504 novellis,
2393 3435 2454 3491 et
2488 3430 2783 3509 posteris,
2814 3430 2936 3492 sibi

716 3527 936 3606 potius
995 3532 1276 3607 oportere
1294 3539 1342 3588 Ρ.
1454 3526 1587 3590 Ubi
1648 3549 1724 3590 ea
1782 3527 2087 3609 Cypriani
2146 3550 2330 3592 mens
2387 3530 2658 3607 videtur,
2721 3539 2817 3607 ut,
2881 3533 2937 3594 si

727 3628 988 3692 dixisset
1036 3630 1389 3692 Primatum
1434 3650 1500 3692 se
1559 3636 1767 3693 tenere
1818 3630 2068 3705 Petrus,
2117 3631 2454 3697 insolenter
2509 3633 2632 3695 sibi
2690 3635 2940 3715 aliquid

724 3734 1123 3795 vindicasset.
1197 3733 1567 3816 Suppressit
1597 3733 1813 3815 itaque
1854 3741 2039 3795 caute
2071 3734 2239 3797 hanc
2277 3744 2523 3818 partem
2550 3738 2932 3816 CardinaIiS,

725 3857 874 3898 cum
903 3858 1130 3919 parum
1159 3836 1397 3900 faceret
1436 3836 1518 3899 ad
1556 3836 1948 3918 primatum;
2000 3838 2227 3900 maluit
2262 3840 2559 3921 priorem,
2593 3840 2704 3903 ubi
2742 3861 2935 3922 super

723 3961 858 4002 eum
886 3938 1258 4020 aedificatam
1288 3941 1443 4004 dicit
1471 3940 1822 4002 Ecclesiam
1850 3969 1868 4004 ,·
1916 3961 2010 4018 ac,
2053 3961 2177 4022 per
2216 3943 2349 4020 boc,
2382 3963 2512 4005 esse
2545 3943 2932 4023 fundamen-

724 4098 1105 4214 {213652235‘552
1127 4099 1557 4228 ,ΐῖζὰέτᾷοἲᾞ
1572 4115 1685 4212 ³22}
1700 4098 1781 4213 ..⁸2
1869 4099 2008 4227 3ἓῖ
2025 4099 2248 4216 ιῖῗῖἳὶ.
2264 4101 2502 4229 ἰζρῗὲῗὲἶ
2535 4106 2839 4228 ῗῗὲὲέἶὲἱ
2855 4106 2936 4217 Ῑέὶ

729 4246 833 4276 σοι
864 4227 975 4279 τὰς
1008 4232 1277 4278 κλεῖδας
1309 4232 1422 4286 τῆς
1454 4229 1783 4285 βασιλείας
1868 4230 2051 4294 latine]
2085 4230 2140 4278 in
2175 4230 2322 4280 Mam.
2349 4232 2451 4280 xvi.
2490 4231 2653 4281 'Praci-
2681 4233 2713 4282 i.
2756 4233 2825 4297 [p.
2851 4236 2930 4283 36.

728 4296 851 4341 τῶν
893 4291 1183 4356 οὐράνιον,
1229 4296 1326 4344 πῶς
1370 4294 1479 4355 οὐχὶ
1513 4295 1595 4343 καὶ
1626 4293 1783 4344 πάντα
1871 4294 2023 4344 Basil.
2049 4294 2214 4359 1571.]

726 4355 791 4405 τά
812 4376 868 4405 τε
891 4357 1212 4421 προειρημένα,
1246 4358 1326 4407 καὶ
1358 4356 1422 4407 τὰ
1455 4359 1781 4422 ἐπιφερόμενα,
1934 4369 1956 4393 ⁰
2012 4359 2061 4408 S.
2100 4359 2210 4422 Cyr.
2249 4360 2313 4409 de
2358 4358 2499 4410 Unit.
2541 4360 2673 4410 Eocl.
2725 4361 2837 4424 Op.‚
2878 4376 2930 4425 p.

725 4422 787 4470 ὥς
830 4423 943 4483 πρὸς
986 4422 1167 4486 Πέτρον
1204 4423 1479 4482 λελεγμένα
1492 4439 1507 4482 ;
1564 4423 1646 4473 καὶ
1690 4423 1783 4486 γὰρ
1870 4426 1978 4474 108.

727 4486 928 4533 ἐνταῦθα
969 4484 1057 4545 μὲν
1100 4487 1161 4536 ὣς
1204 4487 1316 4548 πρὸς
1352 4486 1533 4549 Πέτρον
1573 4488 1786 4551 εἰρῆσθαι
1934 4497 1955 4528 P
1990 4488 2059 4553 [S.
2086 4488 2321 4552 cyprian.
2363 4489 2453 4552 Ep.
2491 4490 2617 4540 lxxi.
2663 4491 2730 4542 ad
2770 4489 2936 4548 Quin·

725 4549 857 4593 δοκεῖ
885 4546 961 4595 τά·
992 4547 1148 4598 Ὅσα
1187 4550 1258 4598 ἃν
1292 4551 1495 4614 δήσῃς
1541 4570 1584 4600 κ.
1601 4571 1645 4600 τ.
1667 4562 1784 4601 λ.-
1872 4558 1996 4602 tum.
2033 4552 2148 4616 Op.,
2178 4568 2260 4616 pp.
2287 4557 2398 4615 194,
2422 4553 2556 4618 lm]
