3165 4959
378 527 636 641 &mnibus

422 593 644 643 cclesias·

378 658 495 707 ticis
494 656 532 720 ,]

706 346 829 406 146
1329 359 1415 405 AD
1458 356 1842 406 CARDINALIS
1885 354 2284 403 BELLARMIM

701 523 1098 581 commeatus
1142 514 1528 579 interdictus
1574 521 1698 592 est,
1732 533 1860 596 quo
1903 511 2120 575 minus
2164 510 2545 575 accederent
2590 530 2686 588 eo,
2719 510 2904 573 audi-

701 625 868 696 rent,
915 618 1309 696 audirentur,
1357 618 1772 694 dissererent,
1819 619 2239 698 suggererent
2284 635 2427 696 quae
2477 614 2549 677 in
2592 634 2730 677 rem
2777 615 2904 677 Ec-

703 722 949 786 clesiae:
1012 742 1220 804 neque
1265 743 1409 784 eam
1460 720 1542 785 ad
1593 742 1733 785 rem
1777 719 2071 801 superflui
2114 739 2401 800 unquam
2448 723 2600 781 sunt
2651 715 2907 779 habiti?

707 825 881 890 Quid
925 845 1132 907 nuper
1177 824 1386 889 fecere
1437 823 1754 900 Tridenti,
1800 821 2195 898 AndradiuS,
2242 820 2500 897 Laiuez,
2550 820 2909 896 Salmeron,

710 930 885 1006 Soto,
945 928 1150 1009 Vega,
1212 927 1586 1009 Alphonsus
1644 926 1725 990 de
1785 927 2034 1003 Castr0,
2090 922 2441 1001 Torrensis,
2495 922 2783 986 Michael
2825 922 2912 986 de

708 1030 997 1107 Medina,
1062 1028 1345 1107 HesseIS,
1406 1030 1447 1092 J
1453 1029 1775 1107 ansenius,
1839 1031 2185 1105 Hervetus,
2246 1025 2439 1089 Arias
2500 1026 2860 1089 Montanus
2878 1027 2909 1089 ⁴?

708 1135 841 1198 Cur
870 1133 1076 1196 exacti
1104 1131 1256 1194 inde
1287 1153 1421 1195 non
1451 1133 1649 1194 sunt?
1726 1132 1973 1196 Verum
2012 1131 2156 1207 hoc,
2189 1150 2322 1193 non
2354 1126 2480 1191 nisi
2510 1127 2669 1191 dum
2699 1128 2914 1193 adhuc

708 1235 1109 1318 disceptandi
1146 1234 1346 1298 locus,
1439 1237 1615 1299 Nam
1653 1234 1767 1298 ubi
1811 1233 2009 1297 eundi
2047 1233 2118 1297 in
2158 1231 2565 1309 sententiam,
2592 1230 2912 1314 judicium

708 1338 957 1402 ferendi
995 1349 1252 1420 tempus
1283 1338 1526 1415 aderat,
1559 1357 1758 1420 penes
1789 1337 1946 1399 alios
1977 1357 2081 1399 res
2112 1349 2269 1400 crat.
2360 1337 2579 1417 Atque
2619 1335 2740 1399 hoc
2769 1334 2913 1399 loco

710 1439 906 1502 nimis
966 1440 1246 1523 erumpit
1302 1440 1376 1502 in
1430 1448 1727 1522 apertum
1788 1439 2150 1503 Cardinalis
2211 1438 2479 1517 malitia,
2541 1438 2651 1520 qui
2709 1437 2916 1501 mittit

712 1541 935 1603 statim
994 1541 1065 1604 in
1122 1541 1513 1622 suffrayium,
1569 1541 1803 1623 quibus
1864 1542 2000 1604 Rex
2055 1539 2247 1603 modo
2298 1538 2592 1602 concedit
2651 1539 2914 1602 aditum.

711 1642 972 1708 Malitia
1028 1644 1369 1725 (inquam),
1417 1664 1551 1706 non
1605 1643 1777 1705 enim
1831 1650 2005 1706 certe
2061 1641 2347 1706 inscitia:
2421 1641 2679 1705 inscitia
2736 1641 2914 1705 enim

712 1746 905 1808 nimis
937 1767 1168 1823 crassa,
1201 1746 1254 1808 si
1286 1745 1630 1823 docendus,
1662 1752 1738 1808 ut
1770 1744 2129 1827 distinguat
2168 1745 2340 1808 inter
2369 1745 2610 1807 aditum
2639 1744 2812 1821 dare,
2844 1749 2913 1806 et

710 1848 1079 1930 suffragium
1095 1850 1463 1929 permittere
1479 1874 1501 1920 ;
1547 1847 1720 1910 inter
1750 1848 2083 1910 accedendi
2122 1848 2472 1927 licentiam,
2504 1854 2570 1910 et
2598 1846 2915 1909 sententiae

696 1951 1024 2031 ferendoe
1000 1974 1147 2035 Jus;
1192 1953 1366 2015 inter
1395 1972 1685 2032 proeesse,
1717 1958 1783 2014 et
1812 1953 2129 2015 interesse.
2181 1952 2328 2030 Sed,
2363 1952 2456 2015 sic
2491 1951 2677 2014 illum
2704 1957 2915 2013 trans-

390 2066 595 2132 [quibus
611 2065 687 2115 sas
713 2076 965 2117 versum
995 2054 1162 2137 rapit
1202 2055 1465 2137 prurigo
1505 2054 1962 2119 calumniandi.
2053 2054 2382 2119 Accedere
2420 2054 2621 2119 cuivis
2661 2073 2916 2136 semper

385 2135 641 2190 iuteresse,

385 2212 489 2245 non
512 2196 631 2244 dare

386 2261 556 2310 suffra·

386 2325 516 2388 gia-J

410 3440 559 3491 Fides

426 3510 623 3556 onstan-

383 3573 472 3620 tiae
496 3587 599 3621 non

383 3638 614 3699 praestita

383 3706 578 3750 metum

384 3765 603 3829 injecit]

711 2158 826 2234 ἤιε,
857 2158 1186 2236 interesse,
1220 2159 1460 2235 audire,
1486 2159 1688 2221 dum
1673 2180 1742 2221 ιιι
1773 2158 2235 2242 disceptatione
2264 2179 2402 2221 res:
2455 2159 2539 2241 (et
2561 2158 2680 2220 Ioci
2710 2162 2920 2220 tamen

710 2263 869 2325 satis
898 2281 1136 2343 semper
1148 2259 1335 2344 suit).
1399 2261 1708 2343 Suffiayii
1729 2263 1846 2343 jus
1874 2282 2069 2345 penes
2098 2262 2446 2343 Epist-opos
2462 2288 2484 2335 ;
2530 2281 2649 2324 nec
2677 2260 2745 2323 id
2777 2261 2921 2323 Rex

711 2370 924 2448 negat,
958 2384 1078 2427 nec
1108 2364 1175 2426 id
1207 2365 1361 2446 agit,
1394 2373 1468 2427 ut
1498 2365 1861 2447 promiscuo
1890 2364 2082 2448 vulgo
2104 2363 2499 2427 vindicatum
2532 2370 2653 2427 eat.
2700 2364 2919 2426 Mittit

696 2467 889 2549 foras
945 2469 1304 2550 superfluos,
1366 2467 1708 2531 Concilium
1757 2468 2209 2550 Episcoporum
2243 2466 2496 2550 fatetur
2541 2488 2690 2530 esse.
2785 2465 2917 2531 Sed

709 2592 920 2654 neque
979 2572 1050 2635 in
1100 2573 1357 2636 Niceno
1409 2573 1608 2635 nullae
1664 2578 1848 2637 erant
1909 2572 2322 2636 Constantini
2380 2579 2592 2656 partes
2609 2585 2657 2650 ¹¹,
2712 2579 2776 2634 et
2836 2572 2920 2635 de

711 2674 940 2738 oblatis
974 2674 1279 2738 sibi-fidei
1308 2674 1603 2738 formulis
1632 2675 2028 2740 Theodosius
2052 2676 2415 2759 judicavit‘.
2505 2676 2593 2739 Et
2621 2674 2692 2736 in
2722 2674 2918 2737 Chal-

713 2778 1055 2842 cedonensi
1098 2778 1396 2862 praesedit
1442 2779 1819 2843 Marcianus
1838 2789 1879 2856 ¹,
1922 2801 1996 2843 ac
2041 2778 2322 2844 Decreto
2369 2800 2486 2844 suo
2522 2779 2654 2842 vim
2697 2779 2757 2842 ei
2802 2779 2916 2842 ad-

714 2881 879 2945 didit
896 2885 935 2947 ².
1025 2884 1113 2946 Et
1159 2904 1353 2965 quem
1394 2883 1606 2946 noluit
1649 2885 1984 2946 immisceri
2029 2884 2405 2946 tractatibus
2447 2883 2920 2946 Ecclesiasticis

713 2984 1110 3048 Theodosius
1151 2985 1392 3069 junior,
1433 2985 1921 3049 Ecclesiasticus
1958 3009 2094 3050 non
2141 2993 2298 3064 erat,
2346 2986 2456 3050 sed
2502 2987 2735 3051 Comes
2750 2989 2801 3066 ¹¹,
2841 2994 2919 3051 ut

712 3093 946 3167 praeter
975 3108 1113 3149 rem
1145 3088 1248 3165 sit,
1282 3094 1474 3169 atque
1500 3093 1689 3150 eoetra
1720 3091 1944 3168 oleas¹,
1975 3089 2082 3152 hic
2113 3111 2365 3173 quoque
2395 3089 2774 3154 Cardinalia

776 3229 829 3278 N
831 3244 857 3278 e
878 3234 1051 3279 tamen
1083 3235 1410 3292 quererentur
1444 3230 1786 3282 Protestantes
1816 3238 1908 3282 aut
1940 3232 2243 3295 calviniani,
2264 3234 2470 3284 invitati
2502 3240 2624 3284 sunt
2653 3249 2843 3296 omnes,
2869 3239 2926 3286 et

838 3311 1005 3361 salvus
1026 3311 1302 3361 conductus
1322 3312 1526 3376 publica
1545 3313 1646 3364 fide
1667 3315 2007 3379 praestitus‚==

795 3429 1101 3491 Invitatos
1131 3428 1288 3492 dicis
1325 3430 1685 3493 Tridentum
1714 3432 2144 3495 Protestantes
2159 3442 2203 3495 Υ.
2269 3431 2512 3497 Credo:
2559 3455 2783 3498 verum
2811 3435 2925 3496 vix

710 3534 928 3614 hospes
957 3531 1034 3594 ab
1065 3532 1305 3614 hospite
1335 3539 1505 3596 tutus
1522 3546 1562 3597 ¹.
1611 3535 1799 3613 Tum,
1831 3556 1906 3597 ne
1935 3542 2356 3618 quererentur,
2386 3537 2626 3598 salvum
2657 3537 2922 3601 conduc-

774 3729 796 3761 Ἰ
818 3720 1023 3784 [Euseb.
1040 3719 1103 3770 de
1119 3719 1226 3769 vit.
1247 3719 1566 3772 Constantin-
1581 3722 1672 3772 lib.
1699 3722 1771 3772 iii.
1859 3725 2081 3781 νωνῆσαι·
2099 3720 2323 3782 ἀθέμιτον
2342 3723 2453 3787 γὰρ,
2475 3723 2564 3772 τὸν
2579 3724 2645 3785 μὴ
2668 3726 2761 3773 τοῦ
2782 3743 2924 3774 κατα·

708 3801 850 3850 capp.
875 3788 1082 3834 12—14.
1101 3800 1183 3849 pp.
1205 3788 1358 3836 683—
1370 3790 1477 3837 585.
1487 3786 1507 3850 ]
1857 3788 2011 3849 λόγου
2032 3791 2129 3838 τῶν
2148 3787 2428 3851 ἁγιωτάτων
2443 3788 2716 3839 ἐπισκόπων
2736 3787 2924 3851 τνγχά·

859 3850 991 3900 Vide
1012 3854 1587 3913 supra,120.not.⁸
1859 3871 2005 3901 νοντα
2042 3855 2142 3902 τοῖς
2195 3855 2616 3913 ἐκκλησιαστικοις
2653 3853 2925 3915 σκέμμασιν

851 3915 1136 3965 Marcianus
1208 3865 1489 3980 fmperator
1566 3851 1774 3967 Α]οιὶοιιί
1858 3916 2199 3978 ἐπιμίγνυσθαι.
2236 3949 2300 3959 -
2332 3917 2573 3967 Theodos.
2628 3918 2705 3981 Ep
2709 3919 2788 3968 ist.
2811 3919 2924 4033 mad

707 3984 865 4029 sextae
901 3979 1050 4029 Cone.
1087 3980 1254 4030 Chalc.
1290 3980 1544 4045 praesedit,
1582 3986 1636 4031 et
1674 3987 1775 4031 tres
1861 3980 2009 4031 Cone.
2047 3982 2174 4045 Bph.
2177 3982 2393 4032 -Cone
2440 3982 2566 4060 pr.
2608 3983 2717 4032 Par.
2741 3983 2774 4031 i.

706 4045 935 4094 Canones
956 4045 1093 4094 abeo
1109 4044 1479 4095 confirmandos
1497 4047 1770 4109 proposuit.
1860 4062 2080 4095 xxxv.—
2023 4048 2248 4098 —Conc.
2283 4052 2406 4097 tom.
2438 4049 2513 4097 iii.
2563 4048 2677 4098 coll.
2714 4049 2825 4098 442.

708 4109 841 4159 Vide
857 4109 1005 4158 Cone.
1026 4114 1146 4159 tom.
1167 4110 1233 4158 iv.
1257 4110 1367 4159 coll.
1387 4112 1495 4160 567.
1514 4110 1570 4159 Β.
1574 4110 1772 4188 —6123]
1861 4113 1969 4161 443.
1999 4111 2083 4175 A.]

772 4174 992 4238 [Cone.
1014 4173 1185 4224 Chalc.
1208 4174 1318 4223 Par.
1338 4175 1412 4224 iii.
1431 4188 1569 4237 capp.
1589 4176 1654 4224 xi.
1680 4176 1770 4224 xii.
1924 4175 2192 4240 ¹.[Eraam
2212 4176 2374 4241 Adag.
2397 4192 2447 4241 p.
2466 4180 2562 4239 35..
2578 4191 2643 4228 ex
2659 4176 2921 4241 Aristoph.

704 4238 921 4288 —Conc.
950 4242 1069 4288 tom.
1091 4240 1157 4287 iv.
1183 4239 1297 4288 coll.
1314 4239 1614 4303 865—872.]
1861 4239 1987 4290 Rau.
2015 4241 2147 4305 993.]

771 4304 1157 4369 “[“Εντε’ταλται
1190 4303 1349 4352 τοίνυν
1394 4307 1581 4353 Κανδιδι
1568 4304 1708 4364 ιανὸς,
1745 4307 1772 4354 ὁ
1922 4313 1944 4345 5
1979 4305 2567 4370 [Conc.'1'rident.Sess.
2590 4308 2699 4357 in.
2702 4306 2923 4358 —Conc-

702 4366 1225 4430 μεγαλοπρεπέστατος
1249 4368 1396 4428 κόμης
1417 4372 1513 4418 τῶν
1542 4376 1772 4420 καθωσιω-
1859 4374 1982 4419 tom.
2004 4372 2107 4420 xiv.
2143 4372 2233 4421 col.
2259 4375 2372 4422 813.
2395 4372 2651 4422 D.—Sess.
2676 4388 2757 4422 xv.
2794 4372 2922 4422 ibid.

701 4434 855 4493 μένων
893 4433 1203 4493 δομεστίκων,
1228 4433 1342 4497 ἄχρι
1375 4436 1463 4492 τῆς
1485 4434 1625 4496 ἁγίας
1647 4436 1773 4495 casu
1858 4435 1950 4486 col.
1967 4439 2076 4486 832.
2094 4436 2328 4487 E.—835.
2346 4437 2604 4489 ,Λα-8888.
2618 4438 2768 4488 xviii.
2789 4436 2918 4489 ibid.

703 4498 921 4552 διαβῆναι
943 4495 1154 4545 συνόδου·
1170 4497 1249 4546 καὶ
1263 4496 1415 4556 μηδὲν
1434 4499 1527 4560 μὲν
1540 4518 1648 4550 ταις
1663 4519 1754 4564 περ
1757 4500 1772 4549 ὶ
1858 4501 1950 4551 col.
1976 4503 2083 4550 842.
2110 4501 2347 4552 E.--845.
2373 4500 2458 4564 Α]

702 4561 796 4605 τῶν
833 4557 1083 4619 δογμάτων
1117 4560 1386 4622 γινομέναις
1424 4562 1659 4624 ζητήσεσι
1680 4583 1770 4615 κοι·
1921 4574 1940 4595 ²
1978 4566 2153 4629 [Ovid.
2179 4566 2299 4616 Met.
2323 4567 2355 4616 i.
2383 4565 2520 4628 144]
