3165 4959
719 314 850 375 418
1345 330 1427 375 An
1467 327 1855 376 emmaus
1897 325 2295 374 summm

852 480 984 548 [liu]
1009 499 1058 533 x.
1088 482 1236 548 [cap]
1261 485 1338 534 28.
1378 520 1390 532 .
1432 520 1443 532 .
1479 521 1491 533 .
1545 482 1740 534 ‘Nemo
1762 482 1894 547 quod
1910 482 2094 532 tolerat
2113 485 2266 543 amat,
2284 482 2382 531 etsi
2404 481 2617 532 tolerare
2637 481 2807 536 amat?
2828 486 2932 532 otc.

850 565 1069 631 —[Bell.
1104 566 1253 629 Apol.
1288 580 1381 630 pro
1406 564 1578 629 Raep]
1612 578 1698 629 pp.
1727 567 1840 625 169,
1862 565 1973 615 170.
2014 562 2153 628 [Op.,
2187 567 2312 614 tom.
2337 563 2425 645 rii.
2463 563 2577 613 coll.
2599 564 2714 615 799.
2738 563 2937 623 B-D3

854 650 964 697 800.
989 646 1076 711 A.]

398 767 596 833 [Qualis
808 748 1022 812 Aliam
1055 749 1194 833 jam
1227 748 1348 812 sibi
1383 749 1481 831 (ut
1509 748 1647 832 ipse
1678 747 1857 829 dicit)
1894 745 2168 827 novam‘l,
2202 753 2268 811 et
2306 747 2565 830 quidem
2594 769 2631 811 e
2661 748 2935 813 cerebro

401 841 686 962 ‘gffigffiuffi
724 874 840 916 suo
874 860 1095 916 natam
1128 854 1501 916 calumniam
1536 851 2061 917 comminiscitur.
2153 853 2243 915 Et
2274 851 2686 916 Machabaeos
2718 852 2933 930 affert,

723 957 921 1020 etiam
967 956 1300 1021 Christum
1349 964 1415 1020 et
1464 957 1889 1040 Stephanum,
1941 962 2084 1019 tum
2131 955 2474 1039 Apostolos
2519 955 2819 1035 Paulum,
2860 964 2936 1020 ct

725 1061 1013 1123 Petrum.
1099 1061 1422 1126 Quorsum
1453 1059 1716 1123 autem?
1761 1060 1955 1121 Posse
1982 1060 2056 1121 id
2082 1060 2351 1122 tolerare
2378 1061 2744 1141 quempiam,
2766 1061 2942 1142 quod

725 1185 847 1227 non
876 1172 1040 1227 amet
1056 1191 1078 1238 ;
1123 1185 1235 1228 nec
1270 1165 1475 1227 amitti
1492 1164 1894 1245 patientiam,
1926 1162 1980 1227 si
2010 1163 2151 1247 quis
2179 1162 2442 1227 liberius
2474 1164 2628 1247 quid
2657 1163 2831 1227 dicat
2861 1164 2938 1227 in

727 1270 1212 1352 PersequenteS.
1303 1269 1547 1332 Praeter
1598 1289 1736 1331 rem
1784 1267 2021 1331 omnia.
2110 1267 2288 1330 Nam
2340 1266 2483 1349 quis
2539 1266 2607 1329 id
2666 1269 2937 1351 negavit

725 1374 1050 1455 unquam?
1126 1372 1428 1436 offundit
1467 1371 1573 1434 hic
1604 1392 1757 1454 ergo
1797 1370 2160 1454 caliginem,
2191 1370 2422 1433 deinde
2464 1369 2537 1433 in
2567 1392 2643 1434 ea
2674 1392 2743 1434 se
2775 1370 2937 1435 sub-

725 1475 903 1540 ducit
949 1476 1304 1561 quaestioni.
1398 1476 1601 1559 Cujus
1639 1475 1695 1537 is
1735 1474 1997 1538 demum
2046 1482 2289 1537 status:
2336 1476 2467 1553 An,
2514 1474 2568 1536 si
2614 1474 2937 1558 Gregorio

723 1580 931 1663 primo
960 1581 1127 1643 vires
1172 1579 1548 1656 adfuissent,
1585 1578 1970 1662 Gregorium
2000 1578 2163 1642 VII.
2196 1576 2449 1661 egisset,
2482 1585 2548 1641 et
2578 1585 2654 1641 ut
2688 1579 2933 1642 Henri-

725 1706 874 1749 cum
912 1685 1057 1764 iste,
1089 1685 1178 1748 sic
1220 1684 1329 1747 ille
1374 1682 1761 1748 Mauritium
1790 1683 2125 1745 Dominum
2161 1682 2284 1765 (uti
2328 1704 2477 1746 eum
2523 1704 2775 1766 semper
2817 1705 2933 1767 ap-

724 1789 944 1871 pellat)
993 1810 1170 1851 suum
1199 1788 1563 1851 habuisset:
1633 1787 1723 1849 Et
1753 1785 1864 1870 qui
1905 1784 2482 1869 Longobardorum
2527 1786 2744 1866 duceS,
2777 1808 2931 1851 cum

724 1891 794 1954 id
834 1899 1068 1974 posset,
1100 1912 1237 1955 non
1282 1890 1562 1970 sustulit,
1602 1913 1707 1968 an,
1748 1897 1822 1953 ut
1868 1889 2184 1954 Caesarem
2228 1897 2691 1970 exauctoraret,
2724 1892 2931 1972 cujus-

726 2015 909 2076 quam
938 2015 1004 2057 se
1038 1996 1106 2056 in
1136 1996 1435 2076 sanquine
1473 1994 1869 2056 miscuisset‘.
1963 1993 2109 2072 Vel,
2140 2000 2216 2057 ut
2249 1992 2328 2056 ab
2369 1993 2711 2078 hypothesi
2750 2001 2935 2057 tran-

726 2119 977 2161 seamus
1021 2097 1103 2161 ad
1139 2098 1400 2177 Thesin,
1433 2098 1543 2161 An
1581 2104 1846 2181 propter
1890 2096 2351 2161 conscientiam
2389 2096 2581 2161 officii
2625 2098 2726 2181 (ut
2752 2098 2935 2181 Apo-

727 2200 948 2282 stolus)
1001 2221 1086 2264 an
1129 2221 1278 2264 vero
1319 2206 1579 2282 propter
1631 2200 2094 2264 conscientiam
2137 2199 2595 2265 imbecillitatis
2648 2221 2784 2263 suae
2834 2201 2939 2284 (ut

670 2294 690 2313 ⁶
726 2303 1073 2387 Theologia
1119 2302 1474 2368 Cardinalis
1524 2305 1709 2386 nova)
1769 2303 2050 2387 paritum
2107 2303 2260 2367 olim
2308 2302 2521 2381 fuerit,
2575 2304 2935 2386 parendum

728 2407 918 2471 hodie
963 2407 1046 2470 sit
1087 2406 1338 2471 homini
1381 2406 1768 2471 Christiano.
1858 2407 1968 2470 An
2009 2427 2126 2490 pro
2169 2405 2400 2469 virium
2444 2407 2542 2470 vel
2587 2407 2789 2490 copia,
2826 2408 2940 2471 vel

727 2511 1002 2590 defectu,
1033 2508 1426 2574 manendum
1455 2508 1683 2593 cuique
1712 2509 1784 2572 in
1811 2509 2051 2573 officio:
2100 2518 2165 2573 et
2195 2509 2275 2572 ad
2306 2509 2739 2574 obedientiam
2767 2532 2937 2594 prae-

730 2613 1026 2676 standam
1064 2613 1407 2696 pensandae
1435 2611 1621 2690 vires,
1654 2633 1795 2694 quae
1835 2612 1890 2674 si
1922 2612 2075 2675 satis
2103 2612 2330 2676 validae
2368 2613 2519 2691 sint,
2551 2613 2801 2677 arbitrii
2832 2615 2935 2677 sui

731 2717 832 2794 sit,
881 2739 964 2780 an
997 2738 1218 2800 parere
1257 2718 1395 2800 jam
1429 2715 1584 2778 velit
1598 2716 1628 2778 ¹?
1676 2714 1776 2777 sin
1814 2714 2048 2792 minus,
2086 2736 2345 2780 necesse
2389 2716 2623 2780 habeat
2661 2717 2941 2781 fraenum

731 2819 1039 2897 mordere,
1086 2827 1171 2899 et,
1215 2818 1330 2883 ubi
1389 2818 1575 2882 aliter
1631 2827 1926 2900 nequeat,
1975 2840 2195 2900 parere
2254 2841 2366 2902 per
2412 2820 2561 2899 vim,
2611 2842 2744 2885 non
2802 2829 2939 2884 tam

730 2923 1024 3001 libenter,
1076 2945 1268 3006 quam
1313 2922 1689 2988 necessario.
1777 2922 1878 2985 Ac
1921 2943 2038 2985 nos
2082 2923 2361 3006 quidem,
2405 2924 2775 2990 Christiano
2821 2926 2941 2990 ho·-

730 3026 904 3090 mine
948 3026 1289 3109 indignum
1333 3046 1685 3105 censemus,
1716 3024 1956 3090 velitne
1998 3047 2220 3109 parere
2260 3048 2343 3090 an
2380 3028 2564 3108 nolit,
2602 3029 2937 3093 consulere

728 3129 997 3192 lacertos
1039 3149 1225 3192 suos:
1271 3129 1401 3191 sint
1440 3130 1604 3192 vires
1635 3130 1712 3209 ei,
1746 3150 1930 3211 quam
1957 3130 2127 3193 voles
2169 3130 2438 3211 eximiae,
2469 3132 2676 3196 nihilo
2717 3133 2936 3196 minus

731 3231 1188 3314 obsequentem
1217 3231 1370 3310 fore,
1402 3253 1595 3316 quam
1626 3233 1680 3295 si
1721 3232 1939 3296 accisae
1968 3233 2210 3296 fuerint
2238 3234 2338 3298 vel
2365 3234 2663 3299 maxime.
2755 3237 2933 3300 Nam

732 3335 844 3399 ubi
887 3335 1146 3400 demum
1174 3335 1390 3398 fractae
1417 3335 1601 3415 vires,
1631 3344 1859 3418 parent
1891 3337 1990 3401 vel
2032 3336 2352 3421 mancipia
2392 3339 2677 3417 Tunica,
2709 3349 2939 3423 parent

734 3440 830 3503 vel
875 3441 1187 3504 Latrones
1228 3439 1368 3521 ipsi,
1410 3440 1718 3522 quamdiu
1768 3440 2025 3522 quidem
2065 3441 2307 3505 viribus
2358 3441 2632 3525 impares
2679 3464 2747 3507 se
2793 3464 2939 3507 sen·

732 3544 940 3608 tiunt:
989 3544 1099 3607 ubi
1133 3565 1334 3628 pareS,
1368 3544 1563 3607 semel
1594 3543 1839 3606 diutius
1883 3566 2015 3608 non
2054 3545 2342 3627 parituri.
2431 3548 2521 3610 Et
2563 3568 2781 3610 annon
2813 3548 2939 3610 alia

731 3648 902 3713 inter
930 3648 1347 3726 Christianos,
1381 3669 1572 3730 quam
1610 3648 1779 3710 inter
1810 3647 2143 3727 Latrones,
2176 3648 2517 3714 obediendi
2556 3652 2768 3715 ratio?
2816 3672 2941 3715 nec

732 3773 911 3815 secus
941 3752 1029 3830 hi,
1063 3773 1253 3835 quam
1294 3752 1408 3830 illi,
1440 3772 1661 3833 parere
1690 3753 2074 3815 teneantur?
2150 3753 2294 3816 Nec
2329 3753 2395 3816 id
2424 3775 2576 3838 ergo
2607 3755 2938 3838 quaeritur,

732 3876 814 3917 an
843 3855 1165 3938 peccarint
1194 3856 1264 3917 in
1294 3876 1389 3931 e0,
1415 3853 1626 3937 siquid
1654 3853 1917 3918 liberius
1946 3854 2273 3919 interdum
2301 3857 2518 3935 locuti,
2543 3864 2655 3921 aut
2672 3866 2944 3940 propter

713 3959 1035 4038 justitiam
1066 3958 1557 4039 persecutionem
1589 3957 1771 4037 patiss
1815 3976 1882 4019 se
1925 3959 2267 4022 contestati
2312 3960 2475 4025 sint:
2522 3962 2666 4024 Nec
2713 3961 2780 4023 id
2821 3984 2942 4026 nos

732 4062 1079 4144 culpamus,
1111 4082 1229 4124 nec
1256 4060 1404 4124 laedi
1433 4059 1704 4123 dicimus
1744 4059 1814 4121 in
1842 4081 1938 4137 eo,
1969 4061 2069 4124 vel
2099 4062 2526 4142 humilitatem,
2556 4064 2656 4127 vel
2682 4067 2945 4145 patien-

733 4168 903 4229 tiam.
997 4165 1077 4229 Id
1124 4164 1414 4242 dicimus,
1464 4164 1871 4245 quantumvis
1920 4186 1958 4227 a
2003 4164 2246 4228 viribus
2294 4165 2591 4230 instructi
2639 4168 2943 4246 fuissent,

801 4351 824 4381 ⁶
859 4350 1006 4415 [Bell.
1035 4350 1182 4413 Apol.
1217 4366 1307 4414 pro
1345 4349 1441 4400 Res
1480 4348 1514 4413 .]
1545 4350 1601 4399 in
1632 4365 1794 4414 marg.
1947 4351 1964 4382 ‘
1998 4351 2072 4416 [S.
2092 4353 2223 4415 Aug.
2243 4354 2382 4402 Conf.
2408 4355 2493 4403 lib.
2518 4370 2566 4404 x.
2585 4370 2694 4419 cap.
2721 4359 2803 4407 28.
2831 4357 2945 4421 Op„

738 4429 785 4475 p.
808 4418 916 4464 168.
943 4415 1075 4479 [Op.,
1093 4423 1215 4464 tom.
1232 4416 1318 4464 vii.
1341 4365 1662 4477 001.299.13.]
1880 4420 2001 4465 tom.
2028 4417 2059 4466 i.
2084 4419 2178 4467 col.
2200 4420 2309 4468 312.
2338 4418 2394 4467 B.

805 4487 823 4508 θ
861 4479 930 4540 [S.
959 4479 1105 4539 Grcg.
1147 4479 1279 4540 Mag.
1317 4479 1404 4527 lib.
1441 4480 1506 4528 iv.
1547 4480 1659 4529 Ind.
1699 4481 1790 4530 xii.
1943 4491 1966 4521 Ι
2002 4481 2211 4545 [Matth.
2236 4498 2280 4531 v.
2306 4487 2382 4532 10.

741 4539 897 4601 Epist.
924 4543 1063 4589 xlvii.
1088 4543 1200 4603 Op„
1222 4548 1344 4591 tom.
1364 4545 1414 4592 ii.
1438 4543 1529 4592 col.
1556 4545 1666 4595 726.
1696 4546 1786 4607 A.]
