3165 4959
727 313 768 373 3
786 315 801 373 ι
816 314 857 372 8
1358 325 1444 373 n>
1489 326 1872 375 emmaus
1916 329 2314 378 sumnum

727 481 892 565 quod
927 481 1037 559 sic,
1070 481 1307 564 pabulo
1335 482 1654 565 neglecto,
1686 484 2053 563 accurrerit,
2092 484 2266 568 quod
2294 491 2433 549 tam
2460 485 2797 550 humiliter
2827 485 2944 551 de·

722 584 1047 649 votionem
1077 584 1457 664 exhibuerit,
1493 586 1667 669 quod
1696 595 1834 650 tam
1864 586 2273 671 disciplinate
2302 589 2579 653 membra
2608 591 2897 654 moverit.

790 737 933 788 Idem
959 739 1097 787 enim
1121 738 1257 788 Deus
1279 738 1413 797 fecit,
1449 774 1461 787 .
1488 776 1501 788 .
1525 776 1537 788 .
1572 739 1663 802 qui
1695 738 1815 789 fecit
1847 743 1906 788 ut
1927 754 2088 789 ηοω
2121 739 2239 789 fcrae
2265 739 2381 805 [leq.
2406 741 2570 805 soetae]
2596 747 2648 793 et
2671 743 2947 795 indomite

854 820 1077 871 dimissis
1120 821 1296 871 vitulis
1342 822 1452 871 sine
1501 821 1608 871 ullo
1658 821 1866 871 Rectore
1914 836 2083 872 arcam
2136 822 2234 871 Dei
2292 821 2402 887 [leq.
2456 822 2688 889 Domini]
2734 825 2946 877 ferrent.

856 905 882 951 1
908 902 1029 966 Beg.
1053 902 1337 969 vt-[Beu.
1357 903 1509 967 Apol.
1530 918 1622 967 pro
1641 901 1811 967 Resp]
1835 917 1883 967 p.
1909 905 2019 955 183.
2069 904 2210 968 [Op.,
2232 909 2360 955 tom.
2382 905 2468 954 vii.
2494 905 2587 956 col.
2606 907 2718 958 779.
2745 907 2840 972 D.]

400 1032 477 1098 [in
498 1034 661 1084 vaccis
833 1018 960 1083 Sed
1018 1041 1138 1083 nec
1198 1020 1503 1083 indomita
1560 1020 1751 1102 Equa
1811 1019 1968 1097 haec,
2032 1028 2109 1083 ut
2179 1021 2398 1084 Vaccae
2429 1046 2453 1086 .·
2531 1044 2658 1106 quo
2716 1024 2945 1089 minus

396 1099 665 1229 ffiffiufg]
725 1122 981 1187 mirum.
1075 1122 1376 1186 Vidimus
1420 1124 1592 1187 enim
1639 1122 2168 1187 condocefactum
2209 1124 2316 1188 hic
2346 1125 2517 1207 apud
2547 1145 2666 1189 nos
2695 1148 2943 1210 equum

725 1225 935 1304 multi,
970 1226 1079 1309 qui
1124 1226 1308 1308 signo
1355 1225 1524 1304 dato,
1566 1225 1646 1289 de
1688 1225 1982 1307 genibus,
2016 1247 2466 1311 quemcunque
2508 1228 2834 1293 innuisset
2882 1233 2944 1294 ei

727 1329 1069 1406 DominuS,
1101 1327 1437 1391 confestim
1482 1328 1828 1407 adorasset,
1861 1329 2024 1392 citra
2057 1336 2278 1392 tamen
2307 1330 2692 1394 miraculum
2722 1353 2939 1397 omne.

484 1432 615 1495 230
730 1431 925 1496 Ibant
968 1434 1184 1497 Vaccae
1220 1455 1432 1497 arcam
1466 1433 1766 1511 ferentes,
1798 1433 1984 1497 ibant
2030 1434 2272 1497 relictis
2300 1433 2518 1497 vitulis
2555 1434 2687 1498 suis
2726 1437 2941 1519 mugi-

728 1546 932 1614 entes,
963 1536 1146 1600 ibant
1176 1544 1372 1616 recta,
1404 1558 1525 1600 nec
1556 1538 1803 1599 domitae
1833 1543 2076 1615 tamen,
2108 1557 2229 1599 nec
2261 1537 2465 1600 doctae
2493 1538 2682 1600 viam.
2748 1540 2943 1603 Nihil

726 1639 835 1703 hic
895 1640 1200 1703 doctrinae
1261 1639 1674 1718 contrarium,
1734 1639 1899 1703 nihil
1956 1640 2081 1703 nisi
2137 1638 2331 1704 verbo
2392 1641 2518 1705 Dei
2576 1662 2938 1725 congruum

726 1742 1035 1826 inprimis.
1125 1744 1443 1807 Naturam
1493 1764 1835 1826 quamque,
1888 1742 1991 1806 vel
2038 1743 2412 1820 belluinam,
2462 1743 2653 1827 dirigi
2703 1744 2787 1808 ab
2838 1767 2937 1825 eo,

730 1846 839 1928 qui
882 1856 1130 1909 naturae
1179 1867 1313 1908 suae
1364 1845 1597 1929 cuique
1645 1853 1868 1909 auctor
1916 1851 2034 1909 est.
2125 1846 2389 1909 Monuit
2434 1854 2654 1910 autem
2701 1868 2799 1925 e0,
2837 1850 2941 1913 vel

728 1949 1033 2012 Israelem
1068 1950 1284 2032 ipsum
1324 1949 1516 2033 (quod
1561 1948 1834 2012 totidem
1877 1970 2042 2031 pene
2072 1949 2282 2013 verbis
2315 1951 2621 2032 expressit
2654 1952 2937 2035 Esaias),

723 2055 926 2116 Boves
956 2073 1337 2135 cognoscere,
1370 2072 1734 2134 cognoscere
1777 2058 1839 2115 et
1880 2053 2090 2114 asinos
2120 2072 2402 2133 proesepe
2430 2052 2686 2115 Domini
2714 2056 2837 2132 sui,
2871 2062 2938 2117 at

722 2158 882 2234 illae,
941 2159 1198 2237 stirpem
1255 2154 1586 2236 infelicem,
1647 2156 1850 2218 Deum
1906 2156 2111 2217 vivum
2164 2175 2515 2236 supremum
2574 2156 2872 2239 iynorare
2896 2162 2935 2223 ἴ.

723 2259 866 2324 Nec
901 2259 996 2324 ire
1029 2281 1154 2343 quo
1196 2259 1416 2343 dirigit
1431 2284 1452 2337 3
1498 2279 1647 2322 cum
1691 2259 1909 2321 Vaccae
1938 2266 2159 2322 tamen
2204 2266 2380 2322 recta
2421 2267 2594 2339 eant,
2626 2260 2710 2324 ad
2741 2261 2938 2326 desti-

722 2371 953 2427 natum
982 2385 1021 2426 a
1051 2365 1193 2428 Deo
1222 2365 1408 2426 Arete
1435 2362 1672 2425 locum.
2163 2370 2176 2379 ⁴

784 2517 853 2568 Bt
869 2519 956 2582 qui
979 2518 1114 2578 fecit,
1129 2522 1190 2567 ut
1202 2518 1497 2582 jumentum
1520 2556 1531 2567 .
1550 2556 1561 2567 .
1580 2554 1593 2566 .
1618 2516 1890 2582 aliquando
1911 2517 2213 2580 loqueretur,
2230 2522 2283 2567 et
2299 2517 2567 2582 Prophetoe
2581 2519 2934 2582 insipientiam

850 2600 1183 2663 redargueret.
1227 2600 1383 2651 Num.
1407 2598 1764 2665 xxii—[Bell.
1789 2598 1940 2662 Apol.
1964 2614 2056 2663 pro
2088 2598 2264 2663 Besa]
2303 2614 2354 2663 p.
2378 2602 2489 2651 183.
2533 2600 2673 2664 [Op.,
2695 2606 2821 2652 tom.
2844 2603 2936 2651 vii.

850 2683 942 2733 col.
969 2684 1078 2736 779.
1106 2681 1197 2746 D.]

419 2796 473 2844 ¹¹¹
495 2796 636 2846 asino
813 2799 944 2863 Sed
1000 2819 1211 2881 neque
1271 2797 1627 2862 secundum
1688 2797 1768 2860 de
1814 2797 2020 2859 Asina
2068 2796 2390 2878 quadrat;
2465 2795 2831 2879 quadraret,
2881 2796 2934 2859 si

394 2861 694 2976 'ling-lamma
721 2902 823 2967 vel
865 2903 1172 2984 Anyelum
1213 2903 1538 2964 adorasset
1580 2901 1807 2978 Asina,
1839 2899 2006 2962 sicut
2046 2900 2232 2981 Equa
2254 2927 2274 2962 .-
2320 2899 2425 2962 vel
2461 2899 2650 2980 Equa
2691 2900 2932 2976 locuta,

396 2991 619 3057 quente,]
721 3006 890 3069 sicut
947 3006 1172 3083 Asina,
1232 3005 1686 3068 haereticorum
1757 3002 2278 3066 incredulitatem
2337 3003 2671 3086 arguisset.
2796 3003 2933 3067 Ubi

719 3116 960 3185 tamen,
1015 3108 1217 3171 nimio
1268 3107 1413 3190 plus
1471 3107 1701 3171 tribuit
1765 3107 2121 3171 Cardinalis
2179 3106 2394 3187 Equae,
2445 3128 2639 3189 quam
2694 3107 2931 3170 Asinae.

718 3211 934 3273 Aeinoe
964 3218 1063 3273 sat
1095 3218 1251 3288 erat,
1278 3210 1328 3272 si
1361 3217 1692 3292 aryueret;
1739 3210 1941 3292 Equae
1971 3217 2207 3286 autem,
2241 3229 2373 3273 non
2403 3208 2472 3272 id
2503 3209 2685 3285 satis,
2708 3208 2838 3273 nisi
2867 3219 2932 3272 et

721 3315 1154 3395 triumpharet,
1202 3312 1440 3376 mirum
1493 3321 1733 3390 autem,
1779 3313 1851 3376 ni
1902 3320 1969 3377 et
2020 3312 2094 3375 Io
2138 3313 2334 3375 Paean
2377 3317 2568 3375 canat
2621 3311 2932 3376 miraculo

719 3417 872 3481 huic
901 3417 1100 3500 Equae
1144 3417 1607 3498 triumphantis.
1699 3416 1950 3481 Mirum
1985 3423 2223 3493 autem,
2257 3414 2428 3497 quod
2471 3415 2564 3477 sic
2605 3414 2703 3495 (ut
2733 3422 2833 3477 est
2861 3416 2933 3480 in

718 3520 961 3604 fabula)
1018 3528 1321 3585 venerata
1361 3522 1522 3603 jam,
1571 3541 1704 3583 non
1751 3526 1819 3582 et
1878 3518 2154 3603 gustarit
2207 3518 2287 3581 de
2346 3539 2423 3582 ea
2480 3518 2931 3601 pauxillulum,

719 3625 1075 3708 praesertim
1122 3646 1272 3688 cum
1309 3624 1537 3708 jejuna
1588 3627 1756 3687 esset
1806 3631 1892 3699 et,
1944 3620 2115 3704 quod
2165 3621 2377 3703 majus
2437 3631 2557 3699 est,
2612 3621 2929 3684 famelica.

723 3727 968 3794 Quidni
1015 3739 1233 3793 autem
1290 3727 1361 3792 id
1409 3727 1600 3790 detur
1656 3725 1974 3807 liceatque
2024 3724 2221 3805 Equae
2279 3723 2431 3787 huic
2490 3725 2931 3806 triumphanti,

721 3831 895 3914 quod
934 3852 1099 3914 saepe
1141 3838 1541 3914 compertum
1572 3834 1674 3891 est
1704 3828 1895 3891 licere
1924 3829 2089 3890 muri
2121 3827 2520 3907 trepidanti?
2607 3828 2702 3890 At
2736 3827 2935 3909 (quod

720 3941 858 3998 erat
887 3934 1171 3999 instituti
1201 3933 1424 4016 divini)
1450 3933 1516 3996 in
1538 3933 1746 3995 Asina
1776 3933 2076 4012 loquente,
2099 3929 2410 3993 habemus
2439 3930 2510 3992 in
2540 3930 2682 4012 ipso
2710 3929 2930 3994 verbo.

721 4039 956 4102 Petrus
972 4047 1002 4076 ¹¹
1032 4036 1207 4101 enim
1238 4037 1578 4101 consilium
1605 4035 1730 4098 Dei
1760 4033 2054 4117 explicat,
2079 4034 2149 4096 in
2178 4034 2393 4096 Asina?
2423 4053 2532 4096 ore
2563 4032 2932 4116 aperiendO,

718 4150 793 4206 ut
825 4141 986 4205 illud
1017 4142 1159 4205 sine
1190 4139 1387 4204 dubio
1417 4160 1549 4204 non
1571 4138 1770 4202 fuerit
1800 4137 2108 4202 doctrinae
2138 4135 2554 4201 contrarium.

783 4276 851 4325 Et
883 4277 971 4339 qui
995 4276 1120 4327 Ceto
1154 4274 1432 4334 mandavit,
1463 4278 1521 4324 ut
1548 4273 1580 4323 J
1585 4289 1733 4323 onam
1757 4309 1769 4322 .
1795 4309 1807 4323 .
1833 4310 1845 4323 .
1874 4308 1884 4320 .
1911 4276 2177 4323 evomeret.
2210 4272 2245 4321 J
2248 4287 2326 4322 on.
2353 4270 2637 4335 ii.—[Bell.
2662 4272 2814 4336 Apol.
2837 4287 2931 4336 pro

844 4357 1019 4422 Resp.]
1045 4373 1093 4422 p.
1122 4359 1231 4408 134.
1264 4357 1404 4420 [Op.,
1426 4361 1546 4406 tom.
1572 4355 1660 4403 vii.
1685 4355 1778 4405 col.
1802 4354 1913 4406 779.
1939 4354 2030 4416 D.]

978 4551 992 4578 ²
1027 4548 1109 4596 Es.
1138 4549 1169 4596 i.
1198 4553 1243 4597 3.
2130 4552 2151 4574 “·
2187 4546 2216 4594 2
2243 4542 2350 4593 Pet.
2373 4542 2429 4592 ii.
2454 4545 2531 4591 16.
