3165 4959
962 373 1330 423 stomoma
1372 372 1739 421 nnsPoNsm.
1795 445 1797 448 v
2328 354 2457 420 169

242 526 581 611 premebat
627 526 796 610 apud
834 548 901 590 se
945 527 1017 590 in
1062 527 1322 605 chartis,
1353 548 1474 591 nec
1514 528 1618 590 edi
1653 547 1879 609 passus
1918 522 2071 587 esth.
2184 523 2273 585 Et
2320 522 2460 586 haec

245 631 528 714 suspicio
556 653 689 695 non
720 639 836 694 est.
929 631 1351 714 Quaecunque
1382 630 1554 694 enim
1586 628 1791 692 libelli
1818 627 1993 691 illius
2022 634 2278 710 reperta
2307 633 2461 689 sunt

247 734 657 819 exemplaria,
687 734 760 797 in
801 735 1014 798 fronte
1057 734 1181 797 hoc
1224 734 1443 797 ferunt
1484 733 1720 811 omnia,
1750 754 1884 796 non
1919 730 2048 795 nisi
2076 737 2317 794 mortuo
2349 729 2458 793 de-

244 860 431 901 mum
486 839 848 901 Constantio
898 838 1111 901 lucem
1161 836 1494 920 aspexisse.
1606 836 1942 914 Batonius,
1995 825 2221 899 contra
2266 832 2460 896 fidem

246 941 715 1025 exemplarium
761 941 1073 1019 omnium,
1123 940 1534 1004 Cardinalem
1582 940 1736 1022 agit,
1793 937 2068 1022 (quoties
2115 958 2262 1000 vero
2312 936 2381 999 id
2397 937 2453 1017 ‘?)

251 1045 385 1108 Sed
415 1054 482 1109 et
511 1046 637 1108 alia
665 1046 891 1124 multa,
925 1052 992 1109 et
1019 1044 1144 1109 hoc
1175 1065 1324 1108 cum
1355 1044 1513 1123 aliis,
1545 1051 1816 1129 reponat
1849 1043 1991 1126 quis
2018 1042 2192 1105 inter
2213 1041 2460 1103 Errata

250 1150 397 1232 ejus
429 1147 818 1211 Cardinalia.
1699 1147 1706 1156 “

318 1283 529 1332 Possent
549 1282 670 1332 addi
696 1297 801 1332 non
833 1282 1105 1332 dissimilia
1139 1319 1151 1331 .
1184 1317 1198 1332 .
1235 1318 1248 1332 .
1283 1298 1347 1333 ex
1370 1282 1520 1345 Greg.
1538 1281 1875 1340 Nazianzenm
1899 1285 1951 1331 et
1974 1280 2079 1345 [ex]
2112 1279 2460 1345 aliia—[Bell.

386 1364 536 1427 Apol.
558 1377 651 1427 pro
674 1363 844 1428 Resp.]
868 1379 917 1428 p.
942 1367 1021 1415 52.
1057 1363 1191 1428 [Op.,
1213 1368 1335 1413 tom.
1360 1365 1445 1414 vii.
1469 1364 1562 1414 col.
1582 1363 1699 1415 734.
1716 1362 1801 1426 A]

337 1466 440 1529 De
469 1466 882 1529 Nazianzeno
901 1470 921 1494 ²
951 1465 1078 1528 alia
1106 1486 1210 1529 res
1236 1473 1355 1529 est.
1455 1464 1910 1528 Foedissimum
1939 1465 2327 1546 Apostatam
2361 1463 2461 1544 (nt

257 1590 378 1652 par
422 1570 579 1649 erat)
629 1568 880 1651 punxit,
918 1590 1143 1632 verum
1189 1576 1256 1633 et
1299 1576 1609 1632 mortuum
1649 1570 1807 1653 jam,
1854 1588 2002 1631 cum
2052 1565 2462 1651 resipiscendi
2578 1567 2703 1630 129

261 1693 405 1756 spes
434 1672 647 1736 nulla:
694 1680 761 1736 et
784 1671 1017 1752 orbum,
1050 1693 1198 1735 cum
1228 1678 1516 1755 posteros
1545 1693 1677 1736 non
1711 1670 2000 1750 haberet,
2034 1691 2193 1754 quos
2223 1669 2463 1733 alienos
2491 1672 2788 1786 {IS-&Greg-

260 1797 339 1838 eo
367 1774 540 1838 facto
568 1781 786 1857 posset
814 1774 1101 1838 reddere.
1178 1772 1489 1859 Cyrinus*
1519 1783 1758 1854 autem,
1782 1774 2172 1858 octogesimo
2203 1774 2465 1837 demum
2490 1743 2697 1864 (yffi-'10⁰¹'

261 1899 436 1941 anno
463 1887 629 1961 post,
662 1877 742 1941 ad
775 1878 816 1941 J
818 1876 1021 1940 uliani
1051 1877 1289 1961 scripta
1321 1878 1689 1961 respondit:
1736 1899 1860 1942 nec
1887 1878 2012 1941 nisi
2041 1876 2303 1941 redacto
2325 1878 2464 1959 jam
2490 1866 2792 1927 Alamos

260 1982 333 2044 in
362 1981 693 2064 pulverem
736 1981 778 2043 J
781 1980 1020 2044 uliano.
1114 1982 1202 2044 Et
1242 1981 1474 2044 horum
1502 1988 1778 2065 uterque
1809 1981 1981 2064 quod
2008 1979 2183 2059 fecit,
2215 1979 2296 2042 ad
2326 1931 2728 2054 1131113111131ιί1113(ιέι

262 2085 448 2148 1111111.
555 2085 700 2148 Nec
759 2084 933 2148 enim
990 2084 1164 2148 inter
1220 2087 1431 2168 Reges
1490 2086 1880 2148 Christianos
1940 2084 2259 2163 Julianus,
2320 2104 2466 2148 osor
2489 2059 2656 2174 352⁰}
2678 2074 2793 2111 ⁸¹¹⁰*

269 2189 526 2268 Christi,
558 2194 625 2251 et
654 2188 1001 2270 Religioni-9
1037 2189 1427 2253 Christianae.
2491 2187 2653 2251 runa]

353 2291 503 2357 Quo
532 2312 682 2355 vero
710 2290 990 2355 redeunt
1033 2291 1173 2355 haec
1193 2292 1223 2354 Ρ
1293 2292 1567 2375 Nempe,
1610 2299 1687 2355 ut
1730 2292 2046 2374 Pontifici,
2091 2313 2241 2356 cum
2269 2292 2463 2371 volet,

261 2395 453 2458 liceat
499 2396 787 2476 Principi
832 2395 1192 2477 cuicunque
1231 2394 1506 2459 haeresin
1549 2396 1926 2479 impingere.
2016 2397 2170 2460 Post
2224 2404 2463 2473 autem,

262 2510 339 2563 ut
368 2501 508 2564 sine
536 2508 693 2564 nota
722 2501 937 2584 aliqua
964 2500 1346 2579 insolentiae,
1382 2500 1831 2564 Cardinalibus
1873 2500 2064 2564 liceat
2102 2501 2366 2584 impune
2395 2499 2467 2562 in

264 2625 375 2667 eos
435 2601 833 2667 debacchari.
926 2603 1007 2666 Id
1067 2603 1242 2666 enim
1299 2602 1565 2666 tandem
1617 2602 1756 2665 vult
1818 2602 2027 2666 dicere
2088 2602 2469 2679 cardinalia,

265 2705 623 2790 pepercisse
690 2726 759 2769 se
819 2705 987 2789 Regi
1056 2704 1374 2783 nonnihil,
1450 2724 1600 2767 cum
1673 2724 1795 2766 non
1874 2704 2276 2781 Castola-um,
2351 2724 2474 2766 non

271 2810 699 2874 Christianum
758 2808 1047 2872 diceret:
1126 2808 1359 2871 saltem
1418 2807 1474 2870 si
1531 2828 1665 2870 non
1710 2807 2082 2888 pepercerit,
2136 2827 2357 2869 novum
2406 2807 2476 2869 in

265 2913 560 2975 Ecclesia
604 2934 727 2975 non
766 2932 899 2975 esse
939 2911 1194 2994 linguas
1238 2911 1307 2973 in
1344 2911 1663 2974 Caesarem
1705 2911 1944 2988 laxare,
1975 2910 2214 2992 Reyum
2257 2914 2474 2973 autem

266 3015 339 3078 in
369 3014 595 3079 eadem
623 3037 792 3079 urna
820 3036 969 3079 cum
1001 3016 1251 3078 Caesare
1282 3021 1488 3079 sortes
1520 3034 1680 3078 esse.

1232 3130 1249 3155 1¹·

332 3186 357 3220 ὃ
392 3187 550 3252 [vide
585 3188 793 3237 Dissert.
831 3187 1075 3249 praeviam
1108 3184 1333 3235 Editoris
1420 3184 1626 3244 0.,101.
1652 3184 1705 3236 0.
1730 3201 1847 3249 seq„
1883 3187 1992 3236 102.
2017 3184 2102 3250 D.]

265 3252 532 3303 Benedict.
566 3253 622 3301 in
652 3252 786 3301 hunc
817 3251 1022 3312 librum,
1056 3254 1198 3301 sectt.
1220 3250 1330 3299 xiii.
1484 3249 1508 3280 ‘¹
1541 3250 1639 3315 [Dc
1662 3251 1917 3301 Conviciis
1939 3253 1987 3302 S.
2005 3250 2117 3313 Cyr.
2141 3251 2405 3301 Ale1.inJ
2409 3251 2475 3301 ul.

267 3319 390 3377 xiv„
425 3317 474 3366 S.
514 3316 624 3366 Hil.
665 3316 791 3381 Iffict.
828 3317 939 3379 Op„
980 3319 1102 3365 tom.
1126 3314 1183 3364 ii.
1218 3315 1329 3364 coll.
1419 3313 1535 3365 vide
1572 3315 1760 3366 Contra
1789 3317 1894 3366 Jul.
1933 3316 2022 3366 lib.
2051 3317 2117 3366 iv.
2159 3315 2224 3365 ad
2262 3316 2395 3375 init„
2425 3320 2480 3365 et

268 3381 538 3446 5572560]
1420 3378 1507 3427 lib.
1521 3380 1628 3443 vii„
1662 3380 1772 3446 Op„
1796 3383 1995 3433 tom.vi.
2010 3396 2114 3447 par.
2130 3381 2184 3431 ii.
2207 3383 2398 3447 pp.1l4
2425 3384 2479 3430 et

334 3455 355 3478 θ
418 3444 546 3495 vide
582 3446 632 3495 S.
657 3445 803 3508 Greg.
835 3444 959 3494 Nar..
997 3443 1133 3494 Orat..
1156 3444 1231 3493 iii.
1259 3444 1329 3507 (in
1419 3443 1553 3507 224]

265 3511 299 3561 J
304 3512 369 3561 ul.
417 3511 466 3574 .),
488 3509 603 3574 Op„
625 3515 749 3561 tom.
773 3511 804 3560 i.
820 3523 906 3574 pp.
924 3510 1001 3562 76.
1022 3513 1086 3560 A.
1109 3524 1229 3574 seq„
1253 3512 1330 3559 84.
