3165 4959
934 340 1303 388 Aromman
1345 340 1710 388 RESPONSIO.
2343 327 2429 388 49

206 488 493 572 prolixas
512 491 816 554 Actiones
844 492 1183 576 interjecta
1213 500 1366 556 sunt
1388 518 1406 570 ;
1439 514 1559 556 nee
1590 494 1905 555 Canonum
1923 491 2052 556 vim
2083 492 2383 557 obtinent
2405 518 2425 570 ς

208 592 328 655 sed
367 614 552 656 nunc
592 594 713 672 his,
746 616 921 658 nunc
949 596 1095 673 illis,
1129 596 1335 660 obiter
1362 596 1533 659 inter
1563 595 2049 679 disceptandum
2081 596 2422 660 excidunt:

206 695 513 778 iniquum
546 705 720 759 esset
749 705 984 781 petere,
1014 707 1090 761 ut
1122 699 1374 781 singula
1405 697 1705 781 suscipiat
1737 698 1896 781 quiS,
1930 720 2049 762 nec
2087 699 2256 762 hanc
2304 700 2424 763 sibi

205 798 427 880 legem
489 799 851 862 Cardinalis
920 800 1093 883 (seio)
1157 801 1419 864 diceret.
1513 801 1761 866 Quanti
1814 810 2032 864 autem
2085 802 2248 865 illud
2299 811 2419 881 est,

209 902 388 984 quod
417 903 571 966 inde
606 903 849 987 profert
891 925 1007 987 per
1049 902 1315 990 ὕστερον
1343 901 1698 990 πρότερονῬ
1789 906 1944 968 Non
1981 912 2080 968 est
2128 906 2300 969 enim
2331 907 2423 970 ibi

209 1006 561 1087 quiequam
616 1007 939 1068 Statutum
985 1007 1108 1071 hac
1150 1007 1229 1070 de
1269 1028 1359 1085 re,
1410 1027 1487 1069 ex
1532 1008 1802 1070 Petrum
1836 1009 2101 1093 judicio,
2193 1010 2420 1075 Accla-

208 1109 414 1194 matio
463 1131 540 1172 ea
566 1117 827 1173 tantum
859 1118 974 1174 est.
1066 1111 1515 1174 Acclamatum
1546 1133 1694 1174 vero
1725 1112 1920 1174 etiam
1952 1113 2210 1196 paritati
2248 1115 2419 1178 Con-

210 1212 771 1296 stantinopolitani
839 1235 987 1277 eum
1063 1215 1376 1292 RomanO,
1430 1236 1471 1277 a
1528 1213 1830 1277 Patribus
1883 1216 1975 1278 ibi
2032 1217 2416 1281 universis‘:

212 1314 446 1395 quibus
487 1323 712 1381 tamen
757 1317 1055 1381 omnibus
1088 1314 1447 1383 cardinalis
1491 1319 1670 1401 (scio)
1706 1319 2103 1383 reclamabit.
2196 1322 2304 1385 Sic
2350 1343 2420 1384 se

208 1438 313 1479 res
360 1418 610 1482 habuit.
700 1421 807 1484 Ad
848 1421 1135 1485 Flaviani
1178 1422 1575 1486 mentionem
1621 1421 1830 1484 obiter
1870 1420 2127 1499 factam,
2170 1423 2303 1506 (qui
2348 1424 2418 1486 in

208 1522 539 1604 Ephesina
569 1525 867 1604 secunda,
898 1526 1242 1611 λῃστρικῇ,
1276 1546 1478 1589 eaesus
1526 1525 1756 1603 suerat,
1792 1524 1946 1587 dum
1987 1534 2214 1589 contra
2257 1528 2415 1592 Dio·
2486 1541 2502 1557 ⁹

209 1647 467 1690 ecorum
504 1628 633 1691 vim
682 1628 832 1691 fidei
881 1628 1224 1692 facientem
1261 1650 1326 1692 se
1374 1629 1747 1712 opponeret)
1785 1628 2207 1692 acclamatum
2246 1639 2343 1693 est
2379 1655 2418 1695 a

209 1728 538 1808 PatribuS,
563 1731 903 1793 Flavianus
920 1737 1069 1812 post
1098 1737 1357 1793 mortem
1384 1732 1558 1793 vivit.
1624 1731 1888 1811 Mar-tyr
1903 1752 2028 1812 pro
2059 1732 2232 1795 nobis
2262 1741 2413 1797 oret.

216 1832 352 1912 (Sic
394 1832 567 1895 enim
602 1832 798 1897 habet
834 1834 1054 1897 Editio
1095 1832 1454 1897 Cardinalis
1502 1832 1674 1916 prior
1695 1834 1733 1914 :)
1796 1834 2061 1914 Martyr
2080 1856 2207 1915 pro
2240 1837 2418 1899 nobis

205 1941 374 1999 orat.
455 1937 561 1999 Sic
589 1937 922 2019 posterior.
999 1937 1264 2017 Martyr
1278 1958 1404 2018 pro
1428 1938 1603 1998 nobis
1621 1939 1815 1999 orat?
1883 1937 2045 2001 Quis
2075 1938 2143 2000 id
2172 1940 2414 2021 negat?

209 2038 341 2101 Sed
390 2046 477 2117 et,
509 2040 775 2120 Mar-tyr
809 2061 935 2120 pro
976 2040 1153 2102 nobis
1198 2046 1351 2119 oret,
1385 2040 1541 2123 quid
1587 2040 1669 2103 ad
1712 2042 1895 2103 rem?
2016 2043 2251 2121 Optare
2291 2042 2415 2105 hoc

206 2143 471 2226 quidem
503 2153 619 2223 est,
652 2144 951 2208 Invocare
980 2167 1113 2208 non
1146 2152 1263 2223 est,
1303 2146 1473 2222 Oret,
1504 2153 1726 2207 votum
1760 2152 1875 2223 est,
1908 2166 2041 2207 non
2071 2145 2410 2209 Invocatio.

203 2248 451 2312 votum
515 2258 769 2313 autem:
833 2258 909 2314 ut
953 2259 1134 2334 optet
1193 2250 1336 2332 quis
1398 2249 1659 2328 scilicet,
1709 2249 1789 2312 de
1847 2249 2060 2332 aliquo
2121 2250 2296 2333 quid,
2342 2253 2414 2315 in

201 2353 472 2415 remotis
503 2361 756 2437 agente,
790 2375 907 2417 nee
939 2354 1091 2437 quid
1121 2362 1300 2437 optet
1331 2353 1635 2416 audiente
1675 2354 1878 2436 (quasi
1911 2355 1966 2416 si
1996 2354 2223 2434 dicam,
2255 2357 2412 2418 Car-

202 2457 439 2520 dinalis
489 2458 754 2537 desinat,
786 2458 1156 2541 priusquam
1189 2456 1460 2538 deficiat)
1496 2456 1635 2520 fieri
1671 2457 1740 2520 id
1786 2457 2047 2540 quidem
2076 2467 2310 2542 potest,
2342 2459 2413 2522 in

201 2582 382 2623 more
411 2562 694 2643 positum
724 2568 843 2638 est,
876 2582 994 2624 nec
1024 2560 1249 2642 religio
1279 2560 1413 2622 ulla
1440 2560 1729 2643 impedit.
1837 2562 2055 2624 Votum
2096 2562 2403 2645 (inquam)

200 2687 335 2729 non
365 2666 710 2728 InvocatiO.
759 2665 843 2727 In
867 2665 1175 2748 Legenda
1195 2672 1425 2742 vestra,
1450 2665 1736 2747 jactatus
1768 2666 1836 2727 in
1855 2666 2019 2727 mari
2051 2666 2191 2729 Rex
2226 2668 2410 2729 Hen-

198 2769 374 2831 rieus
421 2767 598 2851 gravi
653 2766 946 2850 procella,
998 2767 1071 2829 in
1116 2767 1286 2830 hane
1332 2786 1554 2830 vocem
1607 2767 1857 2849 erupit:
1914 2768 1968 2827 Ο
2017 2769 2075 2829 si
2119 2770 2413 2848 viyz'laret

197 2893 364 2934 nunc
396 2872 860 2934 Carthasiensis
888 2870 1093 2952 Huyo,
1127 2876 1188 2932 et
1229 2891 1347 2951 pro
1388 2870 1564 2932 nobis
1580 2890 1807 2950 preces
1823 2870 2191 2950 sanderetn.
2264 2873 2408 2935 Nee

197 2975 516 3039 invocavit
545 2983 768 3038 tamen
802 2975 1170 3057 Hugonem,
1199 2974 1310 3056 qui
1349 2981 1491 3037 tum
1535 2975 1606 3036 in
1646 2975 1821 3053 vivis»,
1855 2996 1928 3037 ac
1968 2976 2036 3037 in
2076 2977 2238 3039 cella
2266 2998 2402 3056 sua,

196 3080 331 3143 voti
358 3081 544 3163 Regii
574 3080 856 3162 ignarus·
924 3078 1123 3142 Aliud
1153 3100 1325 3160 erge,
1353 3078 1606 3141 Votum.-
1640 3079 1834 3157 aliud,
1871 3080 2184 3143 [avocatio
2206 3109 2224 3142 .·
2260 3103 2402 3164 quae

192 3192 337 3246 tum
364 3183 627 3245 demum
652 3182 744 3259 fit,
771 3203 918 3244 eum
944 3181 1121 3264 quasi
1147 3187 1531 3263 praesentem
1556 3181 1697 3263 quis
1716 3203 1995 3264 praesens
2020 3185 2395 3268 compellat;

194 3296 260 3351 et
290 3287 653 3372 orationem
682 3294 857 3350 recta
887 3286 969 3349 ad
999 3285 1371 3349 audientem
1402 3286 1640 3369 dirigit,
1677 3289 1848 3370 quod
1878 3289 2007 3353 fere
2033 3291 2106 3354 fit
2129 3292 2399 3354 vocandi

191 3413 387 3454 casu:
463 3391 594 3452 Ora
648 3389 912 3470 Martyr
944 3410 1070 3470 pro
1122 3388 1317 3453 nobis,
1407 3389 1913 3456 Intercessionem
1960 3393 2126 3456 forte
2162 3396 2396 3478 juvant

189 3495 349 3572 haec,
376 3515 573 3576 quam
597 3494 836 3574 accepit
858 3491 1251 3556 Cardinalis:
1284 3492 1742 3556 Invocationem
1772 3518 1903 3559 non
1926 3498 2178 3578 juvant,
2203 3519 2396 3580 quam

192 3602 331 3664 Rex
374 3598 576 3662 dedit.
666 3599 759 3661 At
808 3597 886 3660 de
933 3596 1062 3673 illa,
1114 3616 1293 3678 spem
1341 3596 1577 3661 bonam
1627 3598 1862 3662 habere
1914 3621 2074 3677 nos;
2122 3602 2201 3664 de
2253 3601 2393 3679 hae,

176 3709 562 3786 praeceplum
593 3701 719 3764 Dei
748 3723 880 3764 non
910 3700 1166 3777 habere,
1198 3701 1270 3762 in
1301 3700 1594 3765 confesso
1625 3709 1747 3765 est.

252 3830 321 3881 Et
365 3832 422 3879 in
464 3829 693 3892 Epistola
735 3828 1098 3892 Epist-operum
1144 3826 1358 3889 Europae
1400 3825 1465 3876 ad
1513 3826 1732 3876 Leonem
1778 3826 1962 3890 Imper‚
2009 3843 2126 3891 quse
2171 3833 2398 3892 tempore

314 3911 543 3975 ejusdem
569 3910 786 3958 Concilii
813 3910 1002 3972 scripta
1035 3911 1126 3958 est.
1199 3907 1611 3958 ‘Sanctissimum
1635 3923 1751 3957 vero
1776 3909 2059 3959 Protei-ium
2082 3912 2138 3959 in
2160 3910 2323 3960 Chore
2345 3918 2398 3960 et

316 3997 373 4043 in
396 3992 578 4043 ordine
615 3991 665 4040 S.
688 3990 970 4053 Martyrum
996 3991 1248 4054 ponimus,
1280 3994 1332 4039 et.
1362 3989 1470 4052 ejus
1499 3991 1910 4039 intercessionem
1939 3992 2313 4041 misericordem
2345 3999 2396 4041 et

245 4175 261 4202 ¹
297 4170 381 4234 [ot
417 4163 778 4222 εἰλαβέστατοι
810 4164 1062 4214 ἐπίσκοποι
1093 4165 1241 4226 336⁷,-
1330 4166 1466 4216 ensis
1516 4164 1671 4225 Hugo
1711 4177 1865 4221 meus,
1904 4165 1948 4212 si
1988 4166 2190 4214 secretis
2234 4164 2398 4212 inten-

182 4251 282 4284 σαν
324 4235 448 4290 αὕτη
481 4230 641 4280 δικαία
672 4232 846 4291 ψῆφος·
878 4230 1033 4279 ταῦτα
1067 4229 1245 4280 πάντες
1331 4230 1474 4279 deret
1496 4228 1647 4277 modo
1669 4229 1916 4291 precibuS,
1950 4230 1991 4277 si
2017 4244 2132 4277 eum
2156 4229 2393 4277 fratribus

182 4300 408 4360 λέγομεν·
468 4298 624 4344 ταῦτα
662 4297 813 4343 πᾶσιν
855 4292 1059 4355 ἀρέσκει.
1123 4293 1246 4354 αὕτη
1333 4297 1437 4343 suis
1459 4293 1650 4342 divinis
1685 4293 1952 4341 interesset
1974 4293 2165 4352 officiis,
2188 4308 2290 4341 non
2319 4294 2394 4343 iia

184 4364 337 4412 δικαία
356 4361 526 4422 κρίσις,
549 4379 592 4408 κ.
612 4378 657 4406 τ.
675 4357 935 4406 ἑ.-()οηο.
962 4359 1101 4408 Chal.
1132 4363 1245 4408 Aet..
1336 4361 1391 4408 in
1424 4360 1633 4418 longum
1670 4359 1770 4405 mei
1812 4356 2190 4407 oblivisceretur
2213 4357 2391 4406 θεων·

185 4427 504 4476 xvh—Cone.
540 4429 663 4473 tom.
684 4424 750 4472 iv.
786 4422 1007 4472 col.818.
1035 4425 1087 4473 C.
1118 4424 1236 4487 (ree·
1324 4423 1532 4485 Capgn]
1617 4421 1666 4469 N
1672 4436 1746 4469 ον.
1815 4421 2032 4482 Legend.
2110 4423 2262 4485 Angl.
2334 4424 2390 4472 in

187 4495 284 4539 tius
308 4490 419 4552 D>.]
1326 4488 1375 4536 S.
1405 4487 1606 4548 lingon.
1647 4486 1749 4550 [sol.
1774 4487 1994 4536 clxxxiv.
2032 4487 2187 4537 col.l.
2228 4487 2386 4538 Loud.

244 4565 269 4588 ⁸
305 4557 422 4620 [⁴‘O
463 4555 508 4603 εἰ
547 4553 786 4615 vigilaret
822 4566 955 4601 nune
990 4551 1243 4603 carthusi·
1329 4553 1505 4616 1516.)

268 4649 759 4685 ananum—nest».
1795 4651 1836 4697 Ε

2548 2354 2635 2417 39
