3165 4959
964 331 1329 380 stomoma
1372 331 1736 381 mponsm.
2325 322 2453 385 347

253 493 504 551 caneret
548 483 716 569 (ais),
745 486 804 547 si
844 485 1142 564 crederet,
1183 492 1329 549 ante
1374 506 1569 551 annos
1617 492 1729 563 tot,
1762 488 2139 568 priusquam
2173 487 2461 551 Christus

253 590 631 667 ascenderet,
670 588 988 651 introiisse
1015 590 1084 652 in
1113 590 1293 653 coelos
1322 589 1545 654 Enoch
1573 596 1635 652 et
1657 590 1891 652 Elium.
1984 590 2232 655 Quidni
2260 590 2459 654 vero?

254 694 431 756 Nam
475 692 529 755 si
558 693 797 755 occisus
832 692 911 754 ab
954 692 1195 774 oriyine
1236 693 1452 755 mundi
1480 691 1704 775 Agnus
1725 705 1775 772 Ρ,
1805 699 1873 756 et
1920 693 2147 756 exinde
2185 693 2462 756 devictus

254 796 474 859 mortis
518 796 806 867 aculeus,-
857 796 1078 857 mortis
1123 796 1335 859 aculeo
1364 796 1509 877 jam
1550 795 1809 875 devicto,
1852 816 1986 860 non
2031 801 2462 878 perruperunt

254 899 449 962 coelos
476 897 579 961 vel
607 896 835 961 Enoch
861 896 965 960 vel
994 896 1193 975 Elias,
1225 897 1340 961 sed
1378 898 1548 980 (cum
1579 897 1915 961 credentes
1943 897 2180 981 essent)
2219 903 2286 961 et
2314 896 2460 980 ipsi,
2572 893 2697 956 251

256 1001 516 1065 Christo
561 999 907 1083 aperiente,
953 1000 1324 1064 intrarunt:
1372 1006 1448 1063 ut
1493 1007 1560 1064 et
1605 998 1734 1062 illis
1776 1000 2087 1066 coelorum
2131 999 2364 1079 aditum,
2395 1006 2462 1063 et

257 1124 374 1166 sua
400 1110 621 1166 tamen
650 1103 875 1183 hymno
903 1101 1260 1180 harmonia,
1290 1101 1489 1186 probe
1518 1107 1791 1166 constet.

323 1255 471 1305 Adde
515 1254 688 1320 [addo]
724 1292 736 1305 .
772 1292 785 1306 .
819 1256 1053 1318 generale
1107 1255 1400 1316 Decretum,
1443 1258 1503 1304 ut
1546 1269 1722 1304 omnes
1758 1290 1770 1304 .
1804 1289 1817 1302 .
1850 1253 2150 1304 moi-lentur.
2182 1289 2196 1301 .
2232 1289 2244 1302 .
2280 1289 2294 1303 .
2328 1253 2465 1316 Ergo

386 1351 585 1386 necesse
606 1339 770 1397 estmt
784 1340 903 1387 ante
916 1335 1171 1400 judicium
1195 1335 1371 1386 Enoch
1391 1339 1445 1385 et
1462 1335 1602 1385 Elias
1633 1371 1646 1385 .
1685 1371 1697 1385 .
1731 1371 1744 1385 .
1777 1333 2292 1399 morlanum—[Bell.
2312 1334 2464 1398 Apol.

386 1432 481 1482 pro
504 1415 676 1480 Resp.]
699 1431 749 1481 p.
773 1418 884 1467 144.
921 1417 1054 1481 [Op.,
1078 1421 1203 1466 tom.
1221 1418 1311 1467 vii.
1333 1417 1429 1467 col.
1449 1416 1562 1469 785.
1587 1415 1643 1466 O.
1666 1415 1760 1479 Ι).]
1833 1444 1846 1453 ·

348 1525 584 1607 Neque
614 1525 822 1608 major
850 1524 922 1586 in
946 1525 1241 1587 Generali
1259 1525 1527 1586 Decreto
1544 1522 1640 1587 vis
1666 1529 1797 1587 est:
1844 1530 1921 1585 ut
1944 1521 2121 1586 enim
2147 1520 2467 1585 statutum
2490 1538 2701 1603 [Utrum
2723 1553 2795 1589 se-

257 1627 383 1691 hoc
428 1628 513 1691 sit
549 1628 851 1691 Gener-ale
886 1627 1013 1709 (cui
1056 1627 1240 1691 deest
1277 1634 1502 1691 tamen
1531 1633 1688 1691 nota
1717 1625 2034 1710 generalis
2073 1630 2093 1658 ‘
2113 1624 2391 1688 omnibus
2411 1623 2456 1705 ’)
2489 1618 2612 1718 ⁰⁰¹3
2627 1618 2730 1717 ξοαζ

258 1736 328 1793 at
373 1730 599 1795 eadem
641 1731 779 1813 ipsa
806 1729 1116 1813 Epistola,
1149 1752 1276 1813 qua
1305 1731 1629 1793 Statutum
1671 1729 1796 1794 hoc
1829 1729 2004 1807 tulit,
2036 1727 2246 1791 eidem
2285 1726 2466 1791 dero·
2490 1683 2759 1794 ffibennt]

258 1833 474 1917 gavit:
525 1854 675 1897 cum
719 1832 799 1896 de
827 1833 1058 1896 Enoch
1102 1832 1490 1896 nominatim
1538 1832 1802 1910 diceret,
1840 1832 2211 1894 Translatus
2249 1835 2359 1906 est,
2393 1849 2468 1891 ne

258 1937 499 2000 videret
524 1941 784 1999 mortem
801 1948 851 1998 ‘¹.
946 1936 1299 2018 Derogavit
1329 1943 1395 1999 et
1426 1935 1552 1999 alia
1591 1935 1670 2000 de
1698 1934 1945 2011 Veteri,
1989 1955 2138 1998 cum
2175 1932 2256 1995 de
2301 1932 2466 2010 Elia,

259 2039 568 2102 Ascendit
605 2039 793 2101 Elias
838 2039 907 2101 in
944 2039 1158 2102 coelum
1175 2048 1215 2101 ¹.
1310 2038 1502 2104 Quod
1544 2037 1844 2120 iniquum
1889 2035 2217 2101 Cardinali
2266 2033 2470 2098 videri

260 2162 397 2205 non
440 2141 652 2218 debet,
688 2140 820 2223 qui,
856 2139 938 2205 de
980 2162 1115 2204 non
1155 2140 1373 2204 minus
1411 2142 1715 2223 yenerali,
1746 2140 1817 2202 in
1848 2139 2108 2217 diluvio,
2140 2138 2233 2201 Et
2269 2138 2468 2217 reple·

259 2251 481 2309 verunt
525 2264 700 2326 aquae
738 2245 945 2307 omnia
986 2246 1057 2307 in
1097 2243 1420 2325 superficie
1471 2250 1674 2321 terrae,
1722 2245 2040 2324 opertique
2082 2247 2226 2304 sunt
2266 2260 2472 2303 omnes

260 2353 497 2409 montes
569 2347 815 2410 excelsi.
914 2346 1278 2419 Quindecim
1336 2345 1562 2408 cubitis
1626 2346 1822 2408 altior
1878 2349 2018 2407 erat
2076 2363 2241 2423 aqua
2284 2362 2473 2423 super

262 2454 500 2513 montes
520 2458 541 2487 ⁸
560 2472 586 2511 .·
637 2448 886 2531 excepit
932 2453 1155 2513 tamen
1213 2448 1597 2512 Paradisum
1613 2446 1654 2510 ἴ.
1742 2446 1831 2509 Et
1890 2444 1969 2509 de
2032 2445 2284 2508 Statuto
2336 2465 2472 2509 non

264 2554 483 2616 minus
520 2554 822 2634 yenerali,
861 2553 1148 2617 Universi
1197 2554 1472 2616 homines
1521 2570 1708 2631 super
1748 2556 1982 2613 terram
2027 2549 2259 2611 mortui
2304 2553 2469 2626 cunt,

263 2656 567 2718 remansit
598 2661 805 2719 autem
830 2657 1000 2718 solus
1027 2654 1186 2733 Noe,
1218 2660 1278 2716 et
1308 2655 1416 2734 qui
1446 2673 1584 2717 cum
1613 2672 1683 2714 eo
1712 2653 1782 2714 in
1808 2650 1986 2714 Arca
2007 2677 2027 2712 :
2072 2650 2209 2732 ipse
2237 2655 2462 2711 tamen

265 2759 517 2837 Enoch,
547 2763 692 2822 tum
720 2778 906 2839 cuper
935 2763 1170 2820 tmam
1197 2756 1541 2833 viventem,
1571 2753 1808 2836 excipit
1829 2762 1879 2816 ¹².
1977 2753 2145 2816 Tum
2190 2751 2470 2833 denique

266 2860 627 2925 cardinalis
676 2880 1047 2944 progressus
1089 2858 1219 2936 ille,
1269 2857 1353 2922 ad
1409 2863 1898 2922 momentaneam
1942 2855 2122 2919 illam
2163 2855 2235 2917 in
2281 2859 2472 2936 raptu

264 2964 409 3046 ipso
437 2965 942 3040 immutationem,
971 2961 1246 3026 resolvet
1275 2959 1462 3024 nobis
1491 2959 1677 3024 litem
1707 2960 1897 3023 hanc.
1985 2959 2131 3023 Nec
2162 2956 2356 3034 enim,
2387 2977 2472 3019 an

265 3069 399 3132 tale
420 3068 662 3151 aliquid
689 3089 917 3151 passus
943 3067 1138 3130 fuerit
1167 3066 1397 3130 Enoch
1419 3073 1559 3128 tum
1592 3085 1741 3129 cum
1771 3065 2119 3128 translatus
2135 3069 2257 3139 est,
2275 3062 2470 3138 Elias,

265 3177 411 3234 tum
433 3191 582 3235 cum
612 3170 915 3249 ascendit,
945 3169 1013 3232 id
1042 3168 1228 3232 anxie
1261 3167 1645 3232 disseremus
1687 3168 1794 3251 (an
1823 3166 2155 3244 immutati,
2185 3165 2472 3249 inquam,

265 3279 413 3337 tum
442 3273 708 3352 fuerint,
738 3293 888 3337 cum
915 3293 1031 3356 per
1060 3275 1210 3335 aera
1246 3270 1318 3334 in
1362 3270 1637 3334 sublime
1680 3268 2112 3352 portarentur)
2152 3267 2330 3345 dum,
2360 3266 2476 3330 ubi

261 3378 403 3460 jam
442 3376 512 3439 in
558 3376 721 3440 coelo
765 3381 940 3453 sunt,
976 3395 1242 3457 corpora
1281 3394 1498 3437 secum
1548 3371 1835 3435 habeant
1884 3369 2293 3452 sempiterna.
2385 3369 2474 3431 Et

267 3478 513 3542 habent
534 3479 673 3562 jam
701 3498 1003 3560 corpora:
1058 3476 1329 3556 Corpore
1375 3475 1552 3538 enim
1605 3471 1905 3537 convenit
1948 3471 2126 3535 Elias
2162 3470 2478 3532 Christum

268 3581 339 3641 in
380 3585 584 3641 monte
638 3578 1170 3661 transfiyuratum,
1230 3597 1365 3639 non
1421 3575 1654 3655 spiritu
1713 3574 1868 3637 soIO.
1960 3572 2057 3634 Ut
2106 3569 2260 3653 quid
2300 3569 2474 3631 enim

268 3680 525 3765 spiritui
555 3681 1021 3744 tabernaculum
1050 3678 1306 3742 ullum?
1402 3677 1675 3756 Corpore
1725 3682 1793 3737 et
1832 3673 2071 3750 Moses,
2103 3676 2171 3733 et
2216 3669 2475 3753 quidem

269 3782 547 3865 propri0.
637 3782 739 3845 De
770 3802 897 3864 quo
927 3781 1055 3844 cito
1100 3778 1470 3843 conveniet:
1518 3797 1667 3839 cum
1717 3775 1840 3837 hoc
1877 3773 1971 3836 ita
1998 3772 2290 3835 videatur
2320 3771 2474 3834 Car-

270 3883 474 3946 dinali
502 3883 728 3947 Toleto
750 3894 796 3958 ⁷,
829 3904 978 3947 cum
1009 3891 1075 3947 et
1100 3882 1283 3946 Patri
1313 3879 1699 3944 Maldonato
1716 3886 1762 3941 ¹.
1864 3876 2200 3956 Utrumque
2242 3893 2473 3952 verum,

270 3992 598 4068 utrumque
626 3988 934 4069 intem-um
948 3983 1174 4067 fuisse.
1264 3984 1401 4047 Nec
1430 3983 1592 4046 enim
1622 3978 2034 4057 conveniebat,
2056 3983 2128 4040 ut
2156 3978 2477 4039 mendacio

339 4189 361 4220 ν
423 4180 715 4293 Αἱοιμῑῑῑ.
740 4181 811 4244 8.]
1486 4185 1510 4207 ·
1568 4175 1721 4239 Ιδίά]
1783 4239 1795 4252 ,
2442 4235 2454 4246 .

338 4252 360 4284 ‘¹
451 4260 478 4295 e
515 4260 613 4294 ,η
639 4249 684 4296 5.
1487 4248 1509 4270 '
1563 4238 1745 4302 volet]
1781 4253 1838 4288 m
1877 4237 1996 4286 Luc.
2024 4237 2095 4284 ix.
2133 4236 2349 4300 [Annot.
2382 4235 2473 4284 lxx.

340 4318 359 4341 ¹
392 4310 423 4357 2
448 4308 567 4371 Reg.
593 4309 648 4358 ii.
672 4310 750 4357 11.
1423 4320 1473 4369 p.
1499 4307 1609 4354 591.
1637 4303 1796 4352 Paris.
1820 4301 1985 4365 1600]

340 4381 358 4403 ⁸
392 4372 515 4422 Gen.
536 4373 624 4422 vii.
648 4374 728 4432 18,
752 4374 830 4422 19.
1486 4376 1509 4399 ¹
1537 4365 1857 4432 [Maldonat]
1876 4367 1930 4414 in
1947 4363 2129 4414 Matth.
2141 4363 2262 4413 xvii.
2281 4363 2424 4427 [tom.
2441 4364 2474 4413 i.

340 4439 357 4467 ¹
391 4435 564 4500 [Bell]
593 4437 657 4487 de
689 4436 827 4487 Grai..
865 4436 1014 4498 prim.
1044 4434 1197 4484 Hom.
1227 4448 1333 4496 cap.
1424 4432 1513 4482 col.
1539 4433 1650 4483 352.
1677 4430 1763 4494 Ι).]

275 4516 324 4548 1.
351 4499 470 4563 [leg.
497 4503 598 4550 xiv.
633 4501 744 4564 Op„
767 4505 890 4550 tom.
914 4500 982 4549 iv.
1008 4514 1055 4563 p.
1083 4497 1183 4561 13.]
