3165 4959
907 321 1274 370 APOLOGIAM
1350 323 1713 375 ansroNsm.
2301 320 2431 382 289

385 478 525 523 matu
550 473 801 525 Romanos
820 476 1091 527 Pontifices
1113 478 1162 527 S,
1184 477 1329 528 Petro
1352 480 1630 540 succedere,
1645 482 1689 530 is
1704 481 1786 546 [ii]
1801 482 1952 533 fidem
1972 484 2284 537 catholicam
2306 493 2460 550 negat

385 554 630 618 [negant]
699 556 759 605 Id
782 594 794 605 .
821 594 832 605 .
858 595 869 605 .
897 573 999 607 non
1034 545 1369 610 Bellarm’inus
1408 563 1572 609 solnm
1606 562 1781 626 [solus]
1815 564 2082 628 probatum
2124 566 2346 629 reliquit,
2370 568 2458 618 sed

382 636 591 698 plurimi
615 638 704 686 alii
729 637 971 689 Doctores
1006 639 1269 700 Catholici,
1303 648 1453 705 atque
1482 643 1618 692 inter
1650 644 1777 693 alios
1801 643 1852 693 N
1856 646 1916 694 ie.
1934 645 2455 711 anderun—[Bell.

382 718 529 781 Apol.
556 733 647 782 pro
666 719 809 782 Resp.
832 735 881 784 p.
898 723 1006 769 120.
1032 721 1164 786 [Op.‚
1186 728 1308 772 tom.
1335 724 1421 772 vii.
1445 723 1559 772 coll.
1585 724 1612 774 7
1620 725 1696 775 71.
1723 724 1775 773 C.
1795 725 1856 774 D.
1883 727 1993 777 772.
2013 726 2098 790 A.]

337 817 626 879 Ventum
659 824 776 895 est,
809 818 889 881 ab
923 820 1196 881 avaritia
1230 820 1525 882 Romana
1555 821 1637 882 ad
1667 823 2038 902 superbiam,
2073 846 2110 886 a
2142 826 2452 906 Puryato-
2485 831 2763 893 [Px-imatus

248 921 368 998 rio,
393 919 567 983 unde
597 920 868 998 lucrum,
901 921 982 983 ad
1002 923 1355 984 Primatum
1381 925 1584 1001 Petri,
1609 925 1784 987 unde
1815 925 2020 989 fastus
2044 927 2450 991 Pontificum.
2479 895 2722 1011 ἓὸῖῗέἓῑ

250 1026 487 1088 Arcem
518 1026 777 1108 quidem
812 1028 1120 1090 Romanae
1150 1048 1380 1104 causae,
1412 1049 1531 1090 nec
1547 1031 1936 1110 praecipuum
1967 1039 2191 1094 tamen
2219 1031 2452 1095 articu-
2478 1025 2755 1088 articulus]

252 1130 397 1205 lum,
448 1128 527 1191 de
576 1151 702 1211 quo
752 1130 852 1208 lis,
907 1130 1029 1193 nisi
1072 1152 1199 1212 qua
1243 1130 1325 1193 ad
1367 1152 1497 1193 vos.
1602 1132 1728 1194 Sed
1773 1133 1873 1214 (ut
1921 1155 1958 1195 a
2005 1134 2182 1197 vobis
2235 1135 2452 1219 inique

250 1241 689 1314 comparatum
728 1234 867 1317 jam
912 1235 1031 1316 est)
1071 1234 1308 1297 Caesari
1342 1234 1755 1318 Regibusque
1791 1236 2108 1320 praecipue
2142 1238 2451 1320 Symbolo

250 1343 461 1399 vestro
492 1356 652 1398 novo
683 1335 1112 1399 eximendum.
1203 1338 1346 1400 Nee
1376 1337 1443 1399 id
1474 1345 1692 1401 tamen
1724 1346 1823 1401 est
1836 1339 2034 1421 fidem
2069 1341 2453 1403 Catholicam
2561 1335 2691 1399 210

249 1458 496 1519 neyare,
543 1438 742 1520 siquis
790 1440 855 1500 S.
892 1440 1155 1501 Petrum
1199 1440 1501 1502 Ecclesiae
1554 1441 1777 1521 Caput,
1826 1462 1974 1504 eum
2020 1464 2339 1524 nusquam
2381 1444 2454 1505 in

250 1541 600 1623 Evangelio
650 1541 898 1625 legerit,
930 1542 1147 1604 nullus
1189 1541 1457 1604 dixerit:
1509 1543 1564 1605 si
1595 1563 1747 1606 voce
1788 1543 2127 1622 abstineat,
2161 1564 2351 1627 quam
2380 1545 2454 1608 in

249 1665 432 1706 sacra
471 1643 703 1727 pagina
748 1644 1027 1727 reperire
1074 1665 1208 1707 non
1250 1651 1367 1707 est.
1462 1646 1590 1709 Sed
1635 1667 1866 1728 neque,
1918 1646 1971 1708 si
2001 1648 2356 1709 Primatum
2387 1649 2455 1710 in

249 1747 581 1827 Apostolos
628 1747 914 1809 habuisse
961 1769 1093 1810 non
1142 1748 1391 1825 dixerit,
1431 1748 1620 1829 (inter
1666 1750 2000 1829 Apostolos
2049 1748 2214 1812 forte
2238 1749 2275 1831 ε)
2331 1750 2454 1813 etsi

249 1850 513 1913 alterius
542 1850 681 1913 haec
711 1850 832 1913 looi
864 1850 1026 1913 sint:
1075 1871 1148 1912 ac
1187 1853 1325 1934 jam
1364 1851 1552 1914 nobis
1593 1873 1727 1915 non
1768 1851 1847 1915 de
1876 1853 2171 1914 Primam
2202 1853 2341 1935 ejus
2369 1852 2452 1915 lis

249 1952 351 2029 sit,
399 1953 508 2015 sed
567 1954 857 2015 terrestri
916 1953 1319 2029 Monarchia,
1376 1973 1591 2035 quam,
1645 1975 1777 2016 non
1826 1954 1894 2016 in
1942 1955 2293 2035 Apostolos,
2343 1954 2454 2016 sed

255 2055 448 2137 Reyes
485 2055 771 2116 Gentium
810 2054 1183 2117 exercuerit.
1275 2054 1410 2118 Ubi
1440 2055 1618 2118 vobis
1658 2076 1779 2119 nec
1825 2055 1906 2118 ad
1949 2054 2174 2119 horam
2215 2056 2454 2118 cessuri

248 2156 518 2219 sumus‘.
607 2158 701 2219 At
733 2158 1129 2220 Successores
1157 2156 1401 2234 habere,
1432 2157 1522 2235 in,
1548 2159 1648 2219 vel
1675 2158 2051 2238 Aposto'latu
2080 2178 2210 2235 suo,
2240 2158 2355 2235 vel,
2387 2159 2457 2220 in

248 2260 580 2340 Apostolos
616 2260 904 2340 primatu
945 2260 1256 2322 Romanos
1290 2260 1677 2340 Episcopos;
1728 2260 1796 2322 id
1839 2282 1989 2323 vero
2029 2261 2143 2343 (ita
2180 2269 2279 2324 est
2315 2281 2452 2323 om-

246 2363 429 2443 nino)
458 2384 572 2445 per
596 2364 956 2444 quinyentos
986 2362 1260 2445 amplius
1290 2384 1493 2426 annos
1523 2363 1592 2424 in
1604 2364 1741 2445 fide
1765 2364 2090 2425 Gatlaolica
2121 2363 2454 2425 articulum

244 2467 439 2528 ullum
459 2465 674 2543 fuisse,
701 2486 1141 2548 pernegamus,
1208 2466 1352 2529 Nec
1372 2465 1869 2548 Carthaginensi
1894 2466 2130 2530 Sextou
2156 2464 2237 2528 ad
2261 2465 2453 2528 fidem
2507 2486 2570 2537 In
2594 2488 2742 2538 conc.

247 2568 578 2650 spectabat
610 2568 873 2650 quaestio
904 2567 1075 2631 haec:
1124 2567 1237 2630 sed
1268 2570 1434 2630 iuter
1464 2570 1696 2631 Patres
1739 2568 1831 2632 ibi
1872 2569 2072 2632 libere
2105 2569 2445 2651 disputata.
2476 2552 2736 2679 ὥζῗξῶί·

247 2674 639 2738 Conclusum
687 2681 903 2737 autem
956 2682 1181 2737 contra
1227 2676 1613 2737 Romanum.
1708 2676 1835 2738 Pro
1885 2697 2011 2758 qua
2054 2675 2191 2755 fide
2237 2682 2452 2739 vestra
2476 2681 2600 2744 tus·]

244 2776 456 2839 venali
485 2775 810 2839 reddenda
841 2775 1143 2858 quicquid
1165 2775 1380 2839 afferri
1401 2777 1636 2859 potuit,
1658 2777 1912 2840 abunde
1942 2777 2296 2839 refutatum
2327 2785 2446 2857 est,

245 2882 441 2944 etiam
472 2880 840 2963 priusquam
868 2879 1320 2955 Bellarminus,
1352 2899 1425 2941 ac
1456 2878 1557 2941 vel
1587 2879 1934 2957 SanderuS,
1957 2880 2223 2943 verbum
2253 2881 2448 2964 scrip-

242 2985 501 3046 titasset
518 3010 538 3061 3
589 2983 697 3065 qui
728 2982 1054 3045 corniculoe
1095 2980 1287 3043 modo
1319 2988 1475 3043 sunt
1495 2979 1767 3061 furtivis
1798 2982 2067 3045 aliorum
2101 2983 2450 3045 coloribusv

242 3087 510 3164 vestitae,
543 3106 663 3148 nec
712 3085 792 3148 de
821 3105 936 3147 suo
965 3083 1114 3146 novi
1156 3082 1498 3165 quicquam
1548 3084 1926 3148 attulerunt.
2019 3086 2111 3147 At
2143 3106 2448 3168 quorsum

241 3192 351 3254 hie
381 3211 618 3254 nomen
655 3188 967 3251 Sanderi'?
1029 3186 1370 3268 Numquid
1401 3193 1466 3248 et
1500 3185 1827 3249 Sanderus
1855 3188 2022 3249 inter
2051 3189 2302 3264 Patres,
2335 3196 2448 3251 aut

240 3295 419 3356 intra
438 3293 722 3354 soeculum
748 3292 1027 3372 quintum
1047 3291 1079 3351 Ρ
1140 3289 1285 3351 Imo
1314 3308 1433 3351 nec
1457 3289 1755 3350 decimum
1775 3290 2072 3369 quintum.
2140 3289 2265 3352 Sed
2291 3311 2448 3371 quo-

241 3418 498 3480 cunque
520 3396 741 3458 saeculo
762 3394 1043 3469 demum,
1068 3393 1278 3454 saeculi
1308 3390 1406 3453 sui
1431 3390 1727 3469 dedecuS,
1752 3412 1874 3454 nee
1891 3392 1991 3454 vel
2015 3392 2446 3455 nominandus

240 3500 369 3577 hic,
400 3499 527 3562 nisi
573 3497 722 3581 quia
751 3495 1198 3558 Hieras-chiam
1249 3492 1494 3574 primus
1542 3492 1818 3555 mutavit
1867 3493 1938 3554 in
1984 3493 2445 3571 Monarchiam,

242 3623 435 3685 quem
482 3622 613 3686 prae
664 3599 912 3663 caeteris
962 3597 1106 3660 ideo
1159 3595 1385 3677 selegit
1434 3593 1817 3670 Cardinalis,
1862 3593 1975 3657 sed
2024 3594 2095 3656 in
2138 3616 2449 3676 magnum

240 3705 553 3766 doctrinae
584 3724 717 3766 suae
750 3699 1181 3783 opprobrium,
1213 3698 1318 3760 cui
1341 3704 1671 3760 auctorem
1713 3697 1967 3758 nullum
1996 3696 2293 3758 nominat
2321 3696 2449 3758 nisi

238 3815 499 3887 turpem
559 3804 969 3888 proditorem.
1062 3802 1435 3877 Perduellis,
1482 3800 1553 3862 in
1585 3799 2038 3880 perduellionis
2089 3811 2238 3861 actu
2284 3798 2444 3880 ips0,

239 3917 426 3971 actus
456 3910 525 3971 in
554 3907 816 3985 rabiem,
864 3905 932 3967 in
968 3904 1110 3987 ipsa
1149 3903 1325 3967 rabie
1371 3902 1579 3979 simul,
1613 3908 1680 3964 et
1712 3901 2138 3981 perduellione
2182 3900 2448 3963 obtrun-

238 4022 427 4075 catus
440 4022 495 4090 ',
538 4013 592 4074 is
638 4011 897 4073 demum
943 4009 1150 4092 gravis
1186 4013 1409 4070 auctor
1454 4015 1519 4070 et
1563 4006 1835 4069 idoneus
1865 4005 2253 4067 Monarchioe
2297 4003 2447 4067 huic

242 4115 577 4178 Pontificis
609 4112 1031 4177 exstruendae.

308 4273 326 4295 ⁸
372 4264 528 4329 [Vide
567 4223 847 4315 Sande'rum
885 4262 949 4311 de
990 4261 1153 4309 Visib.
1197 4260 1299 4308 Mo-
1452 4268 1472 4289 V
1528 4257 1601 4307 cf.
1628 4258 1805 4307 Horat.
1833 4257 2056 4320 Epist.1.
2081 4259 2124 4306 3.
2150 4254 2251 4317 20.]

234 4328 436 4393 naroli]
1450 4332 1484 4354 ⁸
1535 4322 1608 4371 De
1632 4323 1796 4371 Morte
1819 4321 2045 4380 Sanderi,
2064 4321 2151 4381 qui
2174 4320 2320 4377 fame,
2342 4333 2446 4367 nou

307 4396 324 4424 ²
360 4394 494 4453 [Gal.
519 4394 573 4442 ii.
592 4393 664 4455 5.]
1388 4388 1542 4446 rabie,
1569 4387 1737 4449 periit.
1760 4385 1877 4434 vide
1902 4384 2135 4433 Rishtoni
2161 4382 2355 4432 Praefat.
2381 4381 2446 4431 ad

310 4467 333 4489 ⁰
368 4457 538 4522 [Cone.
578 4457 747 4505 Carth.
771 4455 1057 4505 vi.-—Cone.
1104 4459 1225 4503 tom.
1246 4454 1299 4501 ii.
1390 4451 1670 4500 Sanderum
1697 4450 1760 4499 de
1791 4449 2001 4497 Schism.
2026 4447 2194 4508 Angl„
2233 4451 2286 4495 et
2308 4446 2448 4495 Cam-

235 4526 354 4573 coll.
377 4517 701 4573 1586—1593
722 4520 741 4583 ]
1392 4515 1509 4565 deni
1534 4515 1775 4573 Annales,
1797 4528 1900 4577 par.
1926 4513 2000 4561 iii.
2035 4526 2084 4575 p.
2110 4509 2242 4573 872]

325 4616 818 4654 arnustus—amr.
1895 4611 1936 4655 U
