3165 4959
665 357 793 420 184
1286 373 1371 420 An
1415 373 1798 422 ommam
1840 372 2238 421 Bmfflmm

663 548 788 611 que
829 527 1017 590 VII.r
1108 527 1458 591 Decretum
1502 549 1655 592 vero
1697 528 1841 606 hoc,
1881 528 2049 612 juris
2091 528 2327 592 veteris
2370 529 2473 591 vel
2518 526 2866 602 restitutio,

663 630 764 693 vel
794 628 1212 708 continuatio,
1244 651 1377 694 non
1409 631 1733 696 concessio
1760 632 1932 697 novi.

731 801 786 850 Si
813 800 1050 850 Pontifex
1086 799 1246 850 donat
1268 800 1504 852 Carolum
1539 802 1729 866 Regem
1761 801 2016 865 dignitate
2051 802 2368 862 Patriciatus,
2394 817 2510 865 qnae
2534 804 2613 851 est
2645 799 2872 864 dignitas

795 880 1108 944 temporalis,
1140 918 1152 931 .
1188 917 1202 932 .
1236 919 1250 932 .
1286 897 1406 946 ergo
1443 919 1458 932 .
1493 919 1507 933 .
1541 920 1554 933 .
1582 884 1670 947 jus
1692 897 1937 946 magnum
1957 883 2014 931 in
2039 883 2255 946 imperio
2278 882 2548 947 temporali
2569 881 2873 932 habebat.—

797 963 950 1029 [Bell.
967 964 1120 1029 Apol.
1139 978 1230 1028 pro
1255 963 1432 1029 Resp.]
1457 979 1507 1028 p.
1530 968 1609 1016 69.
1649 964 1787 1030 [Op.,
1808 968 1932 1014 tom.
1954 964 2040 1013 vii.
2065 964 2159 1013 col.
2178 964 2289 1018 737.
2308 962 2393 1028 D.]

344 1099 573 1214 §gan-olus
754 1090 994 1153 Civitas
1033 1091 1329 1154 Romana
1362 1090 1669 1154 Carolum
1710 1088 1949 1153 donare
1995 1089 2203 1152 Roma
2248 1094 2520 1171 poterat,
2553 1094 2621 1151 et
2654 1089 2873 1150 Patri-

345 1179 624 1278 Paffiiiiatu
671 1193 875 1255 cintus
918 1193 1164 1272 ordine,
1213 1193 1322 1275 qui
1366 1192 1436 1254 in
1474 1191 1703 1256 Galliis
1747 1199 1959 1269 natus,
2007 1211 2127 1254 nec
2162 1191 2486 1253 Patricius
2530 1199 2718 1268 esset,
2748 1211 2873 1254 nec

344 1292 604 1356 donatus]
671 1296 844 1359 civis.
956 1296 1102 1359 Nec
1161 1295 1284 1358 hoc
1336 1295 1679 1378 quicquam
1730 1293 1812 1357 ad
1869 1294 2197 1374 imperium
2253 1293 2466 1377 ipsum
2514 1294 2872 1374 temporale.

671 1399 1059 1462 Patriciatus
1090 1397 1286 1476 enim,
1321 1398 1604 1482 Imperio
1639 1396 1916 1461 accessio
1958 1417 2094 1460 non
2137 1404 2275 1461 est:
2331 1396 2630 1460 solatium
2659 1396 2876 1480 potius

674 1500 866 1582 Papae
913 1506 978 1563 et
1025 1498 1335 1562 Romanis
1383 1499 1534 1577 suis,
1582 1519 1710 1580 quo
1756 1498 1868 1576 ita,
1918 1518 2002 1560 ne
2041 1497 2125 1561 sit
2171 1498 2541 1580 Imperator,
2590 1497 2715 1561 nisi
2766 1498 2878 1580 qui

675 1602 869 1674 simul
904 1603 1071 1665 Civis
1115 1602 1221 1678 sit,
1256 1609 1321 1664 et
1352 1603 1680 1664 Patricius
1710 1602 2061 1664 Romanu&
2159 1601 2519 1664 Cardinalis
2548 1599 2878 1664 Diaconus

674 1704 744 1766 in
787 1705 1028 1787 Papam
1076 1705 1337 1781 electus,
1381 1703 1721 1785 Presbyter
1758 1704 1967 1786 primo
2003 1704 2099 1782 fit,
2145 1724 2267 1767 nec
2313 1711 2533 1767 tamen
2581 1711 2877 1786 augetur,

681 1807 916 1890 (credo)
956 1807 1057 1870 vel
1085 1812 1354 1870 ornatur
1379 1807 1682 1884 multum,
1716 1807 2001 1890 Papatus
2019 1806 2484 1888 presbyteratu.

741 1975 797 2025 Si
828 1974 1064 2024 Pontifex
1088 1974 1240 2038 jubet
1276 1989 1375 2035 eos,
1408 1974 1496 2036 qui
1527 1979 1707 2025 contra
1739 1975 2012 2025 Decretum
2057 1975 2217 2038 ipsius
2254 1980 2416 2038 agunt
2459 1976 2727 2042 [ag-erent}
2771 1991 2877 2027 non

803 2056 966 2105 solum
999 2054 1335 2105 anathematis
1363 2054 1566 2104 vinculo
1599 2055 1817 2118 alligari,
1852 2055 1940 2105 sed
1969 2057 2125 2106 etiam
2158 2057 2290 2106 bona
2321 2057 2547 2120 ipsorum
2579 2060 2882 2121 temporalia

804 2136 1064 2199 publicari,
1081 2134 1169 2198 jus
1191 2135 1353 2199 igitur
1375 2171 1389 2185 .
1424 2171 1436 2183 .
1472 2173 1485 2184 .
1510 2136 1665 2186 habet
1685 2151 1787 2186 non
1809 2136 2072 2201 spirituale
2093 2137 2274 2197 solnm,
2297 2138 2385 2188 sed
2407 2139 2564 2188 etiam
2587 2141 2882 2203 temporale.

807 2217 1029 2283 —-[Bcll.
1055 2217 1205 2282 Apol.
1229 2232 1320 2282 pro
1344 2216 1513 2281 Resp.]
1537 2232 1587 2280 p.
1606 2221 1684 2268 59.
1713 2218 1852 2282 [Op.,
1873 2222 1997 2268 tom.
2020 2219 2106 2268 vii.
2132 2219 2226 2268 col.
2243 2221 2354 2270 738.
2380 2220 2473 2284 A.]
2865 2245 2874 2252 ·

351 2351 435 2416 [ln
456 2366 583 2414 suos,
762 2342 855 2406 At
903 2342 1097 2406 etiam
1130 2344 1450 2424 publicari
1476 2343 1662 2425 jubet
1711 2344 1869 2406 bona
1916 2364 2040 2406 non
2079 2346 2463 2424 parentium,
2516 2367 2640 2409 non
2681 2349 2883 2410 solum

349 2424 603 2533 ἷξέὲζῗο,
676 2466 779 2510 eos
811 2447 1228 2511 anathematis
1264 2447 1508 2510 vinculo
1553 2447 1867 2511 innodari.
1953 2448 2074 2510 Jus
2101 2448 2299 2530 iyitur
2327 2449 2511 2513 habet
2541 2452 2882 2532 temporale

340 2546 429 2659 ju?
452 2552 638 2662 vim&
677 2549 999 2631 Pontzjfeoe.
1087 2550 1209 2634 [L]
1255 2550 1503 2617 Quidni
1531 2550 1604 2613 in
1635 2550 2010 2614 Romanos?
2052 2551 2125 2614 in
2155 2572 2263 2614 eos
2293 2552 2526 2635 quibus
2557 2552 2883 2617 Dominus

348 2626 626 2741 pontiam]
678 2658 775 2714 est
801 2652 1191 2734 temporaIiS,
1226 2652 1334 2735 qui
1364 2652 1540 2715 intra
1568 2652 1847 2715 ditiones
1879 2658 2030 2714 sunt
2058 2673 2228 2730 suaS,
2261 2660 2328 2715 et
2361 2652 2604 2737 Synodi
2635 2674 2789 2729 suae,
2823 2655 2880 2717 si

677 2755 970 2819 Decretis
1029 2754 1227 2837 ipsius
1293 2753 1734 2836 obtemperare
1793 2754 2023 2817 nolint.
2113 2754 2381 2832 Verum,
2443 2755 2565 2818 etsi
2624 2756 2695 2817 in
2754 2756 2877 2820 hos

673 2857 929 2935 habeat,
953 2858 1023 2921 in
1054 2858 1211 2922 alios
1240 2879 1373 2920 non
1405 2857 1623 2936 habet,
1651 2857 1760 2939 qui
1785 2865 1966 2920 extra
1995 2855 2269 2921 ditiones
2298 2858 2357 2920 ei
2388 2866 2580 2922 sunt:
2628 2860 2881 2943 Populo

674 2961 849 3022 enim
879 2961 1192 3037 Romano,
1225 2967 1292 3022 et
1331 2959 1482 3021 Urbi
1514 2960 1867 3023 Decretum
1896 2959 2037 3037 hoc,
2068 2980 2203 3023 non
2230 2961 2383 3023 Orbi
2413 2961 2724 3044 scriptum
2755 2971 2877 3026 est.

672 3065 736 3125 2.
782 3063 950 3125 Tum
991 3063 1327 3144 (praesente
1368 3060 1462 3123 ibi
1509 3068 1576 3123 et
1624 3082 1957 3125 assensum
2009 3062 2091 3126 ad
2133 3061 2258 3126 hoc
2305 3084 2495 3126 suum
2546 3064 2879 3146 praebente

675 3164 1073 3247 Imperatore
1104 3164 1354 3245 Carolo)
1393 3169 1650 3246 poterat
1686 3163 1883 3226 etiam
1922 3163 2124 3227 indici
2163 3186 2280 3249 pro
2319 3186 2515 3248 poena
2556 3167 2878 3230 bonorum

672 3266 1039 3349 publicatio,
1071 3288 1303 3350 nempe
1332 3266 1402 3329 in
1431 3288 1560 3346 eos,
1595 3266 1726 3349 qui,
1759 3267 1932 3350 quod
1975 3268 2086 3352 jus
2128 3268 2544 3353 Imperatoris
2587 3276 2778 3348 esset,
2810 3269 2879 3333 id

671 3376 896 3452 postea
923 3369 1275 3433 violarent:
1333 3377 1407 3432 ut
1450 3369 1544 3434 ita
1585 3390 1722 3434 non
1758 3370 2029 3433 Cononis
2067 3370 2281 3448 modo,
2315 3369 2428 3435 sed
2458 3371 2650 3454 Legis
2680 3372 2879 3436 etiam

670 3471 801 3535 vim
829 3471 1115 3536 haberet.

736 3630 1020 3682 Historiam
1045 3632 1127 3695 (de
1148 3632 1431 3698 privilegiis
1452 3633 1631 3683 Carolo
1654 3633 1916 3696 concessis)
1933 3632 2199 3683 confictam
2213 3632 2399 3683 videri:
2426 3647 2546 3682 nam
2566 3631 2878 3695 Sigebertus,

799 3713 889 3776 qui
922 3714 1117 3778 primus
1148 3714 1291 3763 illam
1322 3713 1588 3764 mandavit
1619 3714 1798 3774 literis,
1832 3714 2073 3764 trecentis
2105 3714 2309 3764 circiter
2338 3714 2488 3762 annis
2511 3715 2760 3776 posterior
2780 3714 2882 3763 fuit

801 3795 1242 3860 Carolo·.—-[Bell.
1264 3795 1415 3859 Apol.
1440 3810 1533 3858 pro
1556 3794 1729 3860 Besp.]
1756 3810 1804 3859 p.
1821 3798 1899 3846 60.
1927 3795 2076 3860 [Op.,
2108 3799 2234 3846 tom.
2257 3795 2346 3844 vii.
2368 3794 2462 3844 col.
2488 3794 2598 3846 738.
2621 3794 2709 3859 A.]

369 3941 492 3990 Haee
514 3939 579 3990 de
756 3918 943 3982 Nihil
974 3940 1051 3981 ex
1079 3919 1347 3982 veritate
1376 3918 1559 3997 lucri,
1596 3919 1840 3981 Romae.
1925 3918 2174 3996 Restat,
2207 3939 2342 3982 non
2373 3924 2448 3980 ut
2475 3938 2628 3982 vera
2654 3939 2741 3982 ne
2772 3920 2877 3998 sit,

341 4006 513 4131 Mffl'.
530 4069 645 4119 His-
671 4021 785 4084 sed
810 4029 887 4085 ut
918 4021 1202 4102 conficta,
1235 4042 1357 4083 non
1399 4041 1548 4082 vera
1592 4021 1901 4098 videatur,
1935 4025 2128 4103 atque
2172 4020 2278 4084 hic
2309 4021 2546 4083 iterum
2577 4023 2877 4102 angaria-

341 4134 472 4182 toria
492 4147 595 4182 non
670 4132 775 4188 tur
823 4124 1193 4189 cardinalis·
1243 4128 1263 4159 ‘
1283 4124 1485 4186 videri
1506 4125 1525 4154 '
1587 4144 1724 4187 suo.
1817 4123 2177 4205 Siyebertus
2233 4123 2308 4184 id
2349 4125 2628 4203 primum
2674 4125 2881 4186 literis

342 4198 593 4262 conficta]
668 4228 1009 4292 mandavit.
1096 4227 1167 4289 Is
1210 4233 1415 4289 autem
1468 4226 1763 4288 trecentis
1806 4226 1990 4287 annis
2027 4226 2249 4287 Carolo
2285 4227 2626 4307 posterior.
2719 4226 2877 4290 Non

733 4456 752 4479 ¹
785 4448 947 4511 [Vide
986 4448 1113 4497 Plat.
1160 4448 1215 4495 in
1255 4448 1363 4498 Vit.
1405 4448 1552 4512 Greg.
1581 4448 1722 4508 vn„
1876 4456 1892 4478 ·
1932 4447 2092 4510 [vide
2140 4446 2264 4497 Bell.
2313 4448 2531 4511 Recogn.
2586 4462 2668 4512 pp.
2713 4451 2761 4496 2.
2803 4449 2877 4507 13„

668 4511 724 4557 in
748 4510 887 4559 Vitis
912 4512 1055 4559 Pont.
1091 4527 1138 4575 p.
1168 4513 1302 4574 176.]
1813 4516 1856 4563 5.
1879 4512 2015 4572 RG„
2041 4515 2116 4562 11.
2139 4512 2274 4572 EG„
2300 4513 2365 4562 ad
2390 4514 2503 4562 init.
2530 4513 2643 4578 Op„
2665 4516 2791 4562 tom.
2811 4515 2874 4577 i.]
