3165 4959
403 854 451 904 S.
475 855 639 905 Ricar-

414 934 498 967 um
524 919 601 968 ci-

376 984 550 1048 cesti-‚J

362 3213 536 3279 [Multi
562 3214 650 3264 Re-

461 3280 665 3341 Anglioe

407 3345 602 3395 ontifici

364 3410 555 3458 restite-

365 3475 526 3539 runt]

454 3617 577 3680 152

702 337 830 398 202
1327 351 1413 398 At>
1458 351 1842 399 cincinnis
1884 350 2281 399 Bmm1m

767 505 817 554 S.
856 504 1099 556 Ricardus
1133 508 1413 571 Episcopus
1447 507 1776 558 cicestrensis
1812 506 2013 558 claudat
2054 506 2191 556 hunc
2236 506 2421 555 locum.
2507 505 2560 554 Is
2593 505 2782 555 electus
2811 505 2912 555 suit

836 585 1109 649 Episcopus
1147 595 1323 637 contra
1355 589 1662 638 sententiam
1689 588 1871 649 Regis:
1909 590 2174 651 propterea
2211 585 2319 635 Rex
2353 621 2367 633 .
2408 622 2419 633 .
2457 621 2470 634 .
2507 620 2520 634 .
2556 600 2634 634 res
2672 584 2910 635 Ecclesia

834 665 1160 716 cicestrensis
1174 667 1332 731 jussit
1354 665 1852 730 confiscari.-[Bell.
1877 666 2026 730 Apol.
2043 680 2132 728 pro
2155 663 2323 728 Resp.]
2348 679 2396 726 p.
2410 664 2488 714 72.
2516 663 2656 728 [Op.,
2679 669 2800 712 tom.
2817 663 2907 712 vii.

832 746 923 795 col.
951 747 1061 798 746.
1087 746 1172 811 B.]

792 846 968 908 Nam
993 846 1328 923 Ricardus,
1364 846 1476 930 qui
1508 846 1747 909 claudit
1777 865 2029 928 agmen,
2055 843 2108 906 si
2136 844 2338 906 invito
2364 843 2542 925 Rege
2572 841 2907 905 ordinatus

703 948 1055 1029 Episcopus
1087 955 1206 1029 est,
1242 957 1328 1028 at,
1354 970 1432 1013 eo
1460 928 1888 1030 invitoJBaro
1918 946 2100 1028 regni
2130 946 2331 1009 creari
2359 967 2494 1009 non
2524 946 2754 1028 potuit.
2804 944 2910 1007 Ad

702 1052 1048 1114 Baroniam
1086 1060 1304 1116 autem
1350 1059 1641 1137 spectant
1687 1052 2078 1133 temporalia,
2125 1050 2197 1111 in
2243 1071 2383 1132 quae
2427 1048 2593 1131 Regi
2635 1049 2743 1133 jus
2761 1074 2781 1125 ;
2830 1057 2905 1110 ut

700 1177 913 1220 carere
957 1157 1087 1220 illis
1132 1178 1394 1222 necesse
1439 1158 1634 1222 fuerit
1680 1157 1759 1235 ei,
1794 1156 1902 1239 qui
1946 1156 2108 1218 eitra
2135 1175 2464 1217 assensum
2496 1153 2773 1235 Regium
2804 1174 2904 1215 or-

700 1259 907 1322 dinari
936 1259 1227 1323 voluerit.
1322 1261 1555 1344 Inique
1586 1260 1758 1323 enim
1790 1264 2237 1341 comparatum
2267 1240 2452 1335 esset,
2485 1262 2561 1318 ut
2595 1255 2704 1339 qui
2732 1255 2906 1318 inter

700 1362 899 1443 Requi
945 1364 1248 1427 Procercs
1291 1363 1766 1427 annumerandi
1810 1370 1983 1440 sunt,
2033 1361 2196 1444 Regi
2244 1359 2747 1423 obtruderentur
2789 1380 2906 1441 per

697 1465 846 1544 vim,
889 1467 1073 1549 cujus
1121 1467 1392 1531 interest
1438 1466 1832 1550 exploratam
1878 1486 2099 1529 eorum
2145 1463 2338 1526 fidem
2382 1462 2645 1539 habere,
2680 1463 2790 1545 qui
2828 1483 2904 1526 eo

698 1566 768 1629 in
798 1590 1069 1632 numero
1102 1576 1508 1632 censeantur.

787 1670 990 1755 Atqui
1036 1693 1186 1735 vero
1248 1672 1576 1755 quaerebat
1622 1672 1744 1735 hoc
1799 1672 1956 1749 Rex,
2006 1691 2126 1734 nec
2177 1676 2489 1753 praeterea
2537 1669 2900 1752 quicquam,

700 1795 892 1855 quam
952 1775 1203 1837 venisse
1274 1782 1420 1837 tum
1493 1775 1563 1838 in
1626 1774 1969 1839 discrimen
2028 1778 2414 1856 potestatem
2473 1772 2899 1852 Pontificiam,

697 1897 896 1958 caque
959 1875 1037 1938 de
1092 1897 1161 1938 re
1221 1876 1602 1939 dimicatum
1663 1898 1816 1941 esse.
1912 1877 2340 1943 Quantumvis
2386 1884 2528 1937 tum
2587 1876 2901 1960 Hugones

696 1988 890 2061 atque
936 1978 1198 2042 Thomae
1240 1979 1626 2042 tumultuati
1672 1980 1821 2058 sint,
1871 1980 2282 2063 quantumvis
2325 1977 2406 2041 ab
2449 1978 2530 2041 iis
2577 1979 2897 2058 Pontifex,

698 2082 909 2164 Reges
967 2089 1189 2144 tamen
1247 2083 1616 2165 opposuisse
1677 2105 1745 2146 se
1805 2104 2072 2167 semper,
2135 2104 2256 2146 nec
2313 2082 2610 2158 inultam,
2663 2084 2764 2146 vel
2823 2106 2899 2148 eo

697 2185 953 2263 saeculo,
1014 2185 1237 2248 tulisse
1297 2187 1768 2249 contumaciam
1829 2208 2032 2266 suam,
2085 2186 2253 2270 siqui
2303 2185 2612 2249 mandato
2676 2186 2899 2270 Papali

697 2287 974 2370 Regium
1023 2288 1382 2371 Imperium
1428 2290 1911 2372 posthaberent.
2006 2291 2302 2372 Utraque
2359 2289 2560 2372 igitur
2606 2289 2899 2372 quaesivit

694 2391 1005 2474 exempla,
1039 2399 1104 2454 et
1138 2393 1415 2474 Regum,
1453 2392 1531 2455 de
1571 2393 1719 2476 jure
1766 2413 1884 2456 suo
1921 2414 2049 2456 non
2101 2392 2487 2471 cedentium,
2521 2400 2585 2455 et
2617 2392 2897 2456 Clerico-

694 2518 842 2559 rum
873 2497 1369 2560 contumacium.
1466 2498 1598 2563 Qui
1628 2497 1800 2560 enim
1831 2497 1902 2558 in
1932 2497 2287 2559 custodiam
2324 2496 2488 2574 duci,
2522 2497 2629 2578 qui
2674 2518 2894 2560 eorum

693 2600 865 2665 bona
894 2601 1048 2664 fisco
1081 2602 1290 2664 addici
1319 2609 1640 2685 poterant,
1667 2600 1793 2663 nisi
1818 2601 1996 2683 Papa
2023 2600 2197 2683 pleni
2229 2607 2370 2662 tum
2402 2600 2534 2662 suis
2564 2600 2668 2663 hic
2701 2602 2895 2684 Regi-

693 2702 816 2767 bus
844 2704 1285 2768 restitissent?

756 2855 867 2905 Hos
890 2857 1027 2921 ipsos
1052 2858 1275 2920 quinque
1298 2857 1610 2920 Anglicanos
1641 2870 1797 2918 reges,
1829 2853 2070 2918 quicquid
2109 2854 2317 2905 tandem
2353 2855 2565 2918 egerint,
2605 2855 2759 2905 fuisse
2793 2855 2894 2906 fide

821 2938 1122 2997 Catholieos‚
1137 2952 1299 3000 neque
1323 2953 1546 3001 unquam
1563 2937 1628 2986 ab
1645 2936 1933 2986 obedientia
1954 2935 2151 2985 Summi
2179 2936 2455 2995 Pontifici&
2480 2940 2539 2986 ut
2569 2938 2797 3001 supremi
2822 2952 2900 2987 cs·

819 3020 945 3081 pitis
969 3019 1221 3080 Ecclesiae,
1243 3017 1710 3082 defecisse-[Bell.
1735 3018 1882 3083 Apol.
1900 3033 1991 3081 pro
2005 3017 2173 3083 Resp]
2196 3034 2245 3082 p.
2267 3018 2346 3072 73.
2361 3019 2495 3083 [Op.,
2518 3025 2638 3070 tom.
2655 3021 2743 3069 vii.
2768 3022 2860 3070 col.

822 3097 932 3147 745.
959 3095 1013 3144 C.
1032 3095 1123 3160 D.]

777 3204 868 3265 At
910 3202 1110 3284 Reyes
1152 3203 1249 3264 illi
1295 3203 1579 3283 quinque,
1627 3201 1749 3265 etsi
1788 3201 1860 3265 in
1902 3202 2045 3266 istis
2076 3203 2163 3267 sic
2195 3202 2497 3269 Pontifici
2528 3203 2609 3267 ad
2638 3205 2893 3288 opposi-

690 3314 833 3368 tum
879 3305 1143 3383 fuerint,
1193 3313 1378 3368 erant
1422 3314 1642 3368 tamen
1688 3306 1928 3389 alioqui
1973 3307 2113 3371 sine
2150 3308 2344 3373 dubio
2383 3308 2524 3370 boni
2561 3309 2894 3385 Catholici,

693 3431 812 3474 nec
862 3431 1047 3473 secus
1102 3431 1295 3492 quam
1349 3410 1524 3492 Papa
1573 3410 1642 3471 in
1701 3410 2009 3492 religione
2070 3419 2454 3489 senserunt;
2519 3418 2585 3476 et
2628 3411 2896 3476 insudat

692 3513 863 3593 huic,
921 3534 1035 3595 per
1094 3513 1253 3576 duas
1314 3514 1603 3597 paginaS,
1650 3522 1726 3576 ut
1778 3513 1870 3575 ita
1922 3515 2148 3578 doceat
2208 3516 2494 3579 sensisse.
2603 3515 2892 3578 Miratur

702 3617 875 3699 (scio)
929 3617 1181 3696 Lector,
1226 3615 1487 3679 inanem
1531 3616 1638 3679 hic
1671 3615 2029 3681 Cardinalis
2075 3640 2351 3701 operam.
2444 3618 2640 3696 Nam,
2686 3617 2758 3681 ni
2801 3618 2895 3681 ita

691 3742 841 3784 cum
894 3722 1071 3804 Papa
1122 3722 1470 3784 sensissent
1528 3721 1599 3783 in
1656 3720 1982 3804 religione,
2037 3722 2201 3784 nihil
2257 3722 2494 3785 mirum
2556 3722 2751 3804 Papae
2803 3720 2894 3784 sie

688 3826 1060 3907 opposuisse
1091 3847 1179 3888 se.
1257 3825 1507 3888 Mirum
1537 3831 1777 3901 autem,
1810 3845 1957 3887 cum
1990 3825 2082 3889 sic
2111 3826 2176 3887 in
2210 3826 2520 3909 religione
2551 3823 2890 3902 senserint,

689 3928 861 4011 quod
910 3928 970 3991 ei
1016 3935 1236 3991 tamen
1284 3928 1373 3992 sic
1422 3949 1490 3992 se
1538 3929 1972 4012 opposuerint.
2063 3926 2374 4013 Alioquin
2419 3929 2589 3992 enim
2646 3929 2892 4013 jaceret

686 4040 1166 4115 argumentum,
1229 4033 1411 4117 cujus
1470 4033 1540 4096 in
1601 4054 1677 4096 eo
1728 4033 1821 4095 vis
1870 4032 2110 4115 omniS,
2157 4032 2326 4115 quod
2378 4031 2451 4095 in
2505 4032 2889 4096 Pontificem

685 4135 923 4219 alioqui
978 4135 1133 4199 satis
1182 4136 1414 4215 devoti,
1461 4143 1684 4199 tamen
1736 4157 1919 4198 suam
1967 4136 2062 4197 illi
2111 4136 2561 4199 auctoritatem
2614 4134 2891 4217 Regiam

684 4239 1037 4322 mancipari
1087 4259 1220 4301 non
1267 4238 1559 4303 tulerint.
1652 4237 1970 4321 Quodque
2017 4239 2252 4316 omnia,
2307 4240 2474 4321 (quae
2524 4237 2614 4300 ibi
2666 4244 2891 4299 narrat

686 4341 869 4424 Rex,)
911 4342 1107 4406 etiam
1136 4342 1606 4405 florentissimis
1635 4342 1965 4406 Pontificis
1993 4340 2207 4420 rebuS,
2240 4348 2492 4406 constet
2522 4340 2886 4423 contigisse.

681 4445 792 4522 Et,
825 4465 972 4507 cum
1002 4444 1384 4508 incubarent
1411 4445 1563 4507 Orbi
1596 4445 1989 4509 densissimae
2018 4465 2302 4507 errorum
2335 4445 2637 4524 tenebrae,
2662 4449 2888 4507 tamen

680 4546 781 4607 vel
812 4552 972 4622 tum,
1006 4547 1217 4626 Reges
1247 4547 1392 4610 illos
1424 4548 1695 4611 eandem
1734 4550 1952 4630 (quam
1997 4555 2218 4612 noster
2259 4549 2459 4632 nunc)
2494 4554 2884 4631 potestatem
