3165 4959
706 347 836 408 326
1334 360 1419 406 An
1464 359 1848 407 cfflnmALis
1892 357 2290 405 BELLARMIM

836 511 946 562 dies
967 527 1118 577 supra
1140 527 1407 563 numerum
1431 514 1745 576 praefinitum
1768 511 2105 576 quadraginta
2126 512 2351 575 quinque
2375 509 2710 581 praestolatur,
2730 508 2929 571 quibus

838 601 915 645 est.
938 595 1188 645 Dominus
1213 596 1388 658 [atque
1412 595 1643 645 Salvator
1665 596 1721 644 in
1742 610 1832 645 sua
1851 596 2140 659 majestate]
2166 595 2459 652 ventums‘,’
2481 596 2564 642 ae.
2633 591 2764 641 Haec
2787 590 2925 652 (ille)

840 713 852 725 .
888 713 901 727 .
935 715 947 727 .
984 693 1198 740 maguus
1222 678 1750 743 Pontificius—[Bell.
1777 678 1924 742 Apol.
1950 693 2041 743 pro
2065 676 2237 742 Resp.]
2276 693 2324 741 p.
2352 680 2463 727 138.
2522 675 2656 739 [Op.,
2679 680 2806 723 tom.
2828 675 2925 723 vii.

840 760 933 809 col.
956 759 1066 810 782.
1090 761 1150 808 Α.
1169 760 1253 823 B.]

386 867 593 944 [Utrum
799 857 1001 939 Atqui
1029 856 1373 920 infeliciter
1402 864 1544 940 post
1573 866 1821 940 pugnat
1855 857 2234 936 Cardinalis,
2269 856 2422 921 dum
2466 878 2532 920 se
2563 857 2751 920 docet
2783 877 2928 919 non

384 933 686 1045 {uffigglpost
712 979 1070 1043 repugnare
1105 960 1472 1043 Scripturae,
1521 982 1670 1024 cum
1716 960 1941 1024 diebus
1970 960 2119 1037 xlv„
2166 968 2309 1043 post
2354 959 2708 1023 triennium
2753 958 2928 1021 illud

386 1062 558 1138 Anti-0
615 1127 626 1138 ,
714 1083 861 1125 cum
908 1062 1174 1126 dimidio
1219 1070 1535 1142 exactum,
1584 1064 1812 1127 mundi
1855 1064 2053 1127 finem
2096 1064 2232 1126 fore
2274 1063 2566 1138 affirmat,
2598 1069 2797 1144 atque
2830 1062 2929 1124 ita

386 1127 657 1240 ffissffiu?
714 1167 910 1230 finem
950 1168 1251 1229 incertum
1295 1186 1415 1230 non
1438 1166 1605 1248 sore,
1640 1188 1829 1250 quem
1859 1175 2078 1229 tamen
2109 1165 2406 1230 Christus
2438 1168 2741 1228 incertum
2767 1165 2928 1245 sore

387 1255 661 1320 ventum]
716 1270 981 1334 dixerat.
1094 1270 1451 1334 Infeliciter
1507 1271 1845 1353 (inquam).
1945 1269 2222 1332 Nullum
2283 1270 2455 1333 enim
2514 1268 2619 1332 hic
2678 1270 2928 1352 reperit

716 1378 1087 1461 suffugium,
1139 1385 1216 1440 ut
1264 1377 1464 1441 ictum
1512 1376 1814 1453 declinet,
1869 1376 1994 1439 nisi
2053 1382 2128 1438 ut
2185 1376 2450 1458 recipiat
2509 1396 2576 1438 se
2638 1398 2677 1437 a
2736 1383 2928 1458 tergo

718 1480 1121 1564 Hieronymi,
1158 1501 1433 1563 eumque
1478 1478 1867 1562 interponat,
1904 1486 1971 1541 et
2014 1486 2297 1562 opponat
2342 1478 2620 1556 Christo,
2661 1500 2791 1560 quo
2829 1479 2927 1542 sic

715 1584 970 1667 plagam
1016 1604 1099 1647 ne
1148 1584 1436 1667 accipiat.
1528 1583 1767 1645 Miram
1821 1590 2039 1644 autem
2085 1581 2514 1664 respondendi
2557 1582 2924 1644 rationem:

718 1686 960 1751 Christi
1006 1687 1204 1769 ipsius
1253 1686 1614 1764 sententiae,
1664 1684 1882 1747 nescio
1935 1692 2089 1767 quot
2141 1684 2296 1748 locis
2342 1684 2652 1767 repetitae,
2704 1684 2926 1747 Patris

716 1791 909 1854 unius
970 1791 1362 1854 sententiam
1420 1790 1638 1853 nescio
1699 1810 1893 1871 quam
1953 1788 2278 1871 objicere;
2355 1809 2502 1851 cum
2555 1788 2926 1852 Cardinalis

716 1901 937 1956 tamen
966 1895 1103 1977 ipse
1148 1916 1282 1958 non
1314 1895 1403 1956 sic
1435 1915 1687 1977 semper
1713 1893 1951 1957 habeat
1984 1893 2226 1969 Patres,
2263 1892 2418 1976 quin
2448 1913 2524 1955 ex
2555 1892 2682 1954 illis
2716 1913 2925 1975 quen-

718 2017 931 2078 quam,
986 2018 1060 2059 ex
1117 2018 1308 2060 causa
1364 1997 1582 2060 minus
1636 2004 1806 2079 apta,
1866 2018 2033 2079 saepe
2085 1995 2351 2080 rejiciat.
2443 1995 2747 2073 Tametsi,
2798 2016 2926 2059 nec

718 2097 996 2161 multum
1050 2099 1144 2161 illi
1194 2099 1265 2162 in
1314 2100 1715 2184 Hieronymo
1766 2099 2044 2183 praesidii
2104 2106 2221 2177 est,
2273 2098 2383 2182 qui
2439 2098 2667 2181 recipit
2719 2120 2791 2162 se
2842 2099 2927 2162 ad

475 2207 605 2267 236
720 2202 993 2263 divinam
1034 2204 1378 2282 scientiam,
1418 2224 1543 2284 pro
1578 2204 1826 2266 silentio
1871 2202 1982 2266 illo
2027 2224 2161 2280 su0,
2208 2210 2272 2266 et
2305 2202 2504 2284 Requi
2548 2202 2854 2265 dilatione
2871 2219 2924 2264 υ.

720 2304 914 2368 Unde
946 2311 1161 2368 autem
1192 2306 1304 2369 illa
1331 2306 1537 2389 magis
1568 2306 1931 2382 manifesta,
1966 2326 2161 2389 quam
2183 2325 2261 2367 ex
2291 2304 2533 2369 Christi
2559 2304 2759 2387 ipsius
2791 2325 2924 2383 ore,

713 2407 784 2471 in
830 2431 956 2493 quo
998 2411 1401 2474 scientiarum
1445 2412 1713 2473 omnium
1755 2411 2034 2472 thesauri
2079 2409 2522 2472 absconditi'?
2583 2409 2713 2492 qui,
2765 2408 2924 2470 dum

712 2512 1035 2577 incertum
1084 2515 1256 2578 diem
1305 2514 1488 2578 illum
1533 2514 1716 2590 dixit,
1754 2513 2083 2577 silentium
2127 2512 2314 2576 nobis
2344 2512 2597 2589 indixit,
2631 2511 2711 2575 de
2743 2519 2924 2575 certo

713 2616 965 2680 dierum
992 2639 1263 2682 numero
1292 2617 1385 2680 illi
1414 2616 1852 2701 praefiniendO.
1947 2616 2271 2698 Quicquid
2316 2638 2469 2698 ergo
2505 2616 2612 2678 hic
2644 2616 2924 2678 senserit

716 2719 1154 2805 Hieronymus
1219 2721 1556 2804 (ascriptus
1633 2720 1715 2783 ad
1787 2719 1955 2782 hanc
2028 2721 2166 2803 jam
2225 2740 2364 2782 rem
2425 2724 2690 2801 repente
2750 2718 2928 2781 inter

714 2823 1109 2907 Pontificios)
1147 2830 1223 2887 ut
1258 2824 1364 2887 hic
1410 2846 1511 2887 res
1560 2845 1626 2886 se
1672 2822 1889 2897 habet,
1932 2829 2006 2885 ut
2036 2823 2229 2886 verba
2260 2822 2501 2886 Christi
2543 2829 2678 2884 tam
2726 2822 2921 2898 clara,

711 2931 844 2988 tam
907 2927 1162 3004 diserta,
1226 2925 1499 2989 liberum
1574 2927 1697 2989 erit
1771 2926 1969 2988 cuivis
2032 2947 2213 2989 secus
2277 2925 2565 3001 sentire;
2641 2923 2922 2987 liberum

712 3035 931 3091 autem
984 3032 1082 3109 (ut
1129 3028 1313 3092 initio
1367 3028 1519 3110 dixi)
1567 3028 1637 3091 in
1687 3034 1826 3092 tota
1871 3029 1994 3092 hac
2044 3027 2417 3111 quaestione,
2462 3027 2534 3089 in
2581 3047 2710 3110 qua
2756 3026 2923 3089 nihil

712 3129 867 3191 dum
898 3131 999 3192 vel
1033 3130 1331 3214 Synodus
1376 3131 1509 3193 ulla
1548 3130 1858 3210 definivit,
1893 3139 1959 3195 et
1991 3133 2214 3195 Patres
2244 3131 2366 3213 ipsi
2396 3129 2764 3193 libertatem
2797 3130 2921 3193 sibi

711 3241 996 3312 sumunt,
1049 3233 1116 3296 in
1173 3255 1364 3297 sensu
1416 3255 1532 3298 suo
1585 3235 1961 3299 abundandi
1996 3260 2009 3298 :
2075 3242 2160 3314 et,
2211 3256 2405 3318 quam
2453 3233 2576 3297 sibi
2624 3241 2920 3311 sumunt,

709 3335 895 3399 nobis
925 3359 1059 3401 non
1090 3343 1349 3421 gravate
1380 3337 1641 3401 faciunt.

776 3482 885 3532 Nos
924 3484 1060 3533 enim
1097 3496 1211 3532 vere
1243 3482 1495 3532 nescimus
1532 3481 1671 3532 diem
1709 3487 1861 3545 atque
1896 3482 2073 3532 horam
2103 3480 2306 3546 judicii.
2340 3519 2351 3530 .
2390 3519 2402 3531 .
2441 3517 2453 3529 .
2489 3481 2575 3530 Illi
2607 3484 2796 3541 autem,
2830 3480 2922 3544 qui

840 3567 1147 3617 Antichristi
1166 3572 1267 3617 tem
1274 3567 1477 3631 poribus
1495 3567 1550 3616 in
1566 3567 1697 3616 vivis
1720 3566 2055 3623 invenientur,
2073 3565 2218 3615 facile
2236 3566 2361 3615 scire
2385 3569 2636 3629 poterunt,
2651 3579 2756 3614 nou
2770 3564 2924 3628 longe

840 3649 1008 3698 abesse
1040 3648 1176 3699 diem
1208 3649 1410 3713 judicii,
1434 3653 1487 3699 et
1509 3648 1689 3698 mundi
1714 3646 2432 3711 consummationem-{Bou
2457 3645 2606 3710 Apol.
2632 3661 2723 3710 pro
2747 3645 2901 3710 Resp.

841 3744 891 3794 p.
912 3732 1018 3780 138.
1056 3730 1187 3794 [Op.,
1210 3735 1333 3781 tom.
1356 3730 1444 3781 vii.
1467 3731 1559 3780 col.
1588 3731 1699 3781 782.
1720 3728 1776 3778 Β.
1797 3726 1873 3791 C.]

388 3840 559 3917 [Dipsu
805 3828 949 3906 Sed,
996 3829 1345 3912 Evangelio
1382 3835 1606 3893 tamen
1652 3828 1882 3905 adhuc,
1928 3824 2040 3889 sed
2072 3824 2351 3902 Christo,
2385 3825 2492 3907 qui
2536 3825 2710 3888 diem
2756 3824 2923 3889 dixit

379 3904 628 4033 {ssfflffflffl
713 3932 1028 4016 ignotum,
1060 3933 1350 3997 nondum
1395 3933 1798 3996 satisfactum
1843 3938 1960 3995 est.
2051 3932 2156 3994 En
2200 3950 2354 4011 ergo
2398 3930 2695 4013 glossam,
2737 3930 2924 3992 novi-

713 4036 872 4098 tiam
917 4042 983 4099 et
1027 4057 1360 4119 nuperam.
1451 4035 1765 4112 Primum,
1795 4055 1928 4097 non
1960 4033 2040 4096 de
2072 4034 2174 4097 die
2204 4033 2465 4116 quidem
2495 4041 2562 4096 et
2590 4034 2748 4095 liora
2776 4054 2902 4096 nos

714 4146 780 4202 at
824 4138 904 4201 de
944 4144 1213 4218 tempore
1255 4145 1496 4215 tamen,
1529 4143 1732 4201 certos
1771 4136 1924 4200 sinit
1955 4157 2092 4200 esse
2124 4136 2520 4200 Cardinalis:
2570 4136 2680 4219 qui
2709 4156 2925 4218 nuper

777 4318 792 4348 ¹
831 4315 905 4379 [S.
946 4314 1088 4364 Hier.
1136 4316 1191 4363 in
1230 4315 1356 4364 Dan.
1392 4315 1482 4363 xii.
1528 4317 1604 4364 12.
1657 4314 1768 4378 Op„
1856 4320 1947 4374 est,
1983 4315 2083 4363 nisi
2113 4313 2240 4364 forte
2275 4314 2517 4374 dicamus,
2556 4313 2736 4362 dilatio
2771 4315 2922 4375 regui

712 4385 833 4429 tom.
859 4396 904 4428 v.
938 4380 1030 4428 col.
1055 4380 1163 4430 730.
1190 4380 1280 4443 A.]
1858 4380 2155 4430 Sanctorum
2233 4380 2495 4442 patientias
2568 4377 2921 4442 comprobatio

777 4453 800 4475 '²
836 4445 889 4508 [“
908 4444 1069 4500 Quare
1107 4449 1276 4493 autem
1316 4448 1431 4507 post
1465 4444 1769 4494 interfectio-
1857 4444 2092 4494 οδω-8.
2122 4443 2260 4494 Hier.
2286 4443 2434 4507 ibid]

713 4523 828 4555 nem
856 4508 1159 4556 Antichristi
1187 4507 1524 4570 quadraginta
1545 4510 1769 4572 quinque
1921 4518 1941 4539 '
1977 4509 2083 4559 Col.
2109 4509 2162 4559 ii.
2188 4513 2232 4558 3.

712 4570 906 4617 dierum
930 4570 1189 4618 silentium
1213 4577 1305 4630 est,
1330 4571 1519 4622 divinae
1542 4574 1768 4622 scientim
