3165 4959
984 323 1348 372 Aromclffl
1392 323 1753 372 Rssroxsm.
2199 337 2209 345 ·
2351 311 2478 373 233

270 475 586 559 refigendi
615 482 850 539 vetera.
910 476 1078 539 Tum
1108 498 1318 561 neque
1347 477 1540 541 aliam
1568 477 1676 542 hic
1703 498 1962 560 poenam
1992 478 2246 562 apponi,
2279 478 2482 561 siquis

269 579 488 659 violet,
521 601 716 662 quam
745 586 821 643 ut
852 579 1079 643 subeat
1109 582 1234 643 τῶν
1264 578 1542 646 κανόνων
1570 579 1884 664 ἐπιτίμια.

337 713 523 764 Exstat
567 713 785 778 denique
820 751 831 763 .
867 751 879 763 .
916 715 1132 765 Aetione
1174 715 1443 768 undecima
1474 753 1487 766 .
1524 754 1538 768 .
1572 753 1586 767 .
1621 717 1826 782 publica
1862 718 2114 767 invoeatio
2143 753 2156 767 .
2192 753 2205 765 .
2241 715 2484 780 Martyris

405 794 871 859 Flaviani—[Bell.
886 796 1037 860 Apol.
1062 812 1154 861 pro
1179 796 1348 863 Resp.]
1371 814 1419 863 p.
1436 802 1513 849 93.
1538 799 1671 864 [Op.,
1693 802 1818 849 tom.
1831 799 1918 848 vii.
1943 798 2035 849 eol.
2052 797 2164 850 756.
2187 797 2275 862 D.]

362 896 466 959 De
502 895 784 958 Clamore
826 895 939 960 illo
977 897 1114 981 jam
1150 899 1347 961 semel
1389 899 1860 962 conclamatum
1906 904 2006 962 est
2025 895 2074 962 d.
2163 898 2484 961 Invocatio
2515 904 2742 983 [Sancto

269 998 389 1062 illa
416 1020 551 1062 non
581 998 725 1062 fuit.
818 999 1006 1062 Nihil
1043 999 1149 1063 hic
1181 1001 1506 1065 Cardinali
1554 1007 1671 1081 est,
1703 1003 1832 1065 nisi
1860 1010 2104 1080 votum,
2136 1009 2212 1065 ut
2249 1001 2483 1066 oratio·
2510 985 2790 1085 2303*sp

274 1123 441 1165 num
503 1108 829 1185 compotes
880 1102 1060 1181 fiant,
1110 1103 1344 1186 quibus
1391 1105 1490 1168 uti
1541 1111 1684 1168 tum
1732 1105 1803 1168 in
1861 1105 2039 1169 coelis
2085 1104 2482 1182 Flavianum,
2513 1100 2661 1150 Cone.

279 1226 469 1288 spem
526 1226 681 1282 non,
716 1225 949 1268 vanam
1007 1205 1354 1271 habebant.
1394 1244 1398 1248 <
1462 1208 1651 1272 Idem
1711 1229 1859 1273 vero
1919 1214 1985 1271 et
2043 1213 2359 1285 nostrum,
2410 1215 2487 1286 ut
2511 1165 2734 1281 fflgc'fg.

274 1308 602 1387 Ecclesiae,
635 1329 856 1391 quaeve
901 1310 973 1372 in
1019 1311 1207 1374 terris
1254 1318 1373 1390 est,
1417 1334 1636 1395 quaeve
1657 1309 1751 1375 'in
1798 1312 1994 1386 coelis,
2032 1312 2122 1393 (et
2159 1312 2363 1376 nobis‘
2380 1312 2488 1375 hic
2511 1294 2632 1359 ηδ]

276 1412 712 1477 militantibus
758 1413 928 1477 bene
975 1415 1136 1498 vult)
1186 1436 1408 1498 preces
1456 1407 1697 1495 audiat,
1744 1415 1988 1480 Christi
2037 1428 2254 1478 autem
2301 1437 2490 1499 super

277 1537 505 1580 omnes
520 1541 539 1592 ς
589 1517 804 1581 Deum
834 1524 1073 1595 autem,
1106 1525 1172 1581 et
1201 1518 1282 1582 ab
1312 1518 1460 1597 illis,
1481 1526 1546 1582 et
1577 1541 1616 1583 a
1646 1518 1851 1597 nobis,
1876 1526 1943 1582 et
1965 1518 2226 1608 quidem
2258 1519 2486 1598 solum,

275 1618 745 1705 invocandum:
793 1617 1003 1706 solum
1035 1625 1229 1700 certe,
1261 1642 1456 1704 quem
1483 1620 1678 1704 primi
1701 1621 2055 1685 Christiani
2084 1620 2275 1703 (quod
2297 1620 2489 1685 hodie

277 1725 557 1806 constet)
604 1724 1007 1803 invocarunt,
1073 1747 1147 1789 ac
1204 1726 1474 1809 proinde
1522 1728 1754 1806 solum,
1804 1748 1995 1809 quem
2048 1729 2185 1791 Rex
2231 1733 2376 1792 tuto
2420 1749 2490 1791 se

279 1826 604 1890 existimet
632 1847 816 1909 posse
843 1827 1160 1892 invocare.

346 1960 523 2012 Restat
542 1966 600 2012 ut
620 1962 683 2013 de
706 1962 756 2013 S.
775 1962 1000 2020 Patrum.
1021 1964 1109 2028 qui
1133 1953 1314 2028 primis
1346 1966 1641 2029 quingentis
1674 1967 1823 2017 annis
1851 1966 2143 2028 floruerunt,
2168 1967 2491 2018 veneratione

412 2043 656 2095 dieamus.
684 2081 697 2095 .
722 2082 736 2096 .
761 2044 881 2095 Non
903 2061 1047 2109 posse
1069 2045 1214 2096 reddi
1249 2083 1261 2095 .
1288 2081 1302 2095 .
1338 2049 1605 2109 rationem,
1628 2063 1718 2098 cur
1748 2062 1853 2099 uon
1877 2048 1985 2097 sint
2006 2049 2161 2098 ctiam
2183 2048 2491 2098 admittendi

312 2146 323 2153 ·
413 2125 464 2175 S.
499 2125 787 2189 Gregorius,
831 2126 1194 2200 [Venerabilis]
1238 2128 1390 2189 Beda,
1435 2128 1529 2193 [8.]
1570 2129 1856 2190 Anselmus,
1910 2129 2003 2194 [S.]
2044 2129 2343 2191 Bel-nardus,
2396 2129 2488 2194 [S.]

412 2206 645 2268 Thomas,
687 2207 781 2273 [S.]
806 2208 1172 2268 Bonaventura,
1206 2214 1261 2260 et
1293 2210 1620 2275 alii—[Bell.
1645 2212 1794 2275 Apol.
1820 2226 1912 2275 pro
1938 2211 2085 2276 Resp.
2118 2211 2229 2276 Op„
2261 2215 2383 2262 tom.
2400 2212 2490 2262 vii.

411 2287 505 2336 col.
531 2286 645 2339 766.
665 2286 754 2351 D.]
868 2320 876 2328 -
1421 2327 1427 2332 .
1500 2347 1505 2351 ,
1536 2324 1541 2329 -
2113 2331 2118 2338 .

368 2386 673 2470 Accingit
720 2408 790 2450 se
841 2388 981 2470 jam
1029 2388 1119 2450 ad
1169 2410 1366 2452 annos
1414 2391 1799 2472 quinqentos,
1849 2390 2107 2474 quique,
2159 2411 2273 2475 per
2322 2389 2486 2469 illos,
2514 2398 2709 2464 [Patres

284 2491 510 2555 Patres
542 2492 905 2556 sanctitatis
937 2493 1126 2557 laude
1155 2494 1534 2559 floruerunt.
1628 2495 1878 2559 Mutire
1922 2502 2146 2558 tamen
2190 2501 2255 2559 et
2291 2495 2487 2578 quiri·
2513 2469 2730 2579 {322²
2749 2463 2814 2514 D·

281 2594 426 2673 tari,
460 2595 639 2677 quasi
676 2595 755 2658 de
800 2602 1075 2679 angusto
1113 2597 1308 2681 nimis
1348 2598 1468 2662 sibi
1505 2598 1989 2682 circumscripto
2017 2599 2258 2662 limite:
2308 2598 2490 2681 quasi
2513 2594 2686 2671 guium?

284 2699 577 2782 desperet
611 2700 930 2789 nonnihil,
962 2702 1226 2785 perphos
1269 2681 1572 2765 effectuin
1614 2702 1787 2781 dare,
1821 2701 1994 2791 quod
2028 2702 2226 2786 cupit.
2271 2682 2277 2689 ’
2315 2704 2492 2766 Nam
2514 2657 2723 2722 mmm]

282 2824 400 2879 cur
429 2804 973 2887 Bonaventuram,
1009 2805 1346 2884 Thomam,
1377 2805 1789 2884 Anselmum,
1814 2826 1948 2869 non
1978 2806 2285 2870 admittat
2306 2807 2489 2870 Rex?

283 2906 514 2969 saltem
566 2907 832 2987 Bedam,
866 2913 932 2971 et
980 2909 1413 2992 Gregorium?
1462 2930 1643 2991 quos,
1675 2909 1812 2974 sine
1863 2916 2040 2973 certa
2088 2909 2338 2974 ratione
2383 2930 2490 2973 ex-

283 3008 495 3073 clusos
526 2996 737 3073 dolet}
810 3011 917 3074 Ne
947 3032 1097 3075 vero
1127 3011 1362 3076 doleat.
1450 3012 1553 3076 De
1580 3012 1661 3075 iis
1690 3012 1866 3077 enim
1894 3013 2002 3077 hic
2030 3012 2222 3077 rebus
2251 3012 2489 3097 agitur,

282 3115 355 3179 in
386 3114 621 3199 quibus
659 3116 768 3198 jus
801 3116 899 3179 illi
943 3117 1232 3180 Testium
1272 3138 1406 3181 non
1447 3117 1717 3183 habent.
1796 3118 2189 3204 *Inciderunt
2219 3118 2496 3183 enimin

282 3240 362 3283 ea
406 3225 716 3303 tempora,
769 3239 932 3303 quae,
986 3227 1227 3301 quanto
1278 3220 1558 3310 longius·
1584 3221 1852 3285 aberant
1898 3221 1980 3286 ab
2030 3223 2491 3306 Apostolorum
2597 3250 2606 3261 ·

284 3321 540 3399 saecu10,
582 3321 678 3409 (ut
708 3328 951 3405 quanto
982 3322 1239 3386 Canalis
1270 3323 1537 3411 a‘soute)
1576 3330 1764 3389 tanto
1794 3325 2025 3389 vitium
2048 3325 2252 3409 magis
2281 3332 2490 3390 traxe-

282 3429 463 3499 runt.
538 3424 682 3488 Nec
712 3424 948 3488 mirum
979 3425 1194 3504 etiam,
1236 3427 1331 3510 (ut
1362 3448 1544 3510 aquae
1572 3427 1818 3513 latices,
1849 3449 1965 3511 per
1994 3427 2167 3511 quod
2195 3429 2493 3492 seruntur
2605 3422 2732 3486 173

284 3527 515 3605 solum,
545 3526 641 3591 ita
669 3529 757 3609 et)
793 3528 911 3592 hos
943 3529 1269 3607 saeculum,
1307 3549 1429 3615 per*
1457 3530 1629 3611 quod
1660 3531 1976 3608 vixerunt,
2008 3530 2309 3593 nonnihil
2336 3530 2492 3594 resi-

281 3630 540 3713 puisse:
603 3630 748 3695 Nec
784 3651 936 3714 ergo
980 3652 1243 3715 prorsus
1280 3630 1504 3695 eadem
1544 3652 1661 3716 per
1704 3633 1922 3695 omnia
1961 3632 2272 3715 qualitate
2316 3639 2493 3695 utro-

282 3732 481 3816 bique
532 3733 815 3818 spiritus.
922 3735 1120 3819 Nam,
1174 3742 1239 3798 et
1287 3735 1521 3812 Eurus,
1577 3734 1731 3817 quia
1787 3755 1903 3817 per
1961 3734 2217 3798 deserta
2273 3734 2493 3818 spirat,

288 3836 508 3900 aridus
526 3862 545 3915 3
592 3839 852 3922 Auster,
886 3838 1038 3922 quia
1065 3860 1181 3922 per
1209 3859 1408 3916 mare,
1439 3838 1785 3902 humidus:
1832 3837 2059 3901 itidem
2104 3844 2169 3901 et
2213 3838 2494 3917 illorum,

283 3962 328 4004 a
346 3941 655 4024 Regione,
680 3941 762 4005 ab
794 3949 1005 4021 aetate,
1027 3964 1153 4026 qua
1180 3942 1501 4022 vivebant,
1519 3942 1820 4006 nonnihil
1850 3941 2177 4006 interdum
2210 3941 2494 4006 attraxit.

285 4044 527 4125 Ferent
574 4052 640 4108 et
677 4045 775 4109 illi
820 4045 1266 4109 testimonium
1301 4046 1443 4110 loco
1489 4068 1624 4124 suo,
1673 4045 1815 4109 aliis
1867 4046 1936 4108 in
1983 4045 2212 4109 rebus:
2266 4044 2347 4107 ad
2382 4044 2498 4107 has

285 4167 422 4213 non
451 4154 586 4212 tam
617 4147 853 4212 idonei.
929 4147 1167 4232 Agitur
1196 4147 1369 4211 enim
1401 4148 1481 4212 de
1512 4148 1910 4231 corruptelis,
1938 4169 2077 4231 quae
2105 4149 2244 4232 ipso
2274 4168 2496 4211 eorum

286 4250 526 4315 saeculo
554 4251 858 4316 videntur
884 4251 1236 4336 irrepsisse.

1102 4403 1127 4436 ⁴
1159 4405 1314 4470 [Vide
1335 4420 1499 4470 supra,
1522 4420 1571 4469 p.
1595 4406 1705 4470 484
