3165 4959
963 377 1329 424 stomoma
1374 377 1738 426 ursmNsm.
2333 367 2457 429 117

246 531 503 596 versiisn
558 539 755 612 sunt3
817 534 989 617 apud
1036 535 1306 598 'Portum
1357 548 1638 617 nuper⁰:
1687 536 1791 599 hic
1837 536 1908 598 in
1957 536 2274 619 Apologia
2312 539 2453 623 jam

243 634 456 711 terti0,
489 635 694 700 odiosi
724 657 977 719 semper
1005 644 1071 699 et
1101 636 1374 700 molesti.

306 770 382 818 Ac
416 769 481 820 de
514 770 780 836 Episcopis
814 771 1210 835 quibuscunque,
1243 773 1399 822 etiam
1433 787 1536 822 non
1571 773 1938 834 Cardinalibus,
1967 775 2148 824 scribit
2178 776 2449 839 Gregorius

371 851 724 902 Nazianzenus
742 854 798 902 in
821 852 1061 903 Oratione
1082 852 1145 903 ad
1170 854 1414 918 populum
1437 856 1620 905 timore
1642 856 1925 919 perculsum
1948 861 2001 906 et
2024 856 2298 907 Praesidem
2320 858 2445 908 iras-

366 938 583 982 centem.
619 933 734 982 ‘Au
756 935 870 995 me,’
890 935 1076 998 inquit,
1100 934 1285 984 ‘libere
1302 934 1592 998 loquentem
1615 950 1760 1000 oequo
1781 939 1951 987 animo
1972 937 2147 988 fertis?
2198 938 2335 989 Nam
2357 955 2447 989 vos

369 1028 568 1077 quoque
592 1015 832 1077 potestati
854 1029 998 1076 mese,
1021 1016 1245 1078 meisque
1269 1016 1537 1078 subselliis,
1552 1016 1637 1066 lex
1652 1017 1842 1066 Christi
1866 1018 2094 1081 subjecit.
2163 1019 2443 1084 Imperium

366 1097 508 1144 enim
532 1097 630 1159 ipsi
653 1111 848 1160 quoque
868 1098 1107 1159 gerimus,
1130 1096 1261 1147 addo
1289 1099 1443 1148 etiam
1477 1099 1802 1162 praestantius
1828 1104 1978 1164 atque
2011 1101 2309 1164 perfectius:
2341 1103 2442 1152 nisi

367 1192 485 1226 vero
524 1193 728 1241 aequum
767 1183 860 1237 est,
897 1179 1136 1242 spiritum
1181 1180 1320 1230 carni
1353 1179 1506 1230 fasces
1537 1180 1854 1241 submittere,
1889 1185 1941 1230 et
1975 1182 2198 1231 eoelestia
2229 1184 2443 1233 terrenis

364 1258 543 1308 cedere
557 1260 661 1308 ¹’.’-
679 1259 827 1324 [Bell.
852 1259 1001 1323 Apol.
1025 1275 1117 1324 pro
1140 1259 1311 1326 Resp]
1333 1276 1381 1324 p.
1398 1263 1475 1312 31.
1501 1260 1634 1326 [Op.,
1657 1265 1782 1311 tom.
1796 1262 1882 1311 vii.
1905 1263 1997 1313 eol.
2016 1262 2046 1314 7
2051 1265 2127 1312 22.
2153 1262 2210 1312 B.
2232 1263 2310 1329 0.]

321 1367 647 1431 Pessimus
677 1376 894 1432 autem
923 1369 1030 1433 hie
1061 1391 1200 1434 mos
1230 1369 1522 1448 invaluit,
1556 1370 1825 1433 Patrum
1857 1370 2050 1434 verba
2079 1372 2217 1435 sine
2247 1394 2440 1437 sensu
2465 1391 2563 1456 [De
2585 1390 2721 1456 Epis-

233 1470 503 1534 Patrum
549 1470 932 1554 proferendi,
975 1473 1244 1536 Patrum
1272 1473 1469 1536 verba
1517 1470 1932 1559 κακοτρόπως
1979 1496 2018 1537 a
2062 1481 2280 1539 mente
2324 1497 2441 1539 sua
2463 1457 2627 1570 {2853}
2647 1458 2767 1571 ἐξ·

233 1574 318 1636 ad
347 1574 625 1638 alienam
656 1575 1098 1660 detorquendi.
1189 1577 1344 1640 Non
1373 1582 1474 1639 est
1503 1577 1679 1639 enim
1709 1583 1846 1640 tam
1877 1578 2255 1656 curandum,
2287 1580 2444 1660 quid
2463 1586 2680 1636 timonis

235 1675 455 1740 dicant
483 1678 728 1756 Patres,
762 1700 956 1761 quam
1001 1680 1090 1741 ad
1136 1680 1289 1761 quid
1303 1704 1326 1750 ,·
1373 1700 1500 1763 quo
1544 1700 1778 1763 nempe
1826 1680 2060 1757 animn,
2107 1702 2434 1763 quorsum,
2462 1650 2687 1779 {53:55

233 1800 429 1861 quem
471 1779 545 1842 in
593 1780 790 1843 finem
843 1781 1138 1845 dixerint.
1230 1782 1406 1845 Nam
1456 1781 1609 1866 quid
1638 1784 1668 1845 ’.Ρ
1758 1783 1868 1845 An
1920 1804 1996 1846 ea
2042 1784 2439 1848 Nazianzeni

230 1903 437 1961 mens,
470 1904 554 1946 an
585 1904 662 1946 ea
688 1891 909 1947 mente
936 1884 1192 1948 locutus
1223 1883 1433 1962 verba,
1468 1905 1611 1968 quae
1655 1884 1893 1950 delibat
1935 1885 2027 1948 ibi
2059 1885 2435 1965 Cardinalis,

228 1993 305 2047 ut
372 1986 473 2049 De
531 1987 992 2067 comparatione
1041 1987 1235 2069 Reyis
1286 1993 1347 2050 et
1419 1988 1722 2069 Episcopi
1772 1988 2069 2071 cogitarit
2090 1991 2120 2052 ’.Ρ
2210 1990 2434 2068 Mitto,

230 2088 405 2170 quod
448 2089 552 2152 vix
603 2089 771 2153 bene
829 2090 1193 2168 concludat,
1242 2113 1281 2154 a
1328 2091 1610 2154 Proeside
1656 2090 1739 2153 ad
1790 2092 2113 2157 Caesarem.
2209 2093 2338 2156 Sed
2369 2100 2435 2157 et

228 2191 353 2257 hoe
396 2201 639 2272 tamen,
673 2194 752 2257 de
783 2195 1084 2273 Praeside,
1129 2195 1586 2259 Nazianzenus
1634 2195 1769 2278 ipse
1816 2195 2239 2279 praemollivit,
2286 2218 2436 2261 cum

225 2295 317 2357 ita
346 2295 672 2379 praefatuS,
703 2298 809 2359 An
836 2318 933 2359 me
962 2298 1151 2360 libere
1181 2299 1521 2379 loquentem
1564 2319 1734 2380 oequo
1781 2300 1985 2362 animo
2021 2297 2200 2380 feres
2219 2300 2253 2362 ?
2337 2299 2438 2363 Ea

226 2399 282 2461 si
340 2400 516 2484 apud
575 2402 917 2464 Proesidem
974 2402 1326 2465 Provinciae
1397 2423 1553 2465 usus
1627 2409 1744 2481 est,
1808 2425 1933 2487 qua
2005 2410 2196 2486 putas
2265 2402 2435 2486 apud

224 2503 662 2567 Theodosium
707 2505 995 2569 oratione
1028 2526 1298 2568 usurum
1326 2505 1523 2569 fuisse
1545 2507 1575 2568 ?
1672 2505 1799 2569 Sed
1831 2506 1910 2569 de
1942 2527 2018 2569 eo
2048 2506 2432 2588 respondeat

221 2606 529 2689 ingenue.
621 2608 1039 2691 Ecquodnam
1068 2610 1463 2672 Nazianzeni
1499 2609 1805 2672 Tribunal
1843 2609 2038 2672 fuerit
2085 2618 2197 2671 aut
2243 2610 2430 2687 Rota,

222 2731 442 2774 coram
474 2733 603 2794 qua
631 2712 827 2775 citato
857 2719 1000 2774 tum
1032 2713 1269 2777 Caesari
1299 2713 1802 2795 comparendum
1832 2712 1960 2775 fuit
1980 2714 2010 2775 ¹?
2100 2711 2434 2775 Ridiculus

222 2814 329 2891 sit,
369 2814 423 2876 si
464 2821 727 2877 asserat.
819 2817 1066 2879 Annon
1105 2816 1300 2879 fuerit
1335 2816 1404 2878 in
1452 2814 1847 2878 conscientia
1885 2814 2115 2876 Forum
2158 2812 2318 2876 illud
2366 2820 2431 2876 et

229 2917 552 2995 Tribunal,
584 2918 664 2981 de
705 2940 830 3001 quo
868 2919 958 2982 ibi
991 2919 1378 3003 Gregorius;
1425 2940 1547 2982 nec
1588 2917 1804 2981 saeculi
1835 2917 2042 2980 honor
2069 2917 2192 2980 iste
2223 2923 2432 2980 exter-

219 3043 350 3084 nus
380 3021 475 3084 illi
504 3021 576 3084 in
618 3028 901 3085 mentem
935 3023 1232 3086 venerit?
1322 3024 1481 3087 Non
1528 3021 1668 3085 haec
1712 3020 1911 3104 igitur
1953 3019 2033 3084 ab
2080 3020 2191 3083 illo
2238 3021 2427 3098 male,

220 3125 378 3208 quia
409 3124 625 3189 animo
654 3146 788 3189 non
818 3125 1006 3189 malo.
1103 3125 1230 3189 Sed
1262 3126 1316 3189 si
1345 3125 1425 3189 de
1458 3127 1706 3189 Caesare
1735 3130 1997 3206 rogatus
2039 3124 2429 3188 sententiam

218 3250 430 3307 snam,
486 3235 553 3291 et
592 3249 673 3290 an
725 3229 785 3292 ei
833 3250 900 3293 se
940 3250 1167 3311 parem
1213 3229 1499 3307 haberet,
1549 3228 1775 3292 haberi
1818 3229 2049 3304 vellet;
2105 3228 2246 3311 quis
2293 3236 2429 3292 tam

218 3353 464 3410 vecors,
509 3339 585 3395 ut
629 3354 763 3395 non
798 3333 1010 3397 videat
1055 3333 1278 3396 statim
1325 3332 1478 3416 quid
1522 3354 1946 3415 responsurus
1968 3335 1998 3395 ⁴?
2044 3332 2218 3395 haud
2255 3330 2431 3395 aliud

219 3441 418 3512 certe,
469 3455 662 3517 quam
709 3436 875 3518 quod
926 3435 1140 3498 Zadoe
1187 3443 1340 3498 ante
1389 3441 1455 3498 et
1500 3434 1792 3511 Nathan,
1838 3434 2068 3515 Reyem
2097 3435 2432 3496 Dominum

218 3557 423 3613 suum,
455 3556 523 3599 se
565 3556 775 3599 servos
812 3538 1050 3601 illimq:
1100 3558 1294 3620 quam
1339 3537 1512 3621 quod
1541 3536 1996 3609 TertullianuS,
2028 3542 2093 3597 et
2127 3537 2429 3617 OptatuS,

227 3640 537 3702 Gaesarem
590 3660 630 3701 a
678 3640 811 3703 Deo
860 3641 1166 3718 Primum,
1209 3646 1360 3721 post
1401 3640 1603 3703 Deum
1652 3638 2000 3701 Secundum
2021 3646 2078 3699 ².-
2145 3637 2279 3699 Nec
2307 3638 2434 3699 nisi
2569 3645 2667 3709 91,

220 3742 446 3820 Deum,
481 3761 824 3823 quenquam
852 3762 1041 3823 super
1067 3743 1514 3823 Imperatorem
1558 3760 1689 3803 esse
1706 3749 1727 3778 ⁸
1747 3766 1767 3803 .·
1816 3760 2029 3821 quam,
2074 3738 2245 3820 quod
2286 3744 2435 3820 post

287 3943 312 3966 ¹·
347 3934 497 3999 [Bell.
522 3934 585 3984 de
607 3933 751 3982 Rom.
772 3932 919 3983 Pont.
944 3933 1032 3982 lib.
1052 3934 1084 3983 i.
1110 3949 1217 3999 cap.
1239 3935 1284 3987 7.
1375 3932 1693 3995 ἑπουρᾶνιω-
1710 3931 1758 3980 S.
1792 3929 1938 3991 Greg.
1973 3929 2024 3978 N
2026 3944 2097 3979 az.
2137 3928 2274 3978 Orat.
2309 3930 2433 3979 xvii.

224 4000 338 4062 Op.,
361 4004 482 4048 tom.
499 4000 531 4048 i.
557 4013 605 4061 p.
624 3999 732 4047 134.
759 3997 817 4047 G.
845 3998 940 4063 H.]
1376 3997 1480 4060 (Ad
1498 3998 1631 4046 cives
1649 3997 1830 4045 timore
1848 3995 2115 4058 perculsos,
2138 4003 2190 4042 et
2211 3993 2277 4042 ad
2301 3992 2434 4041 Prae·

289 4073 313 4096 ⁰
379 4063 506 4113 vide
519 4061 886 4113 'romu-dreni.
904 4078 987 4127 pp.
1009 4065 1283 4113 383—386.
1373 4061 1466 4113 sid.
1496 4062 1748 4122 iraseeut.)
1776 4060 1886 4120 Op.,
1911 4064 2034 4107 tom.
2059 4060 2091 4107 i.
2115 4073 2163 4122 p.
2181 4059 2292 4109 271.
2319 4057 2398 4121 Β.]

225 4126 336 4177 Lon
379 4165 390 4177 .
413 4131 538 4178 1609
552 4145 567 4188 ;
607 4133 658 4176 et
686 4126 820 4177 Edit.
845 4134 999 4176 nostr.
1025 4128 1082 4176 in
1104 4127 1285 4192 marga]
1437 4135 1460 4168 ‘1
1515 4130 1543 4175 3
1568 4125 1688 4187 Reg.
1715 4126 1747 4173 i.
1773 4126 1852 4183 24,
1876 4123 1983 4186 26.]
2373 4185 2384 4197 .

289 4200 312 4230 ⁹
360 4191 511 4257 [Ἀρα
554 4191 745 4254 δέξεσθε
784 4194 875 4241 σὺν
916 4211 1010 4255 παρ
1071 4192 1153 4256 atqu
1196 4192 1287 4240 τᾶν
1439 4199 1459 4224 ¹
1514 4195 1544 4216 ‘⁸
1564 4190 1789 4239 Colimus
1812 4202 1929 4248 ergo
1964 4188 2322 4251 Imperatorem
2345 4200 2433 4244 sic,

223 4254 408 4318 λόγως
444 4261 522 4306 καὶ
552 4259 580 4307 δ
612 4259 699 4306 τοῦ
730 4259 939 4320 Χριστοῦ
967 4275 993 4304 ν
1022 4276 1106 4317 μοι
1133 4256 1287 4305 brovi-
1371 4254 1623 4317 quomodo
1646 4258 1697 4303 et
1713 4253 1860 4302 nobis
1875 4251 2008 4311 lieet,
2023 4258 2076 4301 et
2091 4251 2189 4314 ipsi
2211 4249 2433 4313 expedit,

223 4328 363 4380 θησιν
383 4323 501 4381 anas
522 4325 586 4386 τῇ
610 4323 702 4387 ἐμῇ
723 4321 979 4385 δυναστείᾳ
1000 4323 1078 4370 καὶ
1100 4324 1168 4382 τῷ·
1191 4322 1287 4383 ἐμῷ
1372 4324 1429 4367 ut
1452 4319 1709 4367 hominem
1733 4333 1764 4366 a
1783 4316 1887 4365 Deo
1909 4315 2200 4374 secundum,
2225 4321 2277 4363 et
2299 4314 2432 4376 quie-

222 4386 418 4446 βήματι,
453 4386 666 4449 ἄρχομεν
695 4390 790 4451 γὰρ
827 4387 906 4435 καὶ
941 4386 1092 4434 αὐτοί.
1136 4393 1284 4447 Upon-
1371 4383 1494 4446 quid
1518 4387 1595 4432 est
1611 4397 1641 4430 a
1665 4381 1769 4430 Deo
1786 4385 2123 4439 consecutum¹
2140 4385 2192 4428 et
2208 4381 2313 4428 solo
2329 4378 2434 4429 Deo

223 4452 353 4504 0⁶0-
374 4452 416 4499 δ’
438 4453 514 4501 ὅτι
536 4453 619 4501 καὶ
639 4452 734 4510 τὴν
764 4450 959 4512 μείζονα
989 4452 1070 4499 καὶ
1103 4461 1284 4498 renem·
1370 4447 1736 4497 minorem.”—
1757 4446 1890 4494 Ten.
1935 4445 1999 4494 ad
2045 4444 2187 4508 Scap.
2233 4459 2339 4507 cap.
2379 4444 2434 4495 ii.

223 4514 369 4578 τέρα,
389 4515 563 4578 ἀρχὴν,
598 4513 634 4576 ἦ
670 4518 747 4565 δεῖ
784 4516 843 4564 τὸ
879 4518 1064 4574 πνεῦμα
1106 4516 1285 4575 ferox&-
1373 4512 1484 4575 Op.,
1508 4527 1555 4573 p.
1572 4515 1650 4561 69.
1678 4509 1754 4574 C.]

222 4583 364 4642 φῆσαι
407 4582 474 4644 τῇ
515 4581 675 4643 σαρκὶ,
721 4582 799 4630 καὶ
842 4582 945 4629 τοῖς
990 4578 1175 4640 γῆίνοις
1220 4579 1283 4627 τὰ
1437 4585 1454 4607 “
1492 4575 1694 4640 [“Cum
1738 4591 1888 4640 super
1923 4575 2284 4639 Imperatorem
2333 4588 2436 4627 non
