3165 4959
527 930 612 993 33

743 328 830 390 42
1369 343 1455 390 AD
1501 343 1888 391 CARmNALIs
1931 342 2329 390 BELLARMINI

747 521 939 581 quam
991 498 1275 562 lecturus
1327 498 1432 577 sit,
1484 498 1538 561 si
1590 499 1927 562 nationum
1987 497 2272 562 omnium
2325 503 2521 580 atque
2573 497 2956 560 saeculorum

746 604 1082 693 historiam
1114 604 1326 667 volvat
1359 612 1423 667 et
1454 604 1757 667 revolvat.
1849 600 2195 681 Manifesta
2227 603 2342 663 Ιιοσ
2371 602 2616 682 quidem
2647 604 2961 665 convinci-

748 714 872 786 tur,
904 708 975 770 in
1004 706 1154 770 fidei
1184 707 1357 769 illius
1390 713 1699 784 semente,
1735 726 1877 788 quae
1904 726 2082 769 nunc
2129 704 2298 787 apud
2344 704 2545 768 Indos
2587 705 2777 788 viget,
2811 728 2962 788 quae

754 811 1187 875 Seminatores
1234 810 1462 873 habuit
1515 811 1556 872 J
1562 808 1820 886 esuitaS,
1872 809 2016 890 plus
2073 807 2431 885 turbarum,
2479 816 2545 871 et
2596 808 2959 887 turbinum,

748 917 891 998 plus
941 914 1214 979 feritatis
1266 920 1459 996 atque
1504 912 1926 975 immanitatis
1973 912 2279 990 barbarae,
2326 913 2470 996 plus
2522 913 2958 997 lacrymarum

748 1028 941 1102 atque
972 1018 1302 1101 sanguinis
1329 1017 1766 1094 intervenisse,
1799 1016 1943 1099 plus
1984 1017 2294 1099 (inquam)
2330 1018 2602 1081 infinitis
2642 1020 2962 1101 partibuS,

748 1145 943 1206 quam
971 1124 1074 1186 vel
1096 1123 1175 1185 de
1197 1122 1414 1185 Scotia
1436 1121 1581 1199 dici,
1615 1121 1849 1204 fingive
1879 1122 2101 1205 possit,
2122 1122 2222 1185 vel
2246 1130 2439 1204 gente
2467 1122 2601 1185 ulla
2621 1124 2961 1201 Gentium,

745 1229 815 1290 in
847 1249 973 1310 qua
1006 1226 1402 1290 Reformatio
1441 1233 1664 1288 nostra
1689 1225 1920 1307 pedem
1951 1225 2181 1308 posuit.
2273 1225 2414 1288 Nec
2443 1225 2512 1288 id
2544 1226 2709 1288 dimit
2746 1228 2887 1290 Rex
2899 1238 2961 1305 W,

747 1354 868 1396 nec
917 1333 1149 1394 dictum
1196 1332 1387 1393 voluit
1414 1357 1433 1391 .-
1501 1329 1611 1412 qui
1662 1328 2064 1411 Religionem
2115 1328 2185 1391 in
2237 1329 2455 1393 Scotia
2498 1331 2960 1408 reformarunt,

745 1437 1044 1500 factiosos
1073 1435 1271 1519 fuisse
1302 1454 1507 1497 omnes
1526 1460 1546 1494 .·
1595 1433 1661 1496 id
1693 1440 1757 1495 et
1785 1432 2007 1511 voluit,
2041 1441 2106 1496 et
2131 1434 2314 1510 dixit,
2347 1442 2688 1517 postquam
2718 1436 2963 1518 prodiit

738 1542 878 1627 jam
924 1542 996 1605 in
1047 1541 1380 1625 publicum
1442 1537 1861 1616 Reformatio,
1918 1544 1983 1600 et
2042 1536 2276 1620 plebeii
2313 1539 2480 1622 juris
2539 1538 2710 1602 facta
2748 1548 2964 1603 esset:

748 1648 1071 1711 exstitisse
1114 1646 1374 1709 demum
1417 1642 1729 1726 quosdam
1787 1642 2105 1723 (quosdam
2150 1641 2350 1723 modo)
2406 1642 2572 1706 male
2617 1643 2964 1720 animatOS,

748 1752 980 1836 quibus
1011 1752 1082 1814 in
1111 1749 1374 1834 proclivi
1415 1756 1558 1811 tum
1603 1747 1726 1809 fuit
1762 1748 2161 1810 occasionem
2196 1747 2477 1829 arripere
2506 1747 2575 1809 in
2606 1747 2792 1830 plebe
2820 1756 2967 1811 tam

747 1858 955 1920 multa
999 1863 1135 1918 tam
1180 1852 1542 1936 promiscua
1587 1850 1908 1914 tumultus
1954 1848 2291 1913 excitandi.
2381 1851 2474 1913 At
2505 1852 2733 1913 Divino
2779 1855 2968 1933 quasi

746 1961 1046 2024 miraculo
1069 1957 1471 2039 reformatam
1496 1957 1582 2018 ibi
1605 1957 1673 2019 in
1697 1957 1910 2019 Scotia
1932 1956 2290 2038 reliqionem
2313 1954 2559 2019 dixerat
2585 1958 2741 2034 Rex,
2773 1978 2853 2021 ex
2884 1980 2968 2022 eo

748 2065 939 2149 quod,
978 2063 1089 2145 (1.)
1113 2063 1309 2127 multa
1333 2068 1462 2124 tum
1481 2067 1705 2123 temere
1719 2059 1951 2141 fierent
1974 2082 2013 2122 a
2033 2062 2345 2123 concitata
2364 2061 2782 2124 multitudine:
2815 2069 2970 2126 tum

748 2164 940 2248 quod,
979 2165 1088 2248 (2.)
1131 2164 1383 2246 quidam
1419 2163 1829 2243 cupiditatum
1871 2183 2128 2225 suarum
2172 2162 2414 2225 turbine
2450 2164 2690 2244 lonyz‘us
2718 2163 2972 2245 abrepti

747 2272 954 2333 divino
977 2290 1108 2333 sese
1130 2271 1300 2351 operi
1322 2269 1733 2331 immiscerent
1754 2295 1772 2329 .-
1808 2266 1956 2331 dein
1993 2267 2103 2349 (3.)
2142 2267 2228 2349 (et
2252 2268 2376 2331 hoc
2399 2268 2569 2331 mala
2589 2268 2716 2330 fide
2739 2269 2969 2332 omisit

749 2374 1129 2455 Cardinalis)
1165 2374 1330 2455 quod
1355 2375 1527 2435 nulla
1550 2374 1639 2435 ad
1665 2375 1792 2436 Izoec
1814 2373 2134 2453 Pmncipis
2163 2374 2507 2435 auctoritas
2535 2374 2971 2436 intervenisset

756 2478 936 2560 (utin
957 2479 1211 2560 Anylia,
1232 2477 1466 2554 Dania,
1489 2481 1674 2558 atque
1705 2476 1854 2538 alibi
1880 2475 1923 2557 :)
1978 2482 2324 2558 postremo,
2367 2476 2474 2558 (4.)
2504 2475 2675 2558 quod
2706 2477 2973 2539 Com-io-

744 2591 995 2648 natm-es
1040 2583 1292 2665 quidam
1324 2581 1556 2662 plebeii
1592 2586 1722 2642 tum
1759 2579 2060 2642 Tribunos
2099 2582 2337 2660 eyeriut
2364 2608 2381 2642 .·
2431 2580 2601 2663 quod
2641 2581 2963 2664 (inquam)

746 2709 883 2752 non
927 2687 1336 2752 obstantibus
1382 2691 1649 2767 quatuor
1691 2683 1814 2761 his,
1858 2704 2001 2766 quae
2044 2683 2253 2747 obniti
2298 2684 2698 2763 videbantur,
2729 2685 2971 2767 religio

745 2797 968 2853 tamen
1008 2789 1100 2853 ibi
1142 2788 1489 2852 reformata
1520 2786 1644 2850 Dei
1685 2786 1922 2849 virtute
1960 2785 2333 2849 obtinuerit.
2427 2788 2574 2850 Hoc
2602 2787 2698 2850 ita
2727 2788 2971 2869 accipit

748 2892 1129 2970 Cardinalis,
1160 2891 1254 2953 ita
1299 2891 1499 2972 accipi
1544 2890 1685 2952 vult
1731 2911 1770 2952 a
1814 2890 2104 2967 Lectore,
2138 2911 2212 2953 ac
2258 2891 2309 2953 si
2359 2892 2518 2969 Rex,
2544 2890 2857 2971 factiosos
2895 2902 2971 2955 et

750 2996 1135 3058 turbulentos
1171 2994 1318 3056 illos
1347 2994 1732 3072 Reliyionem
1776 3014 1852 3055 eo
1890 2994 2217 3071 inveoeisse,
2265 2995 2405 3077 ejus
2451 3000 2693 3056 satores
2725 2993 2966 3074 fuisse,

749 3097 1015 3160 dixisset
1040 3122 1052 3158 ε
1099 3117 1249 3158 cum
1278 3095 1345 3157 id
1374 3095 1599 3178 procul
1629 3118 1668 3158 a
1697 3103 1916 3158 mente
1950 3096 2145 3178 Regis
2175 3103 2249 3159 ut
2281 3096 2607 3175 scriberet,
2638 3097 2770 3160 imo
2802 3119 2965 3161 con-

749 3200 1019 3263 trarium
1052 3198 1239 3282 plane
1271 3199 1508 3262 diserte
1537 3199 1860 3281 scripserit
1871 3223 1889 3277 3
1937 3199 2292 3264 admiratus
2317 3200 2387 3263 in
2419 3221 2515 3278 e0,
2549 3221 2696 3263 cum
2727 3209 2969 3285 poten-

748 3303 929 3380 tiam,
961 3310 1105 3366 tum
1148 3302 1619 3384 providentiam
1670 3302 1813 3382 Dei,
1848 3303 2020 3386 quod
2063 3323 2211 3366 cum
2258 3303 2324 3367 hi
2370 3310 2470 3367 tot
2516 3304 2727 3368 obices
2766 3305 2968 3388 positi

748 3406 1152 3489 oppositique
1202 3405 1466 3484 fuerint,
1516 3407 1792 3488 Religio·
1814 3415 2055 3485 tamen,
2110 3406 2295 3490 quasi
2340 3407 2578 3471 Divino
2625 3407 2966 3487 miracu10,

746 3513 961 3576 locum
1000 3511 1072 3574 in
1105 3511 1323 3574 Scotia
1365 3533 1553 3574 suum
1597 3520 1942 3575 consecuta
1985 3513 2088 3575 sit.
2181 3514 2466 3576 Tantum
2508 3512 2709 3595 igitur
2752 3512 2964 3593 abest,

746 3623 822 3679 ut
868 3615 1113 3680 diceret
1155 3636 1269 3698 per
1319 3615 1436 3678 hos
1486 3615 1943 3694 introductam,
1973 3623 2049 3679 ut
2096 3636 2211 3698 per
2255 3638 2362 3678 eos
2405 3637 2631 3698 parum
2677 3615 2968 3681 abfuisse

748 3721 1001 3799 dixerit,
1034 3741 1117 3784 ne
1161 3721 1424 3784 omnino
1461 3726 1675 3803 posset
1713 3719 2073 3783 introduci:
2123 3719 2301 3797 adeo,
2333 3741 2466 3781 non
2508 3727 2748 3783 satores
2787 3719 2965 3799 illos,

747 3835 823 3887 ut
855 3824 1038 3906 quasi
1068 3822 1149 3886 ad
1181 3822 1562 3886 miraculum
1593 3821 2023 3904 obstupescat,
2057 3822 2228 3906 quod
2256 3823 2326 3884 in
2356 3822 2495 3905 ipsa
2522 3830 2832 3900 semente,
2868 3823 2969 3888 sic

750 3949 863 4010 per
907 3949 1015 3992 eos
1061 3935 1341 4010 accepta,
1374 3948 1506 3991 non
1552 3927 1837 4010 perierit.
1944 3928 2068 3990 Per
2114 3948 2222 3990 eos
2271 3927 2445 3990 enim
2495 3948 2628 3991 non
2680 3927 2966 4010 stetisse,

814 4131 847 4154 w
873 4115 932 4183 [“
947 4118 1228 4182 Religionis
1252 4120 1307 4168 in
1329 4117 1496 4168 Scotia
1516 4116 1808 4166 reformatio
1894 4119 1946 4166 et
1982 4116 2146 4166 Dania
2189 4115 2378 4165 factum
2421 4119 2515 4176 est,
2551 4115 2803 4177 variisque
2841 4115 2968 4166 Ger-

747 4204 851 4240 non
874 4185 983 4234 sine
1016 4199 1197 4234 arcano
1220 4184 1447 4233 numinis
1475 4182 1667 4232 auxilio
1702 4196 1808 4244 per·
1895 4182 2080 4230 maniae
2124 4180 2367 4244 partibus,
2435 4180 2539 4230 Hic
2593 4195 2621 4229 e
2667 4181 2967 4231 ministerio

747 4261 861 4305 acta
903 4250 1018 4299 fuit.
1108 4250 1232 4298 'Tam
1273 4249 1437 4298 multa
1478 4249 1534 4297 in
1574 4247 1807 4311 populari
1895 4247 2125 4296 homines
2168 4247 2404 4296 nonnulli
2453 4247 2754 4310 proecipites,
2799 4247 2967 4307 ignei,

747 4317 973 4367 tumultu
998 4318 1051 4363 et
1083 4314 1357 4363 rebellione
1392 4313 1581 4362 civium
1618 4317 1808 4374 pertur·
1894 4312 2121 4371 audaces,
2157 4312 2213 4360 in
2249 4312 2342 4361 hac
2380 4311 2718 4360 humanarum
2761 4309 2965 4360 divina-

748 4384 864 4433 bate
887 4382 1017 4429 sacta
1039 4380 1190 4438 suere,
1212 4380 1275 4427 ab
1299 4379 1379 4438 iis,
1402 4379 1489 4441 qul
1513 4378 1620 4425 suis
1642 4375 1804 4425 indul·
1891 4392 2102 4438 rumque
2137 4392 2302 4426 rerum
2327 4378 2634 4435 confusione,
2659 4375 2772 4438 jam
2797 4381 2968 4438 potes-

746 4453 923 4509 gentes
944 4445 1204 4493 affectibus
1239 4444 1333 4492 Dei
1370 4459 1494 4506 opus
1528 4443 1806 4491 nescientes
1892 4447 2050 4492 tatem
2082 4442 2407 4491 tribunitiam
2431 4456 2518 4504 spe
2541 4449 2675 4490 certa
2694 4440 2970 4492 devorave-

748 4509 1137 4573 promovebant3
1176 4513 1229 4556 ct
1266 4509 1377 4556 hoee
1410 4508 1581 4556 omnia
1620 4507 1806 4568 absque
1891 4507 2269 4558 rant.”—Basil.
2297 4508 2413 4557 Dor.
2437 4507 2525 4556 lib.
2543 4507 2596 4556 ii.
2620 4521 2667 4572 p.
2690 4506 2753 4556 72
2780 4506 2801 4570 ]

750 4574 1002 4636 Principis
1008 4574 1155 4635 jussu
1169 4590 1183 4633 ;
1200 4578 1374 4621 contra
1386 4587 1537 4634 quam
1549 4573 1606 4620 in
1619 4573 1808 4634 Anglia
