3165 4959
648 336 776 398 124
1274 352 1360 399 AD
1403 353 1787 401 CARDmAns
1828 353 2226 401 BELLARMINI

647 508 843 592 ipsius
888 529 1140 593 quoque
1185 509 1568 594 presbyter?
1660 510 1868 574 Cessit
1913 510 2175 594 quidem
2219 509 2300 573 de
2339 509 2487 594 jure
2533 531 2669 590 su0,
2701 532 2848 576 cum

648 613 866 677 sedere
893 614 1339 698 presbyterum
1369 614 1514 678 sivit
1544 615 1685 678 loco
1716 621 1963 698 quarto,
1991 614 2228 677 Sellula
2250 615 2458 697 juxta,
2491 637 2628 678 non
2657 637 2851 699 supra

648 716 1064 799 Imperatoris
1089 717 1402 780 Fratrem.
1447 717 1718 782 Amittit
1747 726 1964 780 autem
1991 717 2064 779 in
2084 718 2339 794 δειλαία,
2362 717 2535 800 quod
2562 718 2849 781 lucratus

646 821 718 884 in
759 822 998 883 Patera
1019 848 1038 885 .-
1094 820 1479 884 tantundem
1528 820 1793 885 decedet
1840 821 1981 899 hac,
2034 828 2349 903 quantum
2397 822 2670 884 accrevit
2715 822 2845 886 illa.

652 925 723 987 Si
755 924 1110 988 cardinalis
1140 926 1443 988 Pateram
1485 925 1867 1003 nominabit,
1900 924 2065 989 alter
2096 925 2413 1003 Sellulam,
2447 925 2621 1008 quod
2662 925 2849 988 illum

647 1028 957 1092 mordeat.

714 1144 886 1207 Vides,
908 1146 1032 1208 Rex,
1056 1148 1203 1211 quale
1227 1148 1381 1197 fuerit
1407 1147 1662 1211 judicium
1687 1147 1900 1198 Martini
1924 1147 2023 1196 viri
2054 1147 2283 1197 omnium
2313 1161 2396 1196 ore
2427 1145 2764 1196 laudatissimi
2784 1145 2849 1195 de

775 1225 1027 1289 dignitate
1050 1229 1467 1291 presbyterorum.
1536 1228 1727 1286 Quodsi
1750 1228 2035 1291 quicunque
2056 1227 2350 1291 presbyteri,
2379 1227 2544 1277 solum
2576 1228 2694 1290 quia
2719 1242 2852 1291 pres·

774 1308 955 1370 byteri,
979 1309 1072 1359 tali
1101 1324 1159 1358 ac
1184 1314 1325 1359 tanta
1345 1308 1598 1372 dignitate
1619 1308 1823 1373 praediti
1846 1310 1964 1368 sint,
1988 1313 2045 1357 ut
2067 1309 2223 1358 etiam
2247 1308 2469 1370 Regibus
2489 1308 2852 1371 praeferantur;

775 1389 889 1451 quis
911 1389 1028 1453 jure
1052 1389 1336 1449 mirabitur,
1358 1390 1402 1439 si
1428 1388 1720 1439 cardinales
1742 1390 1958 1452 aequales
1983 1388 2202 1451 Regibus
2224 1404 2255 1438 a
2275 1389 2534 1438 nonnullis
2556 1404 2661 1438 esse
2683 1387 2851 1438 dican-

774 1473 859 1518 tur
873 1470 1105 1534 2-[Bell.
1124 1470 1273 1534 Apol.
1298 1485 1388 1534 pro
1411 1470 1582 1534 Resp.]
1609 1486 1658 1534 p.
1682 1473 1761 1520 33.
1790 1470 1928 1535 [Op.,
1952 1475 2075 1520 tom.
2098 1471 2186 1518 vii.
2211 1469 2302 1519 col.
2329 1469 2440 1521 723.
2468 1468 2526 1518 B.
2549 1469 2632 1534 C.]

731 1560 1018 1644 Indigna
1060 1561 1196 1626 haec
1244 1560 1522 1644 quidem,
1556 1583 1699 1645 quae
1734 1562 1834 1624 vel
1877 1569 2190 1644 proponat
2237 1561 2397 1643 quis,
2430 1560 2531 1623 vel
2560 1560 2845 1625 refellat:

645 1664 758 1727 sed
788 1664 925 1727 sine
969 1671 1192 1727 tamen
1225 1664 1547 1747 paulisper
1592 1685 1820 1748 sequar
1850 1663 2279 1728 cardinalem.
2381 1664 2585 1743 Vades,
2625 1664 2847 1726 Cardi-

642 1768 826 1844 nalis,
860 1768 1040 1848 quale
1056 1765 1265 1848 fuer-it
1282 1769 1599 1849 judicium
1632 1768 1699 1831 S.
1725 1769 2002 1831 Martini
2041 1769 2165 1831 viri
2194 1768 2462 1830 omnium
2492 1787 2597 1829 ore
2627 1768 2849 1830 lauda-

643 1871 888 1948 tissimi,
935 1871 1012 1932 de
1058 1871 1363 1952 diynitate
1413 1873 1925 1955 Imperatorum:
1965 1871 2099 1954 ‘qui
2147 1872 2383 1934 Sellula
2432 1869 2623 1934 modo
2650 1871 2848 1952 juxta

643 1973 1107 2056 Imperatorem
1137 1976 1345 2058 posita
1374 1975 1702 2039 considere
1730 1974 1968 2039 voluit:
2015 1976 2127 2058 qui
2148 1976 2604 2059 Presbyterum
2636 1996 2845 2053 suum,

642 2083 864 2158 quarto
893 2078 1159 2140 tandem
1195 2080 1325 2142 loco
1356 2079 1504 2143 sivit
1534 2079 1909 2143 accumbere
1931 2104 1950 2156 3
1996 2099 2130 2141 non
2161 2078 2351 2142 modo
2381 2084 2526 2161 post
2560 2079 2849 2161 Impera-

642 2186 870 2256 torem,
903 2181 1069 2262 (post
1100 2202 1292 2263 quem
1323 2187 1388 2244 et
1408 2182 1737 2246 Martinus
1759 2183 1920 2265 ipse)
1959 2182 2071 2246 sed
2093 2189 2158 2245 et
2177 2188 2322 2265 post
2344 2182 2608 2245 fratrem
2632 2183 2731 2245 Im
2740 2203 2849 2264 pe-

643 2283 891 2345 ratoriS.
960 2283 1193 2356 Quodsi
1224 2284 1448 2347 Frater
1479 2285 1692 2367 Regis,
1727 2286 1935 2349 solum
1966 2285 2116 2368 quia
2145 2286 2390 2364 Frater,
2417 2286 2534 2348 tali
2563 2306 2639 2348 ac
2669 2290 2848 2348 tanta

643 2383 952 2464 diynitate
988 2385 1299 2465 proeditus
1343 2387 1448 2465 eit,
1495 2393 1571 2448 ut
1614 2385 1809 2448 etiam
1852 2385 1919 2449 S.
1941 2386 2240 2464 Martini,
2270 2387 2394 2448 viri
2438 2386 2703 2447 omnium
2743 2405 2850 2448 ore

643 2488 1081 2563 laudatissimi,
1135 2488 1520 2573 Presbytero
1565 2490 1943 2572 praeferatur
1960 2516 1978 2568 3
2034 2493 2172 2572 quis
2191 2492 2346 2573 jure
2395 2490 2746 2568 mirabitur,
2793 2490 2850 2553 si

644 2591 780 2653 Rex
812 2591 966 2674 ipse,
1000 2591 1382 2677 Presbytero
1420 2593 1760 2657 Cardinale
1806 2594 2112 2677 superior,
2147 2593 2228 2657 ab
2271 2593 2351 2656 iis
2397 2593 2511 2676 qui
2555 2592 2846 2676 Regibus

642 2693 810 2758 bene
828 2696 1071 2774 volunt,
1096 2696 1243 2781 jure
1274 2697 1658 2760 censeatur?
1724 2696 1851 2761 Sed
1880 2697 2269 2781 respondeo:
2319 2698 2668 2776 MartinuS,
2695 2719 2846 2762 cum

641 2797 711 2860 in
742 2820 941 2861 manu
979 2807 1265 2882 pateram
1303 2800 1589 2878 haberet,
1621 2821 1763 2863 eam
1808 2801 1914 2863 cui
1959 2801 2159 2864 voluit
2201 2800 2526 2883 porrigere
2563 2810 2835 2884 poterat,

648 2900 770 2980 (vel
801 2901 1145 2983 ministro,)
1174 2907 1242 2964 at
1269 2924 1403 2965 non
1435 2902 1503 2965 id
1532 2924 1665 2966 una
1685 2903 1912 2981 facere,
1935 2910 2011 2965 ut
2041 2904 2147 2966 cui
2174 2904 2529 2986 porrigeret
2560 2903 2848 2987 superior

640 3002 698 3063 is
729 3009 913 3064 esset.
1004 3003 1155 3065 Alia
1184 3004 1357 3067 enim
1388 3006 1627 3087 regula,
1662 3006 1803 3089 quis
1834 3006 2122 3089 superior
2166 3006 2270 3083 sit,
2303 3027 2497 3088 quam
2527 3007 2631 3068 cui
2661 3017 2843 3089 pate-

642 3124 781 3164 ram
813 3103 1141 3167 Martinus
1176 3106 1463 3187 porrigit.
1554 3108 1773 3190 Atque
1813 3108 1972 3184 haec,
2006 3108 2087 3172 de
2116 3108 2476 3190 majoritate
2512 3108 2847 3192 presbyte-

643 3226 881 3284 rorum,
912 3205 1043 3269 udo
1072 3206 1141 3269 in
1181 3208 1324 3271 loco
1353 3217 1545 3291 atque
1575 3209 1841 3287 lubricO,
1872 3232 2107 3295 nempe
2135 3211 2206 3273 in
2223 3213 2451 3292 poculo
2484 3211 2550 3274 S.
2572 3212 2852 3275 Martini

643 3306 870 3390 posita.

709 3425 863 3474 Porro
899 3424 963 3475 de
998 3425 1238 3478 Diaconis
1272 3428 1510 3480 Ecclesiae
1545 3429 2120 3495 Constantinopolitanae
2157 3431 2206 3482 S.
2224 3431 2625 3495 chrysostomus,
2647 3435 2701 3482 in
2737 3434 2851 3497 ipsa

772 3507 894 3557 urbe
917 3506 1092 3571 Regia,
1114 3510 1170 3559 in
1193 3525 1293 3573 qua
1315 3511 1597 3575 Imperator
1619 3513 1885 3574 residebat,
1907 3512 2153 3563 affirmare
2184 3528 2288 3564 nou
2309 3514 2580 3575 dubitavit,
2603 3513 2848 3577 majorem

770 3603 855 3638 eos
872 3588 997 3652 ipsis
1015 3590 1410 3654 Imperatoribus
1432 3593 1616 3643 habere
1638 3598 1955 3657 potestatem.
2002 3595 2086 3644 Sic
2103 3596 2242 3645 enim
2258 3594 2321 3645 ad
2342 3610 2426 3644 eos
2436 3595 2676 3658 loquitur,
2692 3596 2848 3647 Hom.

770 3668 979 3720 lxxxiii.
999 3671 1056 3720 in
1079 3670 1226 3722 Matt.
1263 3673 1347 3723 ‘Si
1383 3673 1502 3723 Dux
1538 3676 1807 3739 quispiam,
1844 3675 1889 3724 si
1913 3675 2099 3725 Consul
2132 3676 2256 3739 ipse,
2292 3677 2337 3725 si
2365 3677 2409 3725 is
2442 3678 2529 3738 qui
2563 3675 2848 3729 diademate

770 3756 992 3813 ornatur,
1006 3752 1218 3816 indigne
1234 3753 1399 3811 adeat,
1410 3755 1587 3805 cohibe
1611 3759 1663 3805 et
1676 3771 1860 3816 coerce,
1878 3756 2120 3819 majorem
2135 3761 2191 3805 tu
2209 3756 2301 3806 illo
2318 3756 2472 3806 habes
2486 3758 2850 3820 potestatem‘,”

771 3832 1081 3897 ete—[Bell.
1107 3835 1256 3898 Apol.
1280 3849 1371 3898 pro
1393 3836 1561 3900 Resp.]
1585 3850 1633 3899 p.
1661 3840 1737 3887 33.
1763 3836 1895 3902 [Op.,
1917 3841 2038 3887 tom.
2062 3838 2150 3886 vii.
2172 3837 2266 3887 col.
2290 3837 2401 3889 723.
2426 3836 2505 3902 0.]

315 3943 412 4007 [De
438 3942 611 4005 digni·
728 3930 831 3993 De
869 3931 1143 3994 Martini
1181 3933 1555 4018 presbytero
1597 3935 1778 4015 dixit,
1827 3934 2103 4018 Dignior
2141 3935 2249 3999 ille
2293 3937 2471 4017 Rege
2491 3961 2509 4012 ;
2555 3935 2729 3999 idem
2767 3936 2846 4000 de

308 4008 616 4121 ffibssfflatgsz
644 4032 1080 4115 Chrysostomi
1118 4035 1408 4099 Diacono
1448 4038 1586 4120 jam
1636 4037 1961 4112 dicturus3
2027 4038 2098 4101 in
2141 4060 2269 4121 quo
2317 4039 2662 4121 gratificari
2706 4040 2846 4103 vult

308 4136 535 4264 §dsffin'y-
643 4133 835 4198 etiam
869 4143 934 4199 et
965 4137 1268 4200 Diaconis
1296 4139 1751 4202 Cardinalibm.
1844 4140 2001 4202 Non
2030 4141 2206 4203 enim
2246 4141 2617 4203 interventu
2649 4142 2846 4224 Regis

422 4266 508 4331 96
640 4238 1020 4321 cujusquam
1050 4240 1469 4303 interturbari
1501 4249 1754 4324 oportet
1785 4264 2085 4324 pompam
2117 4243 2597 4320 Cardinalium;
2649 4264 2846 4326 quare

704 4365 719 4393 ²
741 4363 870 4428 [Κᾷν
891 4365 1166 4431 στρατηγός
1188 4386 1261 4417 τις
1280 4364 1328 4432 ᾖ,
1354 4365 1446 4432 κᾷν
1468 4368 1696 4430 ὕπαρχος,
1784 4367 1832 4416 S.
1859 4367 2111 4429 Chrysost.
2155 4368 2311 4418 Hom.
2355 4368 2540 4417 lxxxii.
2598 4369 2712 4419 Sav.
2761 4369 2843 4430 (al.

639 4425 732 4490 κᾷν
771 4430 913 4479 αὐτὸς
948 4434 976 4480 ο·
1010 4432 1069 4479 τὸ
1112 4431 1312 4491 διάδημα
1356 4433 1695 4495 περικείμενος,
1783 4432 2007 4496 lxxxiii.)
2041 4434 2096 4481 in
2127 4433 2176 4483 S.
2202 4434 2371 4492 Matt„
2410 4433 2522 4497 Op„
2551 4438 2675 4484 tom.
2705 4434 2759 4483 ii.
2794 4448 2844 4497 p.

635 4490 829 4551 ἀναξίως
870 4497 923 4542 δε
972 4496 1160 4558 προσίῃ,
1217 4494 1450 4546 κόλπον.
1505 4495 1698 4558 μείζονα
1786 4500 1896 4558 615,
1931 4497 2022 4547 lin.
2048 4497 2116 4561 7.]

635 4552 819 4602 ἐκείνου
870 4557 962 4615 τὴν
1003 4558 1223 4619 ἐξουσίαν
1265 4559 1409 4622 ἔχεις,
1454 4579 1497 4609 κ.
1520 4579 1565 4611 τ.
1592 4562 1698 4609 ἑ.-
