3165 4959
490 1742 617 1804 222

725 320 853 381 306
1350 335 1435 381 An
1480 334 1862 381 emmaus
1906 331 2305 382 BELLARMINI

725 491 939 552 tiones.
1033 489 1395 572 Ampullari
1425 511 1560 554 non
1592 490 1835 569 didicit,
1867 512 1990 555 nec
2019 492 2129 574 qui
2160 490 2522 553 didicerunt
2554 496 2762 552 amat:
2806 505 2941 549 nec

727 615 873 656 cum
905 594 1101 655 'Porto
1146 593 1378 672 dicere,
1426 596 1817 675 apertissime
1848 595 2274 658 demonstrare
2317 614 2403 671 ee,
2437 614 2579 676 quae
2610 592 2711 656 vix
2741 591 2947 655 dubia

726 697 868 760 luce
897 696 1218 779 proponit,
1239 697 1340 760 vel
1369 697 1639 761 infantis
1669 698 1818 782 pedi
1851 698 2156 762 Herculis
2184 697 2536 761 cothurnos
2564 696 2871 759 inducere
2888 692 2942 755 ¹¹.

728 802 819 865 At
849 800 1041 880 enim,
1075 801 1128 864 si
1155 823 1287 865 non
1311 801 1586 865 strictim
1618 802 1899 885 attingat
1923 801 2303 879 CardinaIiS,
2341 800 2536 883 (quod
2565 800 2699 863 fere
2728 797 2935 876 facit,)

728 906 838 969 sed
869 907 1168 985 excutiat,
1201 914 1274 969 ut
1319 927 1435 989 par
1470 915 1589 985 est,
1622 906 1768 990 plus
1800 905 1997 970 etiam
2030 905 2266 969 sentiet
2295 905 2529 983 inesse,
2559 924 2752 988 quam
2793 921 2944 964 con-

710 1011 1019 1092 jecturas.
1091 1009 1269 1075 Quid
1294 1031 1481 1093 porro
1502 1010 1696 1074 faciat
1730 1011 1916 1073 Rex?
1967 1009 2078 1094 qui
2104 1009 2355 1093 placeat
2383 1007 2755 1072 hominibus
2783 1006 2890 1070 his
2910 1006 2945 1068 ἲ

730 1112 992 1176 Diceret
1040 1112 1383 1195 magnifice
1432 1112 1643 1176 multa
1689 1112 1770 1177 de
1817 1112 1968 1190 suis,
2018 1133 2152 1176 non
2199 1111 2593 1193 conjecturas
2649 1131 2777 1188 eas,
2825 1108 2944 1173 sed

731 1216 1041 1299 doymata,
1074 1215 1479 1297 definitiones,
1513 1216 1591 1279 de
1614 1214 1752 1297 fide
1798 1236 2024 1280 omnes
2050 1241 2064 1279 ε
2111 1215 2234 1279 hoc
2273 1216 2435 1298 ipso,
2469 1236 2602 1278 non
2632 1213 2942 1297 placeret.

738 1319 967 1383 Minus
1000 1327 1213 1383 autem
1263 1320 1439 1399 dicit,
1482 1340 1677 1403 quam
1706 1340 1823 1403 par
1853 1328 1969 1398 est,
2003 1330 2091 1397 et,
2124 1318 2356 1403 quibus
2388 1319 2489 1382 uti
2523 1324 2739 1401 posset
2768 1318 2944 1381 voci-

732 1422 870 1501 buS,
933 1422 1223 1486 modeste
1284 1423 1603 1487 abstinet:
1670 1444 1755 1485 ne
1807 1423 1898 1485 sic
1958 1421 2223 1506 quidem
2272 1423 2504 1505 placet.
2593 1419 2950 1484 Utrumvis

729 1527 977 1603 fecerit,
1030 1527 1317 1591 incurret
1363 1528 1432 1590 in
1485 1549 1636 1591 eum
1685 1527 2064 1591 Cardinalis.
2155 1526 2354 1590 Unde
2401 1526 2634 1589 merito
2684 1525 2746 1588 ei
2797 1523 2945 1587 laus

734 1631 969 1711 debita,
1011 1640 1189 1695 certa
1222 1631 1317 1694 illi
1361 1630 1790 1715 reprehensio,
1883 1629 2005 1693 Ille
2047 1650 2198 1693 vero
2251 1629 2581 1711 fflpodem
2612 1648 2747 1691 non
2785 1648 2944 1691 con-

734 1736 1000 1813 scendit,
1033 1757 1152 1799 nec
1193 1737 1450 1798 oracula
1488 1734 1726 1812 fundit,
1761 1742 1836 1797 ut
1867 1735 2061 1817 Papa,
2094 1753 2214 1797 nec
2248 1733 2536 1816 loquitur
2575 1733 2944 1811 sententiae,

732 1845 806 1901 ut
832 1838 1229 1902 cardinalis:
1261 1859 1405 1921 quae
1434 1837 1732 1920 proponit
1755 1843 1996 1913 tamen,
2021 1844 2172 1899 utut
2194 1855 2274 1898 ea
2303 1835 2661 1900 Cardinalis
2680 1834 2943 1913 habeat,

732 1940 900 2023 apud
945 1940 1084 2023 pios
1126 1946 1190 2003 et
1230 1940 1601 2023 prudentes,
1633 1961 1767 2003 non
1798 1939 2052 2003 dubitat
2078 1939 2210 2002 vim
2239 1947 2306 2002 et
2333 1938 2587 2022 pondus
2617 1938 2943 2003 habitura.

736 2038 863 2106 Sed
906 2043 1273 2123 conjectura»
1313 2051 1535 2105 tamen
1576 2042 1698 2121 hae,
1730 2051 1806 2106 ut
1841 2042 2159 2121 videntur,
2197 2041 2292 2105 sic
2330 2043 2618 2124 conjectoe
2657 2049 2832 2121 sunt,
2865 2050 2944 2105 ut

730 2145 1191 2207 Antia-hristum
1222 2145 1525 2206 intactum
1568 2142 1692 2206 ium
1732 2145 2116 2227 reliquerint,
2142 2152 2217 2207 ιιι
2246 2144 2549 2226 petierint
2579 2165 2748 2221 eum,
2772 2143 2945 2209 forte

732 2247 924 2311 etiam
949 2247 1249 2311 laeserint.
1302 2249 1475 2311 Nam
1497 2253 1752 2312 mutata
1770 2248 2097 2312 Cardinali
2115 2269 2298 2311 mens
2319 2247 2552 2311 subito,
2602 2247 2947 2311 Subiratus

732 2352 925 2430 enim,
950 2353 1090 2436 jam
1118 2353 1258 2415 vult
1287 2354 1569 2433 sinyulas
1587 2353 1880 2434 persequi
1899 2377 1926 2426 ,·
1971 2351 2267 2435 persequi
2296 2372 2363 2415 se
2391 2350 2553 2415 velle
2584 2351 2674 2414 ait
2700 2377 2714 2415 :
2764 2351 2946 2416 Quid

731 2456 854 2520 hoc
906 2457 1051 2520 est?
1099 2457 1429 2521 nonnullas
1479 2456 1872 2538 conjecturas
1915 2477 1949 2519 e
2001 2455 2322 2534 Patribus,
2376 2475 2488 2519 seu
2548 2457 2645 2538 (ut
2695 2455 2945 2519 mavult

735 2559 978 2645 dicere)
1006 2562 1365 2638 sententiae,
1398 2561 1618 2642 Reyiie
1647 2580 1968 2641 opponere.
2059 2560 2148 2623 Et
2187 2559 2311 2623 hoc
2357 2558 2452 2621 illi
2483 2560 2781 2640 persequi
2819 2567 2942 2622 est.

738 2664 867 2726 Sed
898 2685 982 2726 an
1011 2663 1238 2740 nescit,
1272 2663 1352 2727 de
1370 2665 1776 2746 Apocalypsi,
1807 2664 1898 2746 (et
1927 2662 2138 2745 siquid
2165 2669 2477 2745 praeterea
2505 2670 2605 2725 est
2633 2662 2706 2725 in
2731 2663 2946 2726 Sacris

735 2767 1102 2850 argumenti
1145 2767 1400 2850 mystici
1430 2776 1496 2829 et
1528 2766 1932 2849 subobscuri)
1967 2766 2136 2828 nihil
2165 2765 2324 2829 dum
2352 2765 2434 2829 ab
2463 2764 2756 2829 Ecclesia
2781 2767 2944 2830 certi

733 2869 1199 2951 praescriptum,
1230 2889 1343 2931 nec
1373 2869 1449 2931 de
1464 2867 1622 2949 fide,
1653 2877 1728 2931 ut
1751 2889 1883 2932 uno
1904 2875 2163 2932 tantum
2187 2867 2656 2950 interpretandi
2684 2889 2942 2950 genere,

734 2992 855 3034 nec
884 2971 1010 3034 alio
1042 2973 1138 3034 uti
1169 2972 1284 3050 fas,
1318 2979 1452 3034 tam
1485 2971 1731 3035 scilicet
1761 2972 2096 3054 explicato,
2129 2979 2196 3034 et
2231 2971 2496 3054 liquido,
2529 2971 2717 3047 nihil,
2750 2981 2828 3035 ut
2858 2971 2941 3035 ab

735 3094 812 3136 eo
852 3073 1194 3150 discedere,
1224 3073 1408 3152 nihil,
1455 3081 1531 3138 ut
1577 3073 1648 3138 in
1693 3075 1909 3157 aliquo
1954 3074 2311 3157 discrepare
2340 3075 2520 3137 nefas
2551 3074 2684 3137 sit?
2775 3075 2942 3153 Imo‚

734 3177 1094 3268 utquisque
1116 3177 1413 3259 impletas
1440 3178 1531 3241 ibi
1554 3178 1922 3261 prophetias
1944 3178 2391 3263 probabilitate
2415 3179 2694 3242 maxima
2717 3178 2946 3244 docere

734 3281 991 3364 poterit,
1058 3282 1152 3345 ita
1197 3281 1428 3364 cuique
1481 3283 1757 3349 liberum
1811 3287 1882 3347 in
1939 3283 2018 3347 iis
2082 3283 2475 3366 explicandis
2525 3282 2626 3346 uti
2675 3283 2944 3367 judici0‚

736 3383 1065 3447 abundare
1113 3405 1306 3447 sensu
1358 3385 1527 3449 suo¹:
1577 3386 1733 3449 dum
1777 3393 1999 3449 tamen
2044 3386 2242 3450 fidem
2286 3408 2371 3449 ne
2408 3385 2621 3463 laedat,
2671 3394 2758 3465 et,
2803 3409 2947 3470 quae

736 3487 967 3571 passim
993 3487 1144 3551 alibi
1161 3497 1528 3568 occurrunt,
1552 3490 1903 3572 Scripturae
1920 3489 2077 3553 locis
2101 3510 2186 3553 ne
2210 3489 2665 3553 contraveniat.
2714 3489 2949 3553 Patres

739 3592 998 3674 quidem
1028 3591 1171 3674 ipsi,
1203 3591 1358 3654 dum
1407 3593 1675 3676 quisque
1706 3614 1822 3676 pro
1852 3601 2043 3676 captu
2083 3614 2201 3656 suo
2236 3592 2470 3657 evolvit
2498 3593 2589 3657 ibi
2618 3594 2947 3676 mysteria,

737 3694 978 3758 abeunt
1014 3694 1264 3773 diversi,
1296 3702 1391 3773 ut,
1425 3701 1572 3776 quot
1607 3715 1769 3776 pene
1815 3696 2045 3776 capita,
2089 3700 2180 3758 tot
2224 3704 2517 3772 sensu-⁹⁰¹3
2568 3716 2689 3758 nec
2730 3696 2838 3759 hic
2876 3696 2950 3761 in

736 3797 921 3861 illum
979 3805 1199 3861 tamen
1254 3799 1498 3862 Censor
1544 3806 1680 3862 tam
1736 3820 2010 3877 severus,
2056 3807 2132 3862 ut
2176 3799 2396 3882 inique
2439 3799 2625 3878 ferat,
2672 3801 2726 3863 si
2773 3801 2946 3866 idem

741 3923 960 3966 secum
993 3925 1126 3967 non
1169 3904 1426 3967 sentiat.
1519 3903 1731 3981 Certe,
1763 3925 1895 3966 non
1925 3924 2057 3967 uno
2086 3905 2195 3968 filo
2226 3905 2599 3984 decurrunt,
2633 3926 2753 3969 nec
2784 3907 2949 3970 alter

740 4005 821 4069 ab
870 4006 1071 4069 altero
1123 4008 1411 4090 exigunt,
1461 4014 1535 4069 ut
1592 4028 1721 4069 uno
1744 4032 1762 4084 ;
1827 4006 2071 4086 sinunt,
2122 4016 2198 4071 ut
2258 4008 2527 4086 diverso,
2574 4030 2695 4073 nec
2753 4011 2827 4074 in
2869 4032 2948 4074 eo

737 4120 960 4173 tamen
990 4109 1137 4174 laedi
1182 4110 1487 4192 pietatem
1518 4116 1774 4192 putant.
1867 4109 2031 4191 Regi
2059 4109 2166 4172 hic
2195 4110 2367 4173 idem
2399 4131 2515 4174 cur
2550 4132 2683 4175 non
2715 4113 2946 4176 licuit?

742 4235 882 4296 quae
935 4213 1268 4278 observata
1314 4214 1375 4276 ei
1424 4219 1596 4291 sunt,
1631 4234 1744 4276 cur
1787 4235 1918 4277 non
1965 4214 2420 4298 interponere?
2467 4218 2849 4299 praesertim,
2891 4218 2946 4281 si

802 4413 827 4444 ¹¹
866 4413 1021 4478 [Vide
1046 4415 1245 4472 Quinct-
1274 4415 1443 4464 Instit.
1477 4415 1614 4464 Orat.
1635 4414 1726 4466 Vl.
1762 4417 1795 4467 i.
1950 4421 1982 4447 ⁸·
2022 4417 2178 4481 [Vide
2222 4418 2270 4468 S.
2305 4418 2516 4470 Hieron.
2549 4434 2716 4483 supra,
2761 4436 2810 4484 p.
2840 4423 2948 4471 214.

741 4479 1222 4602 ³⁶i][110m.11v.5.
1251 4542 1428 4606 vulg]
1883 4489 1987 4532 Μ
2014 4483 2073 4547 ·.]
