3165 4959
422 3553 545 3616 102

666 330 789 394 132
1112 341 1121 350 “
1290 350 1376 395 An
1421 350 1801 398 malumus
1844 350 2242 397 BmAnmm

661 502 924 565 intendi?
1007 505 1116 566 An
1166 511 1241 567 ut
1296 506 1538 584 doceat,
1587 507 1698 591 qui
1742 507 1922 570 nullo
1974 507 2278 568 natalium
2320 504 2644 585 splendore
2687 509 2864 580 sunt,

661 606 800 669 fieri
828 629 1013 690 posse
1050 610 1417 674 Cardinales
1440 614 1473 674 .?
1527 612 1688 677 Quis
1717 613 1960 694 negat?
2008 611 2152 694 plus
2183 610 2375 674 etiam
2411 630 2605 691 quam
2640 609 2867 671 Cardi-

662 711 855 787 nales,
886 719 962 773 ut
998 713 1296 777 Perettus
1332 737 1538 799 nuper
1556 726 1618 794 ¹¹¹,
1650 724 1727 778 ut
1769 737 1943 779 nunc
1988 715 2182 777 etiam
2221 712 2302 776 de
2334 712 2608 776 Camillo
2640 711 2866 776 Ponti-

662 812 859 877 fex¹²?
912 837 995 878 an
1039 817 1274 899 potiuS,
1308 825 1381 881 ut
1421 841 1553 882 non
1599 818 2107 902 exprobrandam
2138 817 2196 880 ei
2226 817 2558 878 Natalium
2588 815 2866 877 obscuri-

663 921 853 978 tatem
876 919 909 980 ?
982 918 1297 982 Probrum
1357 943 1439 985 ne
1490 921 1701 1000 faciat,
1763 929 1829 985 et
1888 943 2019 985 non
2078 920 2359 1003 patietur
2376 945 2395 996 3
2478 918 2673 1001 (quod
2732 939 2866 980 non

663 1020 911 1100 PetruS,
943 1045 1076 1086 non
1112 1025 1447 1109 quisquam
1479 1047 1702 1090 eorum
1732 1025 1904 1102 fecit,
1938 1046 2095 1108 quos
2136 1022 2228 1086 ibi
2257 1023 2595 1103 nominat).
2658 1022 2766 1085 Ne
2796 1043 2866 1084 se

662 1124 752 1188 sic
786 1128 1059 1205 attollat,
1092 1150 1224 1192 non
1255 1130 1651 1213 deprimetur
1668 1156 1687 1207 3
1736 1150 2100 1213 quanquam
2145 1149 2279 1191 non
2322 1135 2460 1190 tam
2506 1125 2866 1209 deprimere

660 1227 783 1291 hoc
812 1229 954 1308 fuit,
988 1252 1181 1313 quam
1213 1233 1580 1315 reprimere.
1641 1233 1865 1296 Nimia
1893 1231 2067 1295 enim
2097 1231 2236 1294 haec
2264 1229 2606 1292 insolentia
2632 1227 2865 1291 falcem

662 1352 844 1394 suam
873 1333 941 1395 in
976 1334 1172 1416 Regis
1204 1356 1476 1399 messem
1508 1337 1788 1415 mittere,
1823 1337 2071 1417 Regem
2113 1334 2448 1410 lacessere,
2490 1331 2682 1413 (quod
2711 1331 2866 1394 fecit

661 1435 950 1516 Epistola
992 1459 1107 1499 sua
1122 1439 1169 1519 3)
1204 1439 1475 1502 Tortum
1519 1460 1586 1502 se
1615 1439 1845 1516 facere,
1877 1447 1951 1501 ut
1993 1436 2110 1500 sub
2141 1436 2317 1499 larva
2352 1434 2519 1516 Regi
2557 1433 2866 1518 probrum

661 1535 916 1600 faceret.
1008 1540 1190 1602 Dixit
1237 1562 1379 1623 quae
1422 1565 1554 1606 non
1601 1541 1843 1619 debuit,
1876 1539 2080 1603 audiit
2120 1560 2261 1622 quae
2290 1537 2516 1600 noluit.
2607 1539 2752 1601 Nec
2795 1539 2864 1602 id

658 1661 943 1723 unquam
990 1643 1238 1721 efficiet,
1271 1644 1438 1727 siqui
1483 1653 1639 1707 sunt
1682 1645 1752 1707 in
1795 1651 1968 1708 coetu
2014 1641 2475 1719 cardinalium,
2507 1641 2861 1720 Columnae,

659 1744 758 1806 vel
814 1745 1054 1823 Ursini,
1107 1748 1206 1809 vel
1261 1747 1561 1826 Medicei,
1620 1749 1874 1829 (caetera
1923 1767 2106 1829 pares
2155 1767 2298 1809 cum
2355 1744 2527 1826 sint,)
2589 1745 2745 1828 quin
2794 1767 2864 1809 se

659 1849 980 1912 nobilitate
1009 1872 1124 1913 sua
1152 1851 1559 1933 aliquatenus
1597 1873 1727 1934 prae
1770 1851 2031 1933 reliquis
2072 1851 2354 1914 eminere
2386 1850 2689 1928 sentiant,
2720 1872 2861 1928 nec,

659 1950 713 2013 si
752 1973 910 2034 opus
956 1961 1071 2030 est,
1104 1960 1378 2017 taceant.
1476 1954 1729 2020 Quibus
1774 1953 2014 2017 frustra
2057 1954 2308 2018 occinat
2342 1953 2701 2017 Cardinalis
2746 1976 2864 2017 sua

656 2056 848 2116 stulta
878 2057 1110 2118 mundi.
1204 2057 1509 2121 obtinuit
1541 2058 1734 2135 enim,
1770 2058 1879 2140 qui
1914 2057 2160 2121 nobiles
2194 2064 2362 2135 sunt,
2403 2057 2532 2138 (qui
2571 2056 2694 2118 nisi
2711 2078 2865 2138 pro-

657 2157 830 2219 brum
875 2165 1099 2221 coetera
1148 2160 1443 2222 indelicta
1488 2162 1930 2242 emistimantz)
1965 2168 2293 2242 utcunque
2339 2160 2391 2221 si
2424 2159 2700 2222 lacessiti
2729 2181 2863 2222 non

657 2267 827 2339 811111,
872 2262 1202 2326 moderate
1247 2285 1314 2326 se
1361 2272 1590 2347 gerant
1641 2265 1784 2345 (nec
1830 2265 2074 2345 Regem
2121 2263 2455 2346 quisquam
2507 2262 2629 2326 hac
2670 2262 2863 2326 laude

655 2364 921 2448 vicerit,)
958 2366 1070 2430 ubi
1117 2368 1272 2449 quid
1313 2367 1636 2446 detrahaS,
1667 2367 1782 2431 ubi
1826 2390 2048 2451 parum
2087 2389 2203 2451 pro
2248 2367 2563 2447 dignitate
2602 2368 2861 2448 habeas,

655 2467 827 2533 bona
873 2493 987 2534 sua
1033 2495 1220 2536 nosse
1266 2472 1605 2556 incipiunt,
1652 2481 1718 2537 et
1771 2495 1897 2557 qua
1949 2473 2099 2537 dote
2143 2473 2497 2557 superiores
2546 2474 2694 2553 sint,
2741 2496 2863 2538 nec

656 2576 951 2657 componi
1010 2596 1077 2639 se
1136 2577 1263 2640 nisi
1324 2599 1470 2640 cum
1531 2576 1879 2641 Nobilibus
1939 2576 2123 2639 facile
2181 2576 2525 2659 patiantur.
2636 2578 2860 2660 CujuS,

656 2678 758 2740 vel
817 2678 870 2740 si
922 2678 1112 2757 volet,
1165 2680 1523 2762 periculum
1582 2678 1777 2743 faciat
1830 2678 2022 2757 domi,
2071 2678 2242 2741 inter
2288 2679 2659 2742 Cardinales
2712 2680 2862 2743 Col-

656 2783 833 2866 legas
864 2805 1032 2846 81108.

725 2953 1049 3003 Avunculum
1072 2968 1188 3003 vero
1210 2954 1443 3004 habuisse
1464 2953 1760 3004 Marcellum
1785 2952 2060 3003 secundum
2081 2950 2377 3001 Pontificem
2395 2952 2697 3012 Maximum,
2720 2951 2864 3015 cujus

787 3049 846 3083 ea
867 3035 1029 3083 virtus
1062 3039 1115 3084 et
1146 3036 1376 3085 doctrina
1409 3036 1521 3094 suit,
1546 3040 1605 3084 ut
1637 3037 1790 3085 etiam
1814 3035 1878 3085 ab
1900 3035 2131 3084 hostibus
2154 3035 2503 3084 testimonium
2527 3036 2862 3097 acceperit.—

790 3114 939 3177 [Bell.
960 3115 1110 3178 Apol.
1135 3131 1226 3180 pro
1250 3113 1420 3180 Resp]
1446 3130 1492 3178 p.
1520 3119 1598 3165 35.
1624 3115 1755 3180 [Op.‚
1781 3120 1901 3164 tom.
1930 3116 2013 3164 vii.
2039 3115 2129 3165 col.
2152 3116 2262 3167 724.
2287 3114 2371 3178 D.]

744 3243 937 3322 Nam,
966 3244 1135 3327 quod
1164 3252 1506 3308 maternum
1532 3266 1729 3328 yeme-⁹
1757 3246 1846 3308 ad
1871 3246 2246 3309 Marcellum
2282 3246 2606 3308 Cervinum
2644 3244 2860 3325 refert,

658 3367 820 3410 nova
847 3348 986 3430 jam
1016 3348 1282 3430 quaestio
1313 3349 1393 3413 de
1425 3349 1719 3413 Marcelli
1750 3371 2004 3432 genere.
2092 3350 2261 3413 Eum
2297 3348 2603 3413 Richardi
2633 3350 2862 3412 Astro-

658 3449 789 3532 logi
810 3450 1011 3512 filium
1038 3450 1231 3514 fuisse
1262 3459 1530 3531 constat,
1558 3451 1637 3516 de
1668 3453 1852 3537 cujus
1882 3453 2204 3516 nobilitate
2228 3474 2419 3535 quam
2444 3474 2575 3515 non
2606 3473 2862 3534 magua,

660 3560 758 3615 sat
809 3553 1023 3616 innuit
1076 3554 1513 3638 onuphrius-1²,
1561 3577 1730 3633 cum,
1784 3554 2080 3638 negando
2131 3576 2254 3617 non
2305 3554 2646 3632 obscurum,
2693 3555 2861 3616 affir-

657 3657 893 3721 mando
933 3679 1128 3741 yemis
1170 3660 1302 3740 ejus
1341 3659 1646 3722 mediocre
1688 3659 2032 3742 scripserit.
2125 3658 2420 3737 Interim,
2461 3659 2864 3741 gratulamur

658 3761 715 3823 ei
748 3760 827 3823 de
849 3760 1172 3823 Avunculo
1203 3782 1338 3838 suo,
1371 3782 1581 3844 quem,
1609 3762 1660 3825 si
1690 3762 1784 3824 ita
1815 3767 2073 3825 sanctus
2103 3760 2246 3837 fuit,
2265 3762 2516 3823 utinam
2547 3761 2860 3840 imitetur,

655 3874 720 3929 et
750 3866 883 3948 ipse
915 3888 1047 3949 par,
1069 3866 1168 3929 vel
1199 3866 1276 3928 ab
1304 3867 1597 3945 hostibus,
1631 3868 2044 3929 testimonium
2068 3873 2431 3947 accepturus
2452 3894 2471 3929 .·
2518 3866 2604 3928 In
2630 3866 2862 3949 quibus

652 3970 824 4034 inest
893 3973 989 4053 (ut
1038 3971 1311 4054 videtur)
1382 3971 1620 4035 candor
1680 3971 1929 4055 aliquis,
1978 3969 2087 4053 qui
2141 3971 2362 4033 virtuti
2413 3970 2514 4033 vel
2565 3972 2631 4032 in
2689 3972 2863 4033 hoste

654 4076 1067 4137 testimonium
1110 4075 1363 4139 ferunt:
1418 4075 1808 4157 (quanquam
1854 4074 1993 4157 quis
2039 4094 2106 4136 se
2151 4074 2309 4156 ejuS,
2343 4094 2537 4157 quem
2567 4080 2859 4137 sanctum

656 4316 661 4329 ‚
716 4282 749 4305 ¹¹¹
795 4273 969 4323 Sixtus
993 4273 1055 4322 V.
1872 4279 1894 4311 P
1915 4271 2094 4336 [‘·Non
2108 4272 2864 4337 obscurisparentibus,”“gente

719 4347 741 4369 ¹¹
799 4339 982 4389 Paulus
1089 4373 1119 4395 ..
1173 4342 1291 4388 ante
1350 4335 1712 4387 Pontificatum
1801 4335 2027 4395 Cet-vina,
2070 4337 2205 4400 apud
2249 4353 2364 4387 suos
2408 4337 2694 4387 honorata.”
2733 4336 2864 4386 Vide

655 4402 898 4451 Camillus
922 4403 1266 4467 Burghesiuffi]
1801 4401 2120 4465 Onuphrium
2145 4403 2200 4451 in
2218 4402 2343 4453 Vita
2369 4402 2570 4453 Marcel.
2590 4401 2657 4451 11.
2682 4416 2730 4464 p.
2747 4404 2861 4452 354.

720 4475 743 4498 ⁰
796 4468 997 4530 [Attius
1034 4469 1168 4531 apud
1208 4468 1413 4518 Festum
1459 4466 1522 4517 de
1558 4466 1712 4517 Verb.
1798 4466 1860 4516 ad
1886 4467 2003 4515 calc.
2031 4466 2180 4530 Plat]

656 4530 796 4591 Sign.
832 4531 919 4580 lib.
945 4532 1049 4581 xiv.
1073 4533 1127 4580 in
1152 4548 1256 4582 voc.
1282 4537 1294 4559 ‘
1317 4532 1613 4595 Probrum.']
