3165 4959
968 327 1332 377 stomoma
1374 328 1738 376 mronsm.
2318 320 2442 383 471

239 481 568 547 contrario
608 483 840 560 solum,
886 483 1082 547 etiam
1125 483 1242 547 ubi
1282 483 1488 561 solvit,
1539 484 1881 566 (quantum
1923 483 2086 567 Regi
2130 485 2284 549 satis
2320 488 2442 568 est)

238 583 506 663 fatetur,
574 584 873 647 Omnibus
942 585 1266 666 Apostoli-s
1333 585 1549 648 datam
1613 586 2013 648 communiter
2070 593 2448 667 potestatem

240 687 489 768 liyandi
531 692 593 749 et
633 687 911 750 solvendi
927 684 978 750 ¹².
1067 688 1162 750 At
1203 686 1319 750 ubi
1364 693 1509 770 post
1556 688 1770 768 primo
1815 689 1933 751 soli
1985 689 2179 752 Petro
2230 691 2447 753 datam

242 790 426 868 dicit,
458 791 659 874 gratis
690 790 867 870 dicit,
900 797 1123 873 estque
1152 791 1222 855 in
1251 812 1347 870 eo,
1379 811 1512 855 non
1541 790 1795 854 veritati
1824 791 2036 870 mod0,
2068 793 2181 855 sed
2211 799 2277 855 et
2308 793 2447 876 ipse

238 893 367 957 sibi
413 894 793 958 contrarius.
885 895 1042 958 Non
1092 895 1289 957 Petro
1332 894 1538 957 claves
1582 902 1725 956 tum
1768 894 1956 969 datae,
1987 915 2137 957 cum
2182 895 2343 958 dixit
2385 896 2448 958 ei

239 995 557 1074 Christus,
598 997 735 1059 Tibi
781 995 942 1059 dabo
987 997 1210 1073 claves,
1260 995 1538 1058 Thomas
1580 994 1717 1077 ipse
1760 996 2002 1059 asserit.
2098 998 2228 1059 Sed
2270 996 2445 1076 dicit,

244 1097 386 1159 Tibi
429 1098 609 1161 dabo.
698 1097 994 1161 Nondum
1040 1098 1202 1159 enim
1241 1104 1423 1160 erant
1457 1094 1817 1177 fabricatoe.
1907 1098 2035 1160 Res
2077 1104 2283 1162 autem
2325 1120 2449 1162 non

224 1205 446 1280 potest
499 1200 665 1278 dari,
721 1206 1053 1281 antequam
1096 1200 1203 1262 sit.
1295 1199 1706 1262 Fabricandoe
1756 1205 1961 1261 autem
2010 1202 2104 1262 hoe
2152 1208 2334 1264 erant
2381 1203 2447 1264 in

219 1302 580 1382 passione'.
668 1302 826 1364 Non
855 1322 1007 1383 ergo
1037 1306 1182 1363 ante
1204 1302 1563 1382 passionem
1594 1300 1780 1364 datae.
1856 1301 2004 1364 Nee
2031 1322 2184 1383 ergo
2212 1302 2277 1364 vi
2307 1324 2443 1366 ver-

230 1401 487 1480 borum,
515 1400 826 1482 confirma
854 1403 1116 1465 Fratres
1147 1407 1283 1465 tuos
1299 1412 1354 1466 '.
1441 1403 1617 1466 Nam
1646 1409 1713 1466 et
1745 1402 1857 1466 illa
1885 1409 2030 1466 ante
2058 1404 2441 1468 Passionem.

234 1505 279 1567 J
281 1526 390 1567 am
407 1510 560 1585 post
575 1505 937 1586 passionem
963 1503 1173 1586 primo
1201 1504 1479 1566 omnibus
1506 1504 1830 1584 Apostolis
1859 1503 2124 1582 dictum,
2154 1505 2445 1585 Accipite

229 1607 543 1688 Spiritum
586 1608 906 1683 Sanctum,
945 1606 1217 1678 Quorum
1259 1606 1646 1681 remiseritis,
1680 1612 1784 1691 850.
1872 1606 2027 1670 Post
2070 1612 2289 1669 autem
2327 1607 2441 1670 ali-
2530 1608 2533 1609 ⁷

230 1716 477 1791 quanto
536 1709 753 1786 Petro,
815 1708 1018 1769 Pasce
1076 1728 1236 1770 oves.
1325 1707 1514 1771 Prius
1575 1728 1731 1790 ergo
1790 1709 2070 1771 omnibus
2116 1710 2442 1790 Apostolis

227 1811 681 1887 communiter,
715 1830 908 1892 quam
935 1810 1054 1871 soli
1073 1809 1287 1873 Petra.
1336 1808 1588 1874 Quodsi
1618 1809 1660 1870 J
1662 1830 1803 1872 oan.
1829 1831 1934 1872 xx.
1952 1816 2239 1891 potestas
2268 1811 2439 1873 ordi-

225 1914 330 1975 nis
365 1906 517 1976 data
551 1920 652 1977 est
681 1912 958 1975 omnibus
987 1913 1328 1993 aequaliter,
1360 1916 1446 1988 et,
1487 1911 1684 1974 Matt.
1716 1911 1889 1975 xviii.
1922 1917 2208 1992 potestas
2232 1914 2439 1993 juv-is-

226 2015 525 2077 dictionis
571 2014 850 2077 omnilms
895 2014 1093 2076 etiam
1149 2013 1475 2094 «equaliter
1521 2011 1674 2074 data
1720 2020 1839 2089 est,
1899 2018 1975 2075 ut
2033 2013 2105 2075 in
2161 2020 2437 2096 utraque

224 2122 575 2200 potestate,
605 2126 683 2181 ut
704 2114 1047 2198 utrobique
1079 2135 1263 2197 pares
1291 2114 1387 2177 ita
1416 2113 1567 2177 sint.

294 2251 445 2300 Sotus
467 2286 481 2300 .
505 2287 517 2299 .
544 2288 556 2300 .
579 2250 713 2299 nihil
749 2251 806 2300 in
842 2250 953 2299 loco
986 2251 1141 2299 citato
1163 2287 1175 2299 .
1201 2286 1214 2299 .
1241 2286 1253 2299 .
1277 2250 1340 2300 de
1373 2249 1468 2299 hac
1498 2263 1553 2299 re
1577 2247 1938 2313 dicit—[Bell.
1972 2249 2120 2314 Apol.
2146 2264 2237 2313 pro
2263 2250 2432 2315 Resp.]

358 2345 408 2394 p.
433 2333 545 2381 195.
581 2330 712 2395 [Op.,
735 2334 859 2380 tom.
881 2330 971 2381 vii.
994 2331 1085 2380 col.
1111 2330 1221 2380 814.
1245 2328 1330 2393 A.]

315 2429 494 2493 Nam
545 2428 626 2493 de
678 2430 834 2493 Soto
881 2428 1124 2493 frustra
1181 2427 1300 2492 sibi
1352 2428 1590 2491 creavit
1635 2425 1996 2492 cardinalis
2047 2425 2426 2491 molestiam.
2459 2441 2670 2508 [Scotffl

222 2532 314 2595 In
347 2531 529 2594 libris
557 2530 731 2594 enim
762 2531 999 2612 Regiis,
1034 2552 1192 2613 quos
1236 2528 1396 2592 mihi
1439 2529 1654 2592 videre
1698 2527 1992 2610 contigit,
2035 2529 2266 2592 Scotus
2308 2535 2427 2607 est,

217 2654 363 2696 non
397 2635 614 2696 Sotus.
705 2634 935 2695 Scotus
966 2639 1183 2696 autem
1213 2639 1288 2694 ut
1317 2631 1429 2695 ubi
1460 2630 1714 2708 citatur,
1746 2630 1918 2693 Dist.
1956 2631 2057 2693 19.
2091 2631 2237 2693 Art.
2272 2634 2306 2692 1
2328 2626 2383 2694 ¹.

288 2767 379 2815 An
400 2781 465 2816 ex
487 2767 582 2816 hoc
603 2766 742 2815 dicto
763 2765 1031 2823 Hadriani,
1054 2765 1135 2815 vel
1156 2780 1222 2816 ex
1242 2764 1358 2815 aliis
1381 2765 1552 2814 citatis
1572 2763 1879 2813 Auctoribus
1901 2763 2229 2812 convincatur
2251 2763 2434 2812 'Portus

357 2845 627 2907 mendacii,
648 2846 894 2895 lectorum
916 2847 1017 2895 erit
1028 2843 1458 2909 judicio—[Bell.
1473 2843 1622 2908 Apol.
1648 2859 1741 2908 pro
1758 2842 1927 2907 Resp]
1949 2858 1998 2907 p.
2017 2845 2125 2893 196.
2150 2842 2284 2907 [Op.,
2306 2847 2429 2892 tom.

359 2927 448 2976 vii.
471 2926 564 2975 col.
584 2926 698 2976 814.
722 2926 780 2975 B.
803 2924 879 2990 C.]

315 3030 692 3095 Hadrianus
721 3031 880 3094 dicit
909 3030 1187 3113 quidem,
1225 3031 1442 3092 Claves
1470 3050 1602 3092 esse
1632 3031 1818 3093 datas
1844 3031 2117 3093 scientioe
2139 3035 2201 3092 et
2216 3036 2428 3111 potes·
2488 3048 2737 3104 Hadriani

226 3136 428 3208 tatis;
479 3133 592 3197 sed
633 3133 788 3196 dicit
831 3132 923 3195 ibi
941 3159 961 3211 3
1014 3137 1033 3166 ‘
1058 3132 1195 3194 Tibi
1238 3132 1398 3194 dabo
1434 3133 1695 3211 C'laves,’
1728 3135 2197 3214 promissionem
2235 3153 2366 3197 esse
2381 3143 2430 3196 5.
2508 3115 2597 3179 Ῐ··]

218 3235 407 3300 Dicit
437 3235 723 3298 secundo.
798 3236 897 3296 De
915 3235 1085 3296 clave
1107 3234 1439 3296 ministerii
1468 3235 1705 3297 dictum
1734 3241 1826 3298 est
1855 3236 2067 3314 Petro,
2106 3235 2244 3298 Tibi
2273 3235 2431 3298 dabo

225 3340 457 3415 claves,
488 3343 550 3399 et
579 3338 647 3398 in
668 3336 862 3399 Petro
895 3336 1337 3399 Sacerdotibus
1365 3337 1664 3415 omnibus,
1698 3337 1917 3418 quibus
1945 3339 2013 3399 in
2042 3338 2433 3400 ordinatione

223 3440 421 3503 datur
471 3438 753 3519 Spiritus
798 3438 1088 3516 Sanctus,
1129 3443 1201 3500 at
1238 3458 1495 3520 quorum
1538 3438 1891 3501 remiserint
1929 3443 2219 3517 peccata,
2256 3444 2360 3523 Byc.
2384 3451 2428 3502 ⁸.

292 3598 318 3621 ⁸
360 3587 513 3654 [‘¹Ad
555 3589 780 3652 primum
827 3603 947 3651 ergo
1002 3588 1290 3649 dicendum,
1377 3593 1430 3638 et
1442 3588 1476 3638 J
1480 3603 1591 3638 oan.
1609 3603 1695 3637 xx.
1710 3588 1954 3652 impletur
1963 3586 2094 3636 illud
2109 3588 2429 3651 promissum,

225 3653 362 3718 quod
385 3654 616 3716 quamvis
634 3652 871 3702 omnibus
888 3652 1147 3717 Apostolis
1172 3653 1292 3702 data
1375 3652 1575 3702 dicente
1591 3653 1805 3711 Christo,
1819 3651 2095 3711 ‘Quomm,’
2112 3652 2285 3701 &c.”—
2294 3651 2426 3701 Scot.

224 3719 298 3766 sit
343 3716 681 3766 communiter
724 3720 945 3780 potestas
992 3717 1187 3779 lig-andi
1238 3721 1291 3766 et
1375 3716 1432 3765 in
1466 3716 1555 3765 lib.
1591 3718 1661 3766 iv.
1707 3716 1845 3765 Sent.
1886 3716 2016 3765 Dist.
2039 3717 2146 3764 xix.
2181 3715 2368 3773 Quaest.
2393 3716 2428 3764 i.

229 3780 488 3837 solvendi3
523 3784 698 3829 tamen
735 3783 795 3829 ut
827 3781 884 3829 in
916 3780 1009 3830 hac
1042 3784 1289 3845 potestate
1376 3780 1488 3843 Op.,
1511 3784 1632 3829 tom.
1658 3781 1728 3830 ix.
1751 3794 1801 3842 p.
1826 3779 1966 3842 35⁷]

225 3844 352 3895 ordo
373 3844 558 3907 aliquis
579 3844 963 3905 significaretur,
991 3845 1158 3908 primo
1188 3844 1284 3893 soli
1435 3853 1458 3884 7
1482 3843 1627 3908 [“Ad
1649 3845 1937 3907 oppositum
1953 3846 2032 3892 est
2046 3843 2310 3906 promissio
2328 3841 2430 3893 Sal-

227 3909 383 3959 Petro
405 3907 524 3957 data
543 3912 636 3966 est,
655 3912 713 3957 ut
734 3908 1041 3967 ostendatur,
1065 3908 1198 3972 quod
1220 3907 1284 3957 ab
1370 3908 1573 3967 vatoris,
1597 3907 1834 3957 Matthaei
1848 3908 1949 3956 xvi.
1975 3907 2118 3956 “ribi
2140 3907 2298 3968 dabo:
2313 3907 2430 3956 ἅμ”

225 3987 288 4022 eo
311 3973 368 4021 in
389 3972 515 4021 alios
535 3971 716 4021 debeat
734 3972 835 4021 ista
850 3977 1070 4035 potestas
1091 3973 1286 4022 descen·
1372 3971 1617 4021 Hadrian.
1636 3972 1691 4021 in
1712 3972 1802 4021 lib.
1819 3972 1883 4021 iv.
1920 3969 2075 4032 Sent„
2095 3969 2157 4020 de
2175 3969 2431 4020 clavibus.

224 4036 391 4085 dcrel’
411 4062 480 4072 —
501 4036 551 4085 S.
575 4035 752 4086 Thom.
776 4035 966 4098 Aquin.
1011 4037 1067 4085 in
1099 4036 1188 4085 lib.
1216 4037 1284 4085 iv,
1371 4036 1455 4084 fol.
1479 4036 1609 4085 xcvi.
1631 4036 1723 4085 col.
1747 4035 1816 4099 2.]

224 4101 368 4150 sent
407 4099 539 4148 Dist„
577 4101 714 4148 xxiv.
757 4099 942 4156 Quaest.
980 4100 1053 4148 iii.
1090 4101 1205 4148 Art}
1231 4099 1287 4148 ii.
1439 4107 1458 4129 ¹
1492 4098 1546 4163 [“
1569 4098 1700 4149 Haec
1811 4104 1964 4149 testas
2019 4103 2224 4147 vocatur
2275 4097 2432 4147 clavis

224 4164 390 4214 Solut.
409 4163 483 4211 iii.
509 4163 619 4227 Op„
640 4166 764 4212 tom.
787 4164 900 4213 xiii.
924 4178 972 4227 p.
993 4163 1092 4226 41.]
1373 4163 1661 4212 ministerii.
1775 4168 1798 4212 t
1829 4163 1894 4212 de
1937 4162 2030 4212 hac
2062 4162 2199 4212 clave
2233 4161 2430 4210 dictum

293 4235 315 4257 '
353 4227 430 4291 [S.
455 4226 632 4276 Thom.
674 4228 862 4289 Aquin.
931 4228 986 4277 in
1009 4227 1158 4277 Matt.
1180 4226 1284 4276 xvi.
1373 4232 1450 4276 est
1468 4226 1629 4286 Petro,
1653 4226 1768 4276 'ribi
1792 4226 1921 4276 dabo
1942 4228 2104 4276 claves
2125 4225 2269 4286 regni
2288 4223 2432 4274 coelo·

225 4291 365 4357 [Op.,
387 4295 510 4341 tom.
533 4291 609 4339 iii.
631 4305 682 4354 p.
698 4291 808 4341 197.
825 4291 873 4340 b.
1372 4305 1502 4349 rum,
1518 4290 1643 4339 etin
1657 4289 1808 4339 Petro
1824 4290 2060 4339 omnibus
2075 4288 2431 4348 sacerdotibus,

292 4363 328 4386 ¹⁷
417 4369 491 4404 uc.
515 4355 642 4403 xxii.
669 4354 771 4419 32]
1376 4354 1559 4416 quibus
1593 4354 1651 4402 in
1683 4354 1998 4403 ordinatione
2027 4353 2176 4402 datur
2207 4352 2430 4416 Spiritus

292 4426 318 4452 ¹
372 4422 405 4445 “
417 4418 621 4479 Contra,
653 4418 801 4469 Matt.
833 4418 937 4468 xvi.
971 4419 1291 4482 promittitur
1375 4417 1602 4477 Sanctus,
1643 4422 1704 4466 ut
1735 4432 1949 4480 quorum
1991 4417 2282 4468 remiserint
2324 4431 2433 4481 pec·

226 4483 396 4545 Petro,
414 4487 467 4533 et
483 4483 838 4545 sacerdotibus,
864 4483 1005 4532 “ribi
1024 4483 1184 4543 dabo,'
1201 4483 1287 4532 &c.
1377 4482 1532 4541 cata‚”
1554 4481 1840 4532 &c—Ibid.
1864 4481 1956 4532 col.
1983 4481 2050 4546 3.]
