3165 4959
1017 299 1384 347 stomoma
1429 299 1792 348 assroNsm.
2002 334 2009 340 .
2374 289 2505 353 439

295 448 463 511 ferat
479 449 510 509 ⁴?
601 450 756 513 Non
802 470 956 534 ergo
1003 453 1069 513 in
1117 453 1475 534 relzyionem
1521 453 1818 515 feruntur
1856 454 2047 536 leges.
2137 454 2281 518 Nec
2331 456 2505 519 enim

291 552 616 633 reliyionis
644 552 770 615 illis
799 573 900 616 res
923 554 1055 617 sola
1083 563 1199 633 est,
1239 555 1339 618 vel
1366 555 1611 638 prima:
1657 556 1864 639 prima
1913 558 1988 639 (si
2032 578 2163 621 non
2207 558 2389 640 sola),
2422 580 2505 623 ne

292 653 539 717 subditi
586 655 836 739 integra
864 657 994 720 sint
1040 658 1166 721 fide
1206 658 1275 721 in
1320 659 1703 742 Principem,
1744 660 1844 722 vel
1876 660 2378 743 Rempublicam,
2420 662 2501 726 ab

291 757 517 821 hostili
545 768 713 822 nutu
741 761 1080 842 pendeant,
1113 762 1296 845 signo
1327 762 1496 842 dato,
1529 785 1567 826 a
1599 764 1776 846 Rege
1807 762 2125 827 deficiant.

360 924 460 982 Qui
495 927 802 989 plectuntur,
836 929 957 992 quia
991 929 1155 979 Sacris
1194 930 1473 980 Ordinibus
1494 931 1550 979 in
1573 931 1928 980 transmarinis
1961 931 2272 993 Regionibus
2306 933 2500 983 initiati

424 1012 561 1067 sunt,
584 1045 597 1057 .
621 1045 633 1057 .
659 1046 670 1058 .
696 1024 863 1060 nonne
899 1016 1106 1075 propter
1143 998 1441 1074 religionem
1478 1013 1798 1076 plectuntur}
1834 1026 2002 1062 nonne
2039 1013 2166 1062 sacri
2203 1013 2403 1064 ordines
2435 1014 2500 1064 ad

424 1089 723 1152 religionem
745 1093 1004 1154 pertinent
1019 1092 1252 1157 3-[sse11.
1279 1094 1426 1157 Apol.
1452 1108 1543 1157 pro
1566 1091 1739 1156 Resp]
1762 1108 1809 1156 p.
1836 1095 1944 1146 179.
1997 1092 2129 1158 [Op.,
2147 1096 2270 1143 tom.
2294 1096 2381 1145 vii.
2406 1098 2498 1146 col.

432 1173 544 1220 805.
564 1170 650 1234 C.]

381 1304 517 1366 Nec
570 1304 904 1387 quisquam
956 1306 1062 1369 hic
1114 1307 1432 1389 plectitur,
1495 1309 1642 1389 quia
1695 1309 1761 1370 in
1809 1310 2247 1371 transm-minis
2283 1311 2495 1390 parti·
2522 1316 2594 1393 [et
2616 1332 2739 1380 prae-

290 1403 406 1467 bus
457 1405 762 1486 initiatus,
817 1408 927 1471 sed
968 1410 1137 1492 quia,
1191 1409 1260 1472 in
1309 1410 1386 1472 iis
1431 1410 1719 1493 partibus
1764 1410 1879 1474 ubi
1925 1411 2234 1490 initiatus,
2280 1414 2495 1496 jussus
2519 1382 2744 1495 gfflssssfn

288 1509 652 1589 subsistere,
713 1532 833 1574 nec
906 1512 1034 1575 huc
1097 1513 1447 1592 convolare,
1509 1521 1584 1576 ut
1645 1521 1792 1596 agat
1850 1514 1955 1577 hic
2015 1515 2492 1597 exploratorem,
2521 1510 2704 1574 dotem]

289 1620 503 1694 spreta
547 1621 764 1677 tamen
813 1615 1009 1699 Lege,
1059 1637 1173 1698 per
1218 1615 1314 1679 fas
1360 1616 1668 1699 nefasque
1716 1617 1844 1680 huc
1891 1638 1956 1680 se
2004 1617 2218 1681 infert.
2311 1619 2498 1682 Sacri

288 1716 540 1779 ordines
569 1718 659 1779 ad
681 1719 1039 1801 reliyionem
1070 1722 1392 1799 pertinent
1411 1749 1430 1782 :
1480 1720 1562 1784 ob
1608 1741 1822 1783 sacros
1865 1721 2131 1783 Ordines
2157 1743 2291 1785 non
2330 1723 2500 1804 plec-

289 1827 537 1883 tuntur.
659 1822 1003 1904 Reliyionis
1059 1823 1474 1905 procurandae
1536 1845 1743 1902 causa,
1805 1825 2126 1907 ingressus
2186 1825 2312 1887 illis
2363 1847 2496 1889 non

288 1921 729 1986 interdicitur:
777 1925 889 1988 sed
932 1925 1283 1988 rebellionis
1317 1926 1577 1990 ciendae.
1670 1927 1914 2009 Religio
1959 1928 2293 1991 rebellioni
2336 1950 2497 2011 prae-

289 2025 549 2089 texitur.
641 2028 776 2091 Lex
804 2027 983 2090 nulla
1011 2029 1080 2090 in
1109 2030 1466 2111 reliyionem
1494 2028 1716 2106 fertur,
1761 2030 1871 2092 sed
1907 2030 1976 2091 in
2007 2029 2091 2107 id,
2126 2030 2229 2093 cui
2275 2032 2495 2112 reliyio

288 2129 626 2210 praetextui
656 2138 751 2192 est
772 2157 791 2207 3
840 2130 907 2193 id
937 2138 1153 2194 autem
1184 2138 1299 2209 est,
1330 2132 1716 2213 pei-tentatio
1747 2131 2127 2210 animorum,
2174 2133 2497 2197 subversio

287 2228 627 2294 domorum
657 2233 729 2295 iu
760 2255 934 2315 quas,
968 2255 1380 2315 personarum
1411 2255 1449 2296 a
1478 2234 1729 2317 quibus,
1760 2235 2172 2316 recipiuntur.
2265 2237 2497 2317 Neque

269 2333 535 2413 jubetur
564 2344 839 2398 vestrum
872 2337 1013 2418 quis
1054 2337 1129 2399 de
1161 2336 1454 2398 Primatu
1483 2337 1678 2418 Reyio
1708 2337 2137 2416 jurameutum
2164 2340 2494 2419 suscipere,

296 2436 480 2518 (adeo
518 2459 652 2502 non
681 2439 937 2503 saevitur
965 2428 1035 2502 in
1056 2440 1315 2520 vestros)
1357 2438 1466 2502 sed
1503 2459 1623 2502 nec
1653 2436 1733 2502 de
1763 2459 1883 2501 non
1915 2439 2194 2502 curanda
2223 2440 2497 2503 Eoecom-

285 2542 700 2605 manicatione
731 2541 1060 2623 Pontificis
1087 2544 1207 2604 sui.
1305 2542 1551 2620 Cui-ent,
1588 2541 1698 2624 qui
1741 2541 1955 2604 volent
1997 2541 2192 2619 illam,
2225 2542 2336 2604 sed
2364 2564 2498 2605 una

285 2650 505 2706 curent
550 2645 832 2708 officium
879 2666 1066 2708 suum
1118 2645 1189 2707 in
1237 2645 1504 2727 Regem,
1554 2664 1627 2706 ac
1670 2644 1880 2726 Regni
1928 2644 2492 2708 communitatem:

282 2746 463 2810 illam
510 2747 580 2809 in
615 2748 824 2811 Sacris
865 2754 1098 2825 curent,
1132 2747 1288 2810 dum
1317 2755 1383 2809 et
1427 2747 1594 2809 hanc
1638 2746 1708 2808 in
1740 2745 2066 2810 Civilibus.
2158 2747 2407 2827 Neque,
2442 2747 2496 2809 si

283 2851 836 2914 excommunicare
865 2850 1060 2914 libeat
1091 2850 1410 2927 Pontifici,
1444 2850 1567 2914 sibi
1595 2850 1786 2912 licere
1816 2857 2043 2931 putent
2075 2870 2113 2911 a
2139 2848 2263 2912 fide
2294 2849 2495 2913 disce-

282 2954 456 3032 dere,
487 2954 586 3017 vel
617 2956 862 3037 Regem
891 2954 1126 3018 habere
1170 2975 1285 3037 pro
1315 2974 1450 3017 non
1479 2955 1680 3036 Rege.
1776 2953 1983 3015 Sacrae
2029 2952 2496 3016 communionis

280 3056 472 3119 solvit
501 3057 689 3136 forte,
732 3058 874 3140 (nec
917 3057 986 3120 id
1027 3077 1483 3140 usquequaque
1513 3056 1754 3138 tamen)
1794 3063 2059 3134 naturae,
2091 3056 2191 3120 vel
2234 3055 2492 3138 politiae,

279 3158 536 3222 vincula
567 3181 700 3223 non
740 3160 926 3224 solvit
962 3161 1266 3224 Censura.
1358 3159 1580 3223 Potest
1626 3158 1857 3241 (credo)
1912 3159 2255 3223 consistere
2302 3160 2495 3223 sacris

279 3260 495 3325 cultus
527 3270 592 3326 et
637 3284 788 3326 cura
831 3285 962 3342 sua,
1011 3263 1249 3345 absque
1278 3262 1430 3326 fidei
1460 3263 1663 3326 civilis
1691 3263 1957 3341 incuria,
1992 3262 2154 3326 addo
2186 3272 2399 3326 autem
2430 3271 2496 3326 et

278 3365 539 3447 injuria.

354 3517 542 3567 Parum
566 3556 579 3568 .
596 3555 617 3588 .·
644 3555 656 3568 .
681 3519 832 3570 refert
860 3519 924 3570 ad
958 3520 1278 3582 martyrium,
1303 3525 1474 3568 utrum
1497 3521 1613 3582 quis
1634 3519 1891 3568 occidatur
1912 3519 2031 3580 quia
2066 3517 2384 3567 Christianus
2410 3520 2497 3568 Oa·

415 3600 636 3649 tholicus
657 3605 749 3661 est,
778 3615 847 3651 an
869 3602 989 3665 quis
1009 3601 1176 3664 legem
1209 3606 1548 3663 transgressus
1575 3604 1668 3660 est,
1691 3614 1805 3663 qua
1822 3599 1972 3662 jubet
1992 3598 2145 3648 fldem
2179 3597 2495 3648 Catholicam

408 3680 651 3744 abjurare.
720 3680 770 3730 N
773 3696 855 3732 am
891 3681 1224 3745 Imperatores
1258 3680 1451 3744 Pagani
1483 3680 1669 3730 Edicta
1726 3677 2090 3742 proponebant,
2117 3693 2182 3729 ne
2214 3679 2296 3727 cui
2320 3678 2497 3728 liceret

414 3763 673 3813 Christum
714 3763 876 3813 Deum
913 3762 1377 3827 confiteri.—[Bell.
1399 3762 1548 3825 Apol.
1571 3775 1665 3824 pro
1688 3758 1858 3824 Resp]
1879 3774 1928 3822 p.
1950 3760 2059 3810 180.
2100 3758 2234 3823 [Op.,
2256 3765 2381 3809 tom.
2405 3761 2493 3810 vii.

415 3845 507 3893 col.
534 3846 644 3895 805.
667 3845 721 3894 C.
747 3843 831 3908 D.]

367 3961 568 4027 Aliud
607 3984 759 4027 vero
797 3964 1006 4046 longe,
1050 3963 1286 4025 Edicta
1318 3981 1686 4044 proponere,
1717 3981 1792 4023 ne
1823 3962 1921 4024 cui
1958 3960 2145 4023 liceat
2180 3961 2493 4023 Christum
2517 3977 2682 4042 [Quod

280 4064 582 4147 confiteti,
616 4088 808 4148 quam
838 4087 912 4129 ne
949 4067 1068 4146 cui,
1101 4066 1298 4129 hostis
1337 4067 1440 4128 hic
1482 4085 1615 4126 rem
1655 4084 1856 4146 ayere,
1891 4084 1975 4127 ne
2011 4064 2153 4146 quis
2198 4062 2277 4126 ad
2319 4063 2493 4126 illius
2516 4041 2795 4168 ffiffim

277 4177 490 4252 partes
550 4191 893 4232 numerum
957 4189 1325 4253 aggregare.
1442 4166 1691 4234 Quodsi
1757 4175 1893 4230 tam
1968 4166 2157 4229 infidi
2220 4165 2492 4229 fuissent

282 4273 567 4353 Papanis
594 4272 1083 4353 Imperator-ibus
1118 4272 1480 4349 Christiani,
1514 4292 1707 4353 quam
1730 4278 1968 4333 vestros
1997 4268 2289 4332 homines
2330 4290 2493 4351 saepe

272 4375 412 4457 jam
459 4374 799 4438 Britannia
840 4383 1077 4453 nostra,
1117 4397 1250 4439 non
1281 4375 1418 4437 sine
1461 4373 1745 4457 periculo
1790 4392 1924 4451 su0,
1958 4380 2216 4454 experta
2259 4379 2392 4448 est;
2440 4373 2493 4435 si

283 4476 654 4540 Albinianis
700 4479 1021 4556 favissent,
1063 4479 1162 4542 vel
1195 4477 1549 4559 Nigrianis,
1582 4476 1715 4540 imo
1761 4475 1815 4538 si
1859 4475 2242 4539 Albinianos
2283 4474 2494 4538 dedis-
