3165 4959
412 3637 433 3698 [
442 3632 693 3683 Carthusi-

407 3696 710 3810 isses

746 334 831 395 28
1372 351 1458 398 AD
1504 350 1885 399 camimum
1929 348 2327 397 namnum1

748 501 1031 573 duceret,
1082 510 1274 586 atque
1327 504 1418 566 ita
1476 505 1776 568 illuderet
1837 504 2039 587 Regi:
2105 504 2350 566 factum
2409 502 2579 581 inde,
2634 513 2710 565 ut
2773 501 2959 568 Hen-

746 605 916 668 ricus
946 606 1147 669 VIII.
1179 615 1401 671 noster
1441 616 1766 671 revocaret
1812 608 1894 671 ad
1934 630 2019 684 se,
2054 607 2224 689 quod
2263 628 2452 670 suum
2492 613 2666 669 erat:
2715 609 2862 671 Nec
2890 610 2961 673 id

745 718 966 772 tamen
1008 701 1207 792 priuS,
1247 733 1439 793 quam
1485 711 1658 775 edito
1703 712 1869 774 libro
1919 712 2134 794 (quem
2181 716 2199 745 ‘
2223 711 2324 773 De
2363 731 2513 773 vera
2556 710 2959 774 obedientia’

746 812 1119 896 conscripsit
1170 823 1313 876 tum
1365 815 1732 897 Stephanus
1773 815 2239 878 Wintoniensis
2287 814 2639 898 Episcopus
2655 824 2696 894 ¹,
2739 815 2839 878 vir
2883 837 2961 878 eo

745 917 976 980 saeculo
1023 918 1244 1001 magni
1286 919 1458 982 inter
1488 918 1710 981 doctos
1759 918 2060 999 nominis)
2114 937 2321 981 causae
2371 917 2591 999 Regiae
2629 918 2959 1001 justitiam
3058 990 3062 994 ,

745 1019 908 1082 Orbi
939 1020 1309 1084 Christiano
1350 1021 1604 1084 abunde
1637 1021 1789 1084 satis
1829 1020 2179 1103 probasset.
2273 1020 2395 1084 Cui
2425 1020 2609 1098 libro,
2643 1041 2765 1084 nec
2797 1021 2958 1084 dum

744 1142 1123 1204 responsum
1173 1145 1211 1186 a
1250 1124 1448 1203 vobis,
1479 1125 1672 1186 vestri
1713 1124 1994 1185 hominia.
2087 1123 2376 1187 Docetur
2421 1122 2533 1200 ibi,
2566 1144 2700 1186 non
2740 1144 2960 1187 recens

745 1226 950 1304 opinio
980 1225 1138 1303 haec‚
1171 1226 1282 1288 sed
1320 1227 1454 1309 jam
1500 1247 1707 1308 usque
1752 1247 1791 1288 a
1835 1225 2140 1289 Mosaicis
2182 1226 2375 1288 ducta
2405 1226 2842 1308 temporibus;
2890 1238 2958 1290 et

746 1328 1043 1409 antiquos
1087 1329 1244 1391 satis
1292 1336 1582 1392 auctores
1627 1329 1928 1392 habuisse
1959 1349 2036 1391 ex
2081 1329 2284 1411 prisco
2331 1329 2583 1407 saeculo,
2621 1350 2818 1392 annos
2863 1330 2958 1392 bis

745 1432 930 1509 mille,
993 1432 1086 1494 bis
1152 1434 1512 1514 quinyentos
1575 1432 1945 1515 priusquam
2005 1432 2146 1495 Rex
2207 1430 2528 1494 Henricus
2588 1429 2790 1495 VIII.
2854 1434 2957 1496 vel

746 1535 1048 1599 Clemens
1108 1536 1293 1615 VII.,
1319 1536 1459 1602 ,diu
1511 1536 1726 1613 etiam,
1780 1542 2128 1618 antequam
2172 1534 2274 1597 vel
2318 1535 2538 1597 Numoe
2581 1536 2797 1618 Regis,
2853 1537 2956 1599 vel

746 1638 1074 1719 sztzficis
1102 1640 1171 1701 in
1203 1637 1377 1716 orbe,
1408 1640 1509 1702 vel
1537 1640 1748 1701 Romoe
1779 1639 1974 1702 etiam
2003 1638 2199 1721 ipsius
2229 1658 2445 1700 nomen
2474 1638 2754 1700 auditum
2782 1647 2906 1702 est.

811 1747 967 1810 Cujus
988 1748 1056 1797 rei
1082 1752 1234 1796 testes
1264 1752 1383 1796 sunt
1404 1762 1578 1798 omnes
1601 1748 1708 1811 ejus
1730 1749 1973 1812 temporis
1990 1748 2249 1808 Histoi-ici,
2273 1748 2307 1796 J
2310 1762 2352 1798 o.
2375 1747 2636 1798 Cochlaeus
2658 1786 2669 1797 .
2695 1785 2707 1798 .
2731 1785 2744 1797 .
2760 1748 2823 1798 de
2848 1750 2956 1799 vita

875 1829 1102 1884 Lutheri.
1126 1828 1274 1879 Laur.
1300 1830 1477 1880 Surius
1507 1832 1564 1879 in
1591 1830 1728 1880 Hist.
1754 1832 1915 1881 nostri
1941 1829 2326 1895 temp—[Bell.
2351 1830 2500 1895 Apol.
2525 1845 2618 1895 pro
2641 1830 2811 1895 Resp.]
2836 1846 2887 1895 p.
2907 1833 2954 1882 7.

875 1908 1014 1973 [Op.,
1035 1915 1159 1959 tom.
1184 1909 1271 1959 vii.
1297 1911 1390 1960 col.
1415 1912 1444 1962 7
1449 1913 1526 1960 08.
1551 1909 1635 1973 0.]

831 2002 1048 2082 Atque
1077 2001 1216 2065 haec
1252 2003 1374 2083 (sat
1414 2001 1566 2084 scio)
1605 2002 2012 2066 Cardinalem
2045 2023 2178 2064 non
2206 2001 2486 2084 fugiunt,
2517 2023 2637 2065 nec
2667 2004 2807 2065 erat
2838 2023 2956 2067 cur

743 2103 968 2166 Testes
1007 2102 1151 2166 illos
1195 2125 1343 2166 suos
1386 2104 1815 2168 conductitios
1855 2105 1960 2168 hic
1999 2106 2100 2168 vel
2147 2105 2530 2182 nominaret,
2579 2105 2951 2169 Cochlaeum

744 2214 811 2270 et
845 2206 1140 2270 Surium:
1190 2229 1463 2289 quorum
1491 2208 1620 2287 ille,
1653 2208 1935 2290 maligno
1978 2209 2048 2270 in
2081 2209 2326 2290 Regem
2370 2208 2584 2271 animo
2620 2209 2818 2292 (quod
2850 2211 2952 2273 vel

744 2309 980 2391 scripta
1018 2311 1157 2392 ejus
1187 2310 1505 2374 virulenta
1533 2318 1893 2375 testantur:
1941 2312 2105 2374 alter
2144 2311 2250 2374 hic
2278 2310 2629 2391 fabulosae,
2663 2322 2729 2376 et
2765 2334 2952 2378 novae

745 2412 1067 2497 Legendae
1125 2415 1563 2481 Concinnator
1578 2441 1600 2495 ,-
1680 2423 1969 2501 uterque,
2024 2418 2255 2500 hospes
2314 2423 2381 2481 et
2438 2416 2817 2500 peregrinus
2880 2418 2952 2482 in

746 2518 1104 2601 Republica
1132 2527 1371 2583 nostra.

806 2626 906 2677 Sed
945 2642 1104 2677 unum
1137 2628 1410 2678 Auctorem
1442 2628 1705 2692 praeterire
1738 2643 1841 2678 non
1874 2643 2097 2692 possum,
2134 2630 2223 2691 qui
2261 2629 2442 2679 scribit
2487 2644 2546 2680 ea
2578 2630 2764 2694 quibus
2797 2631 2957 2680 inter-

869 2711 981 2761 fuit.
1049 2711 1102 2761 Is
1133 2716 1211 2762 est
1235 2711 1506 2762 Mauritius
1530 2711 1795 2774 Cheneyus
1821 2710 2093 2774 [Channei,
2118 2711 2270 2774 (apud
2295 2711 2422 2762 Bell.
2444 2711 2585 2776 Op.)]
2613 2712 2813 2774 Anglus
2834 2711 2952 2762 Car·

869 2791 1151 2851 thusianus.
1202 2793 1259 2842 in
1291 2793 1346 2842 li.
1378 2792 1441 2842 de
1474 2793 1596 2852 vita,
1632 2796 1685 2841 et
1725 2791 1970 2853 martyrio
2008 2790 2325 2841 Carthasian.
2362 2806 2404 2840 c.
2434 2796 2477 2840 9.
2504 2826 2518 2841 .
2542 2828 2556 2841 .
2580 2828 2593 2841 .
2617 2791 2687 2840 Et
2731 2806 2838 2854 cap.
2871 2793 2949 2842 10.

869 2873 1049 2923 scribit
1081 2874 1296 2922 missum
1328 2873 1481 2923 fuisse
1520 2873 1581 2922 I).
1620 2873 1743 2922 The.
1769 2872 2138 2932 Cromwellum‚
2163 2885 2280 2920 eum
2313 2872 2510 2935 aliquot
2533 2858 2849 2921 Consiliariis
2883 2871 2950 2921 ad

870 2957 973 3002 tres
1002 2952 1277 3002 Monachos
1300 2953 1659 3003 Carthusianos
1690 2954 1747 3002 in
1783 2953 1930 3002 'Purri
1968 2951 2280 3002 Londinensi
2314 2956 2605 3013 carceratos,
2646 2956 2706 3001 ut
2726 2953 2801 3001 eis
2838 2966 2950 3014 pro·

869 3037 1080 3095 poneret
1093 3033 1363 3081 Decretum
1383 3032 1707 3092 Par-lamenti,
1725 3050 1822 3096 quo
1835 3033 2148 3096 jubebantur
2163 3033 2457 3083 auctoritati
2481 3069 2494 3083 .
2519 3069 2530 3082 .
2555 3068 2568 3081 .
2594 3027 2950 3097 Papaerenun-

868 3114 1015 3173 ciare,
1038 3116 1090 3162 et
1111 3113 1273 3162 solum
1299 3112 1489 3175 Regem
1512 3114 1569 3163 in
1593 3113 1757 3177 Caput
1781 3115 2019 3164 Ecclesiae
2068 3115 2302 3177 mcipere.
2385 3114 2613 3178 Cumque
2636 3150 2649 3163 .
2672 3151 2685 3164 .
2709 3151 2721 3163 .
2748 3129 2951 3179 respon·

868 3192 1063 3243 dissent
1085 3230 1097 3243 .
1122 3230 1135 3242 .
1159 3229 1172 3243 .
1195 3209 1249 3244 se
1285 3209 1613 3245 consensuros
1635 3233 1647 3244 .
1673 3232 1687 3246 .
1711 3232 1723 3245 .
1769 3198 1827 3246 in
1863 3200 2110 3260 quantum
2152 3196 2234 3245 lex
2273 3196 2450 3246 divina
2485 3196 2800 3258 permiserim
2835 3198 2949 3247 sub-

859 3273 1040 3337 junxit
1060 3274 1164 3333 ille,
1188 3274 1383 3324 nullam
1400 3277 1752 3339 exceptionem
1775 3277 2065 3336 admittam,
2088 3276 2195 3326 sive
2216 3276 2302 3325 lex
2314 3276 2489 3325 divina
2511 3277 2813 3339 permiserit,
2839 3278 2949 3328 sive

868 3370 985 3404 non.
1021 3355 1408 3419 Replicaverunt
1422 3359 1582 3406 nostri
1603 3392 1616 3406 .
1637 3392 1650 3406 .
1676 3392 1690 3407 .
1708 3358 1984 3408 Ecclesiam
2000 3358 2315 3408 catholicam
2328 3357 2479 3408 aliter
2496 3372 2694 3421 semper
2707 3359 2945 3410 tenuisse.

866 3473 878 3486 .
904 3473 916 3487 .
942 3474 955 3486 .
980 3437 1259 3500 Respondit
1293 3439 1397 3500 ille,
1428 3438 1548 3488 Non
1571 3454 1692 3489 curo
1715 3440 2007 3501 Ecclesiam,
2029 3441 2185 3490 vultis
2201 3441 2486 3491 consentire
2507 3456 2678 3492 annon
2692 3443 2946 3508 ‘e—[Ben.

867 3519 1014 3583 Apol.
1039 3533 1130 3582 pro
1153 3519 1328 3584 Resp.]
1365 3535 1412 3583 p.
1441 3522 1485 3571 8.
1522 3520 1658 3586 [Op.‚
1682 3525 1805 3572 tom.
1828 3522 1917 3571 vii.
1941 3523 2033 3572 col.
2059 3522 2171 3575 708.
2198 3522 2261 3572 Ι).
2281 3522 2394 3574 709.
2417 3523 2503 3587 A.]

822 3612 933 3690 At,
974 3618 1250 3694 utroque
1293 3612 1485 3695 longe
1532 3613 1713 3695 pejor
1755 3613 1832 3690 is,
1876 3634 1915 3675 a
1961 3634 2088 3696 quo
2138 3620 2359 3677 tamen
2410 3615 2628 3678 hausit
2672 3623 2948 3697 uterque

735 3712 982 3776 fabulas
1012 3735 1177 3791 suas,
1203 3714 1668 3777 carthusianus
1699 3714 2053 3797 transfuga,
2077 3716 2356 3778 Illustris
2379 3717 2628 3779 Auctor
2657 3716 2901 3781 scilicet
2929 3746 2945 3782 ε

405 3825 633 3889 negant}
737 3816 1029 3880 Channei
1065 3837 1213 3879 eum
1256 3816 1535 3880 editione
1578 3817 1786 3900 prima
1831 3817 2076 3881 dixerat
2108 3817 2466 3881 Cardinalis
2502 3820 2721 3902 (atque
2748 3820 2844 3884 ita
2873 3842 2947 3884 se

513 3933 600 3996 23

736 3919 955 3983 scribit
984 3920 1122 4002 ipse
1150 3920 1317 3984 libro
1347 3941 1461 3983 suo
1479 3922 1523 4002 3)
1559 3921 1628 3983 in
1660 3921 1942 3985 secunda
1963 3921 2382 4005 Cheneyum:
2429 3929 2575 4004 post
2598 3944 2768 4001 vero,
2791 3923 2948 3987 libri

734 4021 1023 4105 ejusdem
1050 4022 1121 4085 in
1152 4024 1342 4102 calce,
1365 4023 1536 4087 inter
1558 4030 1788 4101 errata,
1821 4023 1954 4087 exit
1977 4023 2161 4086 nobis
2190 4030 2454 4106 repente
2485 4046 2650 4088 novo
2678 4024 2947 4089 nomine

736 4123 1107 4188 Chauceus:
1155 4123 1368 4202 homo,
1401 4132 1476 4186 ut
1503 4124 1777 4201 videtur,
1809 4145 1943 4187 non
1972 4125 2188 4187 minus
2225 4124 2377 4188 fidei
2421 4147 2614 4207 quam
2657 4128 2945 4191 nominis

731 4227 983 4290 incerti.
1078 4228 1167 4305 Is,
1217 4248 1366 4290 cum
1414 4227 1567 4291 civis
1615 4227 1904 4310 perditus
1947 4227 2243 4291 vertisset
2295 4229 2502 4291 solum
2524 4255 2544 4305 3
2592 4230 2833 4311 aliquid
2882 4230 2946 4294 ei

731 4330 1177 4393 mentiendum
1209 4339 1367 4408 erat,
1398 4338 1473 4393 ut
1505 4331 1822 4413 stipendia
1848 4338 2123 4393 mereret
2155 4330 2367 4393 Patris
2400 4332 2472 4393 in
2511 4334 2753 4415 majore
2783 4335 2943 4396 Car-

796 4455 814 4477 ⁸
850 4445 1012 4509 [Vide
1067 4447 1311 4511 Stephani
1367 4449 1633 4500 Gardineri
1692 4450 1783 4513 Ep.
1874 4448 2058 4499 Fascio.
2084 4464 2175 4498 rer.
2212 4453 2378 4513 expet.
2402 4457 2456 4503 et
2475 4452 2698 4515 fugiend.
2735 4457 2858 4504 tom.
2888 4455 2942 4503 ii.

733 4509 956 4559 Winton.
977 4512 1113 4561 Orat.
1128 4511 1190 4560 de
1204 4527 1321 4562 vera
1343 4513 1632 4565 obedientia
1652 4514 1785 4577 apud
1873 4528 1922 4577 p.
1949 4516 2060 4564 802.
2086 4515 2217 4578 seq.]
