3165 4959
718 315 807 377 26
1348 328 1433 375 An
1478 327 1858 377 cumanus
1904 328 2298 379 Bssfflmm

720 488 1139 566 acceperunt:
1187 503 1320 545 non
1346 483 1691 548 inhonesto
1727 491 1945 547 autem
1974 483 2145 546 facto
2173 482 2315 561 hoc,
2349 490 2442 560 ut,
2473 502 2514 546 a
2543 503 2669 565 quo
2702 483 2924 546 vestris

720 609 927 671 nuper
988 608 1229 651 nomen
1300 587 1603 666 inditum,
1664 595 1738 651 ut
1798 588 2166 651 dicerentur
2238 587 2616 651 Pulvermii.
2738 589 2927 651 Salva

722 699 940 755 autem
984 689 1448 774 protestatione
1493 691 1618 754 hac
1658 690 1854 773 (quod
1902 689 2310 753 cardinalem
2361 711 2494 753 non
2533 689 2718 771 latet)
2751 690 2928 753 haud

722 794 855 856 ulla
900 800 999 857 est
1044 793 1203 857 fides
1254 799 1494 871 nostra,
1544 791 1670 854 nisi
1719 814 1860 875 quae
1910 798 2126 855 vestra
2176 796 2294 870 est,
2347 792 2450 855 vel
2502 812 2643 854 esse
2696 791 2927 855 debet:

720 903 905 959 vetus
935 896 1175 961 scilicet
1204 896 1317 959 ina
1350 896 1695 973 Catholica,
1726 894 1981 959 duobus
2010 895 2462 973 Testamentis,
2492 895 2702 959 tribus
2736 897 2928 981 Sym-

721 1000 904 1078 bolis,
938 1007 1213 1082 quatuor
1242 999 1545 1065 Conciliis
1580 1001 2076 1083 comprehensa:
2122 1007 2403 1078 tantum,
2434 1001 2516 1065 ab
2547 1000 2929 1083 opinionum

590 1144 597 1147 -
723 1104 1125 1186 quarundam
1170 1103 1571 1181 commentis,
1603 1108 1669 1166 et
1719 1102 2038 1166 abusuum
2081 1101 2477 1184 corruptelis,
2510 1121 2654 1184 quae
2681 1102 2933 1183 partim

500 1209 572 1268 21

399 2481 662 2545 [An-dcun,

430 2561 520 2594 uos
543 2545 651 2594 Rex

431 2610 638 2668 efendit,

395 2675 609 2723 minime

396 2739 558 2801 novL]

426 3449 613 3499 nedum

393 3514 411 3562 i
434 3514 482 3563 le
504 3514 567 3564 de
593 3513 699 3562 Pri-

393 3582 534 3653 matu
560 3577 649 3628 Rc·

390 3642 522 3704 sm]

722 1209 872 1270 vitio
904 1214 1260 1288 temporum,
1278 1209 1523 1288 partim
1566 1208 1877 1270 hominum
1904 1207 2169 1283 incuria,
2200 1208 2299 1268 vel
2323 1208 2391 1268 in
2427 1207 2629 1287 ipsam
2657 1207 2933 1269 Missam

724 1311 1127 1391 irrepserunt,
1190 1311 1455 1394 (fatente
1514 1331 1653 1374 rem
1716 1309 1977 1394 Synodo
2033 1314 2249 1374 vestra
2304 1308 2443 1391 ipsa
2498 1308 2929 1390 Tridentina‘)

722 1414 995 1495 pristino
1043 1414 1369 1496 splendori
1413 1414 1735 1477 restituta.
1825 1411 1992 1476 Inde
2044 1412 2223 1491 adeo,
2262 1411 2691 1493 Refomatam
2733 1412 2931 1475 modo

720 1520 1077 1600 religionem
1137 1518 1430 1596 dicimus,
1490 1539 1625 1581 non
1668 1516 2021 1598 formatam
2079 1516 2160 1580 de
2217 1537 2401 1580 novo,
2509 1517 2934 1578 Renovatores

721 1622 912 1686 modo
943 1642 1184 1698 sumus,
1216 1642 1349 1683 non
1379 1621 1746 1683 Novatores.
1839 1620 1928 1683 Et
1956 1640 2088 1697 VOS,
2113 1619 2169 1682 si
2199 1618 2423 1683 eadem
2451 1618 2564 1681 illa
2590 1616 2932 1699 refomari

721 1724 1014 1787 sineretis
1044 1723 1214 1805 apud
1242 1744 1372 1801 vos,
1403 1723 1474 1785 in
1505 1722 1737 1805 quibus
1766 1723 2105 1786 nobiscum
2133 1742 2268 1785 non
2297 1722 2474 1800 estis,
2512 1723 2601 1804 (in
2633 1722 2934 1801 plurimis

720 1828 880 1889 enim
924 1827 1233 1889 nobiscum
1276 1827 1445 1907 estis)
1484 1825 1725 1889 rediret
1769 1824 1930 1889 Orbi
1963 1847 2108 1908 pax.
2198 1826 2342 1888 Nec
2386 1824 2561 1887 enim
2604 1825 2932 1886 Prote-sta-

722 1931 907 1992 tionis
950 1930 1120 1992 illius
1147 1929 1242 1992 vis
1285 1929 1429 2006 alia,
1461 1949 1671 2012 neque
1720 1927 1962 1991 diutius
2003 1927 2132 1992 vim
2179 1926 2502 2005 habitura,
2545 1948 2739 2010 quam
2783 1935 2932 1990 tan-

721 2031 918 2113 tisper
947 2032 1102 2094 dum
1132 2030 1243 2094 illa
1270 2031 1718 2094 instaurentur
1748 2030 1919 2112 apud
1942 2050 2068 2108 VOS,
2095 2050 2237 2111 quae
2267 2029 2358 2093 sic
2390 2036 2730 2110 temporum
2756 2032 2931 2109 vitio,

722 2136 1032 2197 hominum
1061 2136 1330 2212 incuria,
1361 2134 1660 2197 abierunt
1690 2132 1761 2195 in
1791 2132 2087 2196 abusum.

786 2271 863 2320 Ac
896 2284 960 2320 ne
993 2269 1056 2320 de
1086 2269 1322 2320 omnibus
1356 2270 1604 2320 Articulis
1638 2270 1797 2327 novis,
1834 2284 1958 2332 quos
1992 2268 2100 2319 Rex
2132 2268 2376 2329 defendit,
2399 2269 2797 2333 disputationem
2829 2285 2935 2320 sus-

851 2353 1100 2417 cipiamus
1124 2376 1183 2395 =

808 2468 965 2531 Non
1014 2468 1153 2532 vult
1212 2474 1432 2531 tamen
1502 2488 1708 2531 omnes
1763 2468 2084 2531 Articulos
2141 2468 2333 2550 Reyis
2390 2490 2575 2533 novos
2642 2477 2933 2533 excutere

724 2572 1099 2636 Cardinalis.
1194 2573 1327 2638 Qui
1370 2579 1584 2655 potest
1628 2593 1832 2634 omnes
1851 2575 1884 2634 ‚9
1922 2593 2070 2635 cum
2114 2592 2235 2635 nec
2273 2594 2442 2636 unus
2485 2573 2574 2636 ibi
2604 2593 2794 2636 novus
2821 2572 2929 2637 sit.

726 2676 875 2741 Qua
918 2676 1144 2759 figura,
1178 2675 1363 2739 facile
1407 2695 1714 2758 agnoscas
1735 2675 2008 2738 Tortum
2043 2674 2257 2739 fuisse.
2348 2675 2708 2759 Antiquum
2752 2676 2929 2739 enim

723 2780 991 2859 obtinet,
1025 2787 1099 2843 ut
1130 2781 1290 2842 nolle
1319 2800 1386 2842 se
1416 2779 1610 2855 dicat,
1644 2779 1844 2861 quasi,
1878 2778 1934 2840 si
1961 2778 2135 2855 velit,
2166 2779 2369 2860 possit
2391 2804 2409 2854 3
2458 2800 2607 2842 cum
2635 2781 2828 2862 plane
2858 2781 2929 2844 id

722 2904 855 2946 non
891 2884 1117 2966 possit,
1147 2904 1232 2946 ne
1272 2883 1327 2945 si
1354 2883 1509 2947 velit
1540 2881 1800 2965 quidem
1829 2880 2126 2944 maxime.
2188 2882 2334 2945 Nec
2365 2904 2531 2945 unus
2568 2884 2858 2967 (inquam
2876 2887 2920 2968 ς)

721 3006 842 3047 nec
900 2984 1009 3048 ille
1070 2986 1415 3062 aculeatus,
1470 2984 1550 3047 de
1612 3005 1866 3047 summa
1916 2984 2115 3065 Regis
2165 2984 2248 3046 ad
2293 2985 2769 3049 Ecclesiasticas
2826 3009 2932 3052 res

720 3092 1059 3169 potestate,
1084 3106 1273 3148 novus
1302 3092 1435 3147 est:
1484 3106 1677 3168 quem
1705 3085 1899 3148 toties
1927 3085 2201 3164 vellicat,
2234 3087 2346 3150 sed
2377 3088 2625 3170 quoties
2654 3089 2722 3152 id
2751 3089 2929 3168 facit,

723 3196 1020 3254 cruentat
1050 3188 1171 3251 sibi
1202 3187 1434 3270 digitos
1466 3208 1738 3269 semper,
1770 3195 1844 3251 ut
1873 3194 2136 3270 praestet
2164 3211 2299 3253 non
2329 3190 2637 3273 attigisse.

789 3349 848 3371 =
872 3325 961 3374 ille
983 3328 1119 3375 certe
1139 3324 1412 3387 primarius
1435 3345 1493 3367 =

811 3442 1041 3524 Neque
1088 3448 1307 3504 tamen
1360 3443 1662 3505 articulus
1710 3441 1820 3504 ille
1866 3442 2215 3532 primarius
2273 3439 2442 3523 apud
2492 3461 2630 3520 nos,
2680 3441 2793 3504 sed
2844 3462 2931 3504 ne

726 3545 1026 3608 articulus
1070 3544 1363 3627 quidem:
1410 3545 1581 3609 inter
1622 3542 1816 3630 ὀρθὰς
1850 3542 2043 3624 δόξας
2081 3545 2316 3628 potius,
2349 3566 2538 3627 quam
2577 3545 2729 3608 fidei
2773 3547 2930 3609 arti-

724 3648 939 3712 culos:
1000 3653 1226 3731 utpote
1274 3646 1354 3710 de
1405 3648 1702 3712 exteriori
1751 3647 1945 3712 modo
2003 3648 2336 3731 regimine,
2393 3670 2518 3731 qua
2573 3649 2930 3713 humanam

721 3771 906 3836 opem
980 3760 1047 3814 et
1120 3751 1569 3814 auctoritatem
1642 3751 1926 3833 exposcit
1997 3758 2189 3833 atque
2264 3750 2549 3815 admittit
2620 3752 2930 3817 Ecclesia.

721 3854 930 3917 Nobis
958 3853 1132 3917 enim
1161 3875 1296 3917 non
1325 3862 1463 3916 tam
1487 3855 1826 3916 articulosa
1856 3852 2034 3932 fides,
2061 3875 2254 3937 quam
2284 3854 2512 3918 vestris
2540 3854 2932 3934 hominibuS‚

723 3956 834 4039 qui
879 3956 959 4017 ad
997 3957 1235 4020 Theses
1283 3957 1568 4040 singulas
1610 3964 1896 4040 crepant,
1928 3957 2050 4020 Est
2091 3957 2167 4020 de
2194 3957 2350 4039 fide.
2441 3958 2665 4037 Vobis,
2700 3959 2936 4042 quibus

724 4059 947 4122 datum
977 4067 1079 4122 est
1109 4066 1318 4123 vestra
1347 4060 1566 4123 omnia
1594 4061 1661 4122 in
1691 4061 1899 4123 eodem
1930 4063 2153 4124 lumine
2182 4061 2418 4140 videre,
2458 4062 2689 4144 quibus
2717 4070 2934 4126 vestra

721 4162 959 4243 omnia,
992 4163 1070 4225 ab
1100 4164 1308 4225 eodem
1341 4170 1725 4244 proponente
1763 4162 2088 4244 infallibili
2116 4164 2373 4244 habere,
2410 4165 2738 4229 abundare
2775 4166 2931 4230 h'cet

721 4268 1006 4328 articulis
1037 4265 1115 4328 ad
1157 4268 1475 4329 arthritim
1504 4288 1743 4349 usque:
1790 4267 1977 4331 nobis
2016 4290 2149 4331 non
2177 4269 2330 4332 licet
2361 4290 2497 4332 esse
2526 4275 2662 4332 tam
2693 4271 2929 4332 articu-

782 4453 801 4474 ¹
837 4443 1013 4509 [Cone.
1038 4445 1293 4511 Trident]
1333 4448 1460 4498 Sess.
1484 4450 1609 4497 xxii.
1651 4448 1774 4512 [Dc-
1863 4447 2043 4497 celebr.
2081 4448 2490 4499 Missaea-Oonc.
2531 4450 2656 4498 tom.
2689 4448 2796 4496 xiv.
2835 4448 2931 4498 col.

717 4514 837 4557 cret.
892 4507 957 4557 de
1003 4509 1308 4562 Observand.
1353 4518 1407 4562 et
1449 4514 1673 4563 evitand.
1717 4514 1774 4562 in
1864 4514 1975 4563 856.
2002 4511 2088 4574 0.]
