3165 4959
891 313 1256 364 stomoma
1301 314 1666 364 nrsronsm.
2252 304 2377 366 461

173 490 326 533 cum
387 470 647 533 Petram
705 470 915 534 dixit:
993 472 1048 534 si
1108 472 1518 535 Successores
1577 471 1904 550 voluisset,
1963 492 2151 554 saper
2222 475 2384 536 hanc

107 640 116 649 ,
170 593 451 651 arenam,
483 573 828 638 dicendum
857 574 951 637 illi
977 573 1227 639 fuisset.
1318 575 1461 637 Nec
1491 582 1590 638 est
1628 574 1804 637 enim
1846 595 2041 637 arena
2088 575 2223 638 ulla
2248 583 2385 639 tam

172 676 369 754 fluxa,
400 698 594 759 quam
625 676 1001 757 Pontificum
1032 676 1220 757 fides,
1250 676 1410 740 fides
1450 676 1638 760 (dico)
1673 677 1773 740 vel
1803 699 1930 760 qua
1959 677 2041 740 ad
2070 678 2385 756 homines,

174 801 374 862 quam
432 780 527 842 ita
583 787 882 862 expertus
940 780 1010 844 in
1072 779 1406 844 Clemente
1476 781 1616 843 Rex
1632 790 1677 858 V,
1724 788 1802 843 ut
1856 779 2050 843 fidem
2105 783 2257 863 (qua
2307 780 2387 843 ad

177 882 419 965 Deum)
457 882 549 947 ibi
576 904 883 966 reponere
911 882 1086 961 velit,
1118 882 1230 946 ubi
1261 882 1528 946 alteram
1563 904 1699 946 non
1727 883 1985 965 reperit,
2018 903 2186 965 aegre
2225 884 2384 967 jam,

174 992 253 1049 ut
282 986 486 1065 vide0,
534 985 766 1049 adduci
810 986 1068 1070 poterit.
1158 987 1377 1068 Atque
1420 986 1545 1049 hoc
1588 985 1752 1049 illud
1798 993 1917 1064 est,
1966 986 2138 1068 quod
2185 987 2388 1049 suasit

179 1089 343 1167 Rex,
392 1088 583 1172 quod,
632 1110 765 1152 non
810 1096 947 1151 tam
990 1088 1177 1151 inniti
1223 1089 1495 1151 scieutioe
1543 1109 1675 1151 suae
1722 1095 1838 1166 est,
1893 1109 2108 1170 quam,
2155 1090 2389 1151 conniti

174 1192 445 1255 scientia
476 1206 609 1270 sua,
640 1213 768 1275 quo
797 1192 960 1254 certi
990 1191 1070 1255 de
1100 1190 1227 1254 fide
1257 1190 1428 1268 sint;
1475 1211 1597 1254 nec
1632 1211 1748 1273 pro
1788 1189 1914 1253 fide
1945 1189 2095 1253 fidei
2123 1190 2386 1268 larvam,

175 1302 246 1358 et
286 1294 659 1372 ludibrium,
698 1295 893 1378 (quod
938 1293 1161 1357 multis
1208 1293 1278 1356 in
1325 1294 1574 1376 Papatu
1619 1292 1962 1375 contingit)
1999 1293 2388 1375 amplectan-

175 1404 331 1461 tur:
378 1419 500 1461 nec
540 1398 758 1461 sinant
802 1397 1032 1461 adduci
1077 1418 1163 1476 se,
1196 1403 1272 1459 ut
1315 1396 1536 1459 statim
1575 1396 1655 1458 de
1686 1394 1824 1476 fide
1851 1416 1987 1458 rem
2017 1396 2300 1474 credant,
2333 1395 2387 1458 si

180 1500 531 1581 Sacrifica-9
588 1500 753 1584 quia,
807 1509 921 1564 aut
966 1507 1140 1564 certe
1186 1500 1560 1576 Monachus,
1609 1499 1711 1562 vel
1758 1497 1895 1562 sine
1941 1498 2138 1562 dubio
2189 1500 2391 1562 Pater

180 1606 523 1668 Societatis
551 1624 691 1667 eam
723 1603 1106 1671 credendam
1136 1602 1389 1667 dixerit.

250 1757 358 1808 Cur
387 1771 493 1807 non
518 1794 530 1806 .
553 1793 566 1806 .
590 1793 605 1808 .
640 1758 817 1808 licebit.
851 1762 932 1807 tot
962 1757 1165 1820 magnis
1203 1755 1426 1819 Regibus
1460 1754 1675 1817 aliisque
1711 1753 2040 1817 Principibus
2075 1752 2389 1804 orthodoxis

317 1842 509 1901 optare,
542 1843 603 1887 ut
639 1838 749 1888 Rex
780 1838 999 1889 Jacobus
1034 1839 1141 1899 fiat,
1176 1837 1350 1900 quales
1382 1836 1481 1900 ipsi
1519 1840 1656 1895 sunt,
1686 1838 1742 1884 et
1773 1836 1945 1897 quales
1979 1835 2183 1885 suerunt
2214 1848 2389 1884 omnes

314 1919 530 1982 majores
550 1918 673 1983 ejus,
696 1919 813 1980 Avi,
837 1920 1131 1983 Proavique,
1157 1918 1341 1969 Scotino
1363 1916 1525 1980 Reges
1544 1932 1576 1966 a
1597 1916 1832 1966 Donaldo
1864 1916 2033 1980 primo
2067 1953 2081 1966 .
2120 1952 2136 1966 .
2181 1952 2197 1965 .
2231 1931 2389 1980 usque

317 2000 382 2051 ad
404 2000 620 2050 Mariam
645 2005 905 2064 parentem
927 1999 1266 2066 ejus—[Bell.
1293 1999 1440 2064 Apol.
1463 2013 1556 2064 pro
1577 1996 1748 2063 Resp]
1770 2012 1820 2062 p.
1842 2000 1952 2049 189.
1989 1998 2125 2064 [Op.,
2156 2002 2281 2048 tom.
2297 1999 2387 2048 vii.

318 2082 413 2131 σοι.
437 2084 548 2131 810.
573 2081 733 2146 0.1).]

286 2198 443 2262 Voto
492 2188 697 2280 Regio
745 2198 884 2280 jam
934 2196 1292 2261 cardinalis
1338 2201 1545 2260 votum
1593 2216 1772 2258 suum
1817 2194 2105 2279 opponit.
2199 2197 2392 2258 Suum
2421 2205 2550 2270 [Rex
2573 2204 2656 2254 Ja-

184 2300 343 2365 dixi.
433 2301 629 2379 Nam,
662 2300 782 2365 etsi
812 2300 1185 2384 Principum
1227 2298 1620 2382 reliquorum
1664 2299 1946 2377 nomine,
1992 2319 2125 2361 non
2171 2305 2391 2363 tamen
2418 2270 2656 2397 3ξὲὲά

184 2425 228 2467 a
271 2403 682 2487 Principibus
729 2402 1110 2466 auctoritate
1153 2400 1322 2465 ulla:
1375 2421 1514 2478 nec,
1562 2420 1642 2462 ex
1686 2399 1947 2462 illorum
1996 2400 2232 2478 anim0,
2279 2400 2393 2463 sed
2419 2399 2571 2448 fldem
2596 2414 2670 2447 re-

183 2530 325 2572 suo.
418 2508 827 2590 Superfluum
858 2514 1095 2570 autem.
1192 2506 1366 2569 Nam
1398 2504 1452 2566 si
1494 2504 1638 2566 Voti
1669 2504 1808 2567 Rex
1853 2502 1954 2566 sui
1998 2522 2257 2585 compos
2287 2504 2392 2583 sit,
2420 2462 2630 2527 ven-suad

184 2617 381 2674 erunt
419 2609 516 2673 illi
556 2610 775 2693 quales
809 2589 979 2693 Ipse,
1010 2629 1315 2690 versaque
1358 2606 1514 2684 vice,
1546 2606 1672 2669 erit
1704 2604 1874 2689 Ipse,
1909 2605 2128 2688 quales
2159 2605 2288 2684 Illi,
2321 2613 2397 2668 ut

184 2713 550 2778 cardinalis
606 2719 747 2776 voto
799 2714 938 2797 jam
985 2713 1202 2775 nullus
1251 2711 1508 2774 futurus
1555 2709 1641 2772 sit
1690 2709 1886 2772 locus.
1978 2708 2175 2788 Nam,
2224 2707 2397 2792 quod

183 2817 475 2899 Majores
522 2817 662 2900 ejus
710 2815 963 2892 attinet,
1015 2820 1373 2898 opportune
1421 2811 1772 2875 admodum
1824 2810 2105 2875 Donaldi
2158 2831 2397 2874 nomen

183 2918 563 2984 nominavit.
655 2916 956 2983 Donaldo
999 2917 1192 2994 enim,
1239 2915 1450 2999 prisca
1494 2915 1623 2978 fide
1668 2914 2021 2993 Catholico,
2053 2914 2220 2976 nihil
2266 2913 2395 2977 dis-

185 3022 462 3086 similius
512 3020 739 3086 vestris
782 3020 905 3098 his,
950 3019 1141 3083 hodie
1169 3019 1657 3081 Neocatholicis.
1748 3018 1892 3081 Nec
1939 3017 2114 3081 enim
2143 3017 2397 3081 Victori

175 3127 293 3210 jus
341 3125 598 3208 aliquod
651 3143 1022 3206 supremum
1071 3120 1269 3185 fuisse
1328 3121 1400 3183 in
1450 3119 1827 3203 temporalia
1873 3120 2208 3184 Donaldus
2260 3141 2395 3184 cre-

185 3227 395 3292 didit:
443 3226 554 3310 qui
584 3226 804 3291 audire
832 3224 1063 3308 potuit,
1097 3223 1176 3286 ab
1209 3224 1460 3287 Irenaeo
1488 3244 1622 3286 non
1652 3222 1844 3306 longe
1886 3222 2041 3287 hinc
2082 3222 2153 3286 in
2186 3224 2399 3288 Gallia

185 3338 555 3413 correptum
584 3329 937 3405 Victorem,
983 3325 1155 3410 quod
1198 3325 1269 3388 in
1313 3325 1758 3408 spiritualibus
1801 3325 1955 3408 ipsis
1999 3326 2161 3409 plus,
2202 3348 2398 3410 quam

184 3456 446 3517 aequum
504 3438 662 3511 erat,
723 3431 846 3496 sibi
905 3435 1280 3514 arrogasset,
1341 3428 1475 3491 lata
1529 3428 1602 3490 in
1661 3427 2024 3492 Orientales
2082 3430 2397 3512 praecipiti

183 3537 385 3602 nimis
432 3535 753 3600 sententia
767 3544 816 3598 ¹.
907 3533 1142 3598 Ausim
1200 3552 1350 3595 vero
1409 3530 1640 3609 dicere,
1693 3530 2041 3608 Donaldus,
2095 3533 2399 3613 imayines

171 3643 410 3725 pictas,
429 3639 642 3722 fictas,
669 3640 924 3720 liqueas,
959 3636 1313 3718 lapideasve
1341 3653 1654 3715 nunquam
1683 3632 1993 3695 adoravit.
2082 3632 2231 3695 Non
2259 3635 2396 3696 Deo

171 3764 399 3826 preces
425 3762 573 3805 suas
607 3739 902 3822 profudit
936 3760 1058 3802 non
1086 3738 1454 3801 intellectas,
1547 3735 1736 3797 Sacri
1772 3734 2003 3796 Calicis
2031 3755 2246 3798 exsors
2274 3757 2398 3799 non

167 3847 330 3929 ficit.
424 3843 1193 3920 Tranmbstantiationem,
1233 3839 1810 3915 Concomitantiam,
1842 3838 2106 3899 Modum
2150 3841 2398 3920 quanti-

185 3952 471 4026 tativum,
501 3943 953 4028 Indulgentiae,
988 3942 1599 4026 Sapereroyationoe,
1632 3938 1814 4022 quasi
1844 3947 2094 4022 spectra
2120 3941 2394 4005 totidem

182 4048 633 4116 exhorruisset.
715 4048 892 4130 Iynis
910 4046 1275 4128 puryatmn'i
1303 4044 1669 4106 mentionem
1698 4043 1905 4105 nullus
1934 4042 2195 4105 audivit.
2265 4045 2395 4107 Ac-

182 4153 529 4220 ementibus
585 4152 863 4214 nutritus
919 4169 1042 4212 non
1095 4154 1207 4211 est.
1304 4147 1864 4227 Circumyestatam
1923 4147 2395 4209 Sacramentum

182 4281 308 4324 non
350 4258 510 4321 vidit
548 4276 840 4338 unquam.
931 4255 1166 4316 Vestra
1192 4252 1337 4328 ista,
1371 4271 1513 4333 quae
1549 4249 1938 4311 Catholicum
1972 4250 2105 4332 jam
2146 4249 2395 4313 faciunt

180 4527 217 4576 p
264 4452 328 4561 {3
346 4441 517 4571 ][Vide
575 4441 780 4491 Action.
838 4439 895 4489 in
964 4436 1241 4490 Gametum
1332 4515 1367 4565 p
1395 4435 1666 4563 ¹24[5Efoeb⁰
1692 4434 1830 4486 Hist.
1853 4435 1990 4489 Eccl.
2014 4434 2103 4485 lib.
2117 4451 2163 4486 v.
2188 4440 2390 4501 cap.24.
