3165 4959
883 1082 990 1144 An
1035 1082 1256 1146 CAPUT
1299 1084 1780 1148 Dnonncmnm.

110 1315 115 1320 ·
224 1301 304 1352 De
327 1305 545 1366 quatuor
564 1300 845 1351 visionibus
865 1302 916 1352 S.
932 1302 967 1352 J
969 1304 1147 1353 oannis
1167 1304 1224 1352 in
1246 1304 1571 1369 Apocalypsi,
1593 1306 1651 1355 in
1682 1306 1867 1369 quibus
1890 1305 2238 1357 Antichristus
2268 1307 2436 1372 desig·

526 1382 908 1448 natur—[Bell.
933 1384 1082 1449 Apol.
1107 1399 1197 1448 pro
1221 1384 1368 1449 Resp.
1395 1384 1506 1449 Op„
1531 1389 1655 1435 tom.
1677 1386 1767 1435 vii.
1791 1385 1884 1435 col.
1912 1386 2023 1438 789.
2047 1385 2142 1449 D.]

325 1541 425 1603 De
454 1546 722 1622 quatuor
746 1541 1085 1604 visionibus
1112 1542 1179 1606 S.
1211 1542 1478 1606 Joanm‘s
1504 1542 1574 1604 in
1600 1542 2006 1625 Apocalypsi,
2038 1544 2106 1606 in
2136 1544 2354 1626 quibus

912 1646 1347 1711 Antichristus
1377 1645 1763 1727 desiynatur.

288 2026 424 2077 Cum
448 2027 749 2091 interpretes
768 2026 920 2091 hujus
941 2027 1041 2078 loci
1062 2028 1320 2079 consulere
1341 2028 1695 2091 instituissem,
1716 2028 1891 2079 inveni
1913 2032 1993 2079 tot
2013 2029 2292 2081 sententias
2314 2033 2440 2094 quot

356 2109 459 2157 fere
479 2144 491 2157 .
508 2144 520 2157 .
541 2144 554 2158 .
570 2108 1056 2172 Auctores-[Bell.
1073 2110 1222 2174 Apol.
1235 2125 1327 2174 pro
1341 2108 1511 2175 Besp.]
1528 2126 1578 2175 p.
1596 2112 1705 2162 152.
1722 2109 1865 2175 [Op.,
1877 2115 2003 2161 tom.
2019 2111 2107 2161 vii.
2126 2111 2218 2161 col.
2236 2110 2437 2176 790.A.]

220 2248 653 2312 ExcUssURUs
725 2248 849 2311 hoc
923 2247 1149 2332 Capite
1221 2249 1504 2313 Visiones
1585 2256 1852 2332 quatuor
1925 2250 2307 2331 cardinalis,
2369 2257 2434 2317 et
2462 2267 2560 2344 [pe
2582 2267 2728 2318 visio-

218 2351 436 2434 primo
459 2351 814 2433 Equorum,
833 2352 1110 2415 institnit
1140 2354 1455 2416 consulere
1478 2354 1599 2415 loci
1628 2353 1761 2435 ejus
1787 2355 2178 2435 interpretes,
2201 2357 2436 2419 invenit
2459 2333 2612 2446 ἲῑζξξε
2633 2348 2749 2446 Ἓξ]

220 2460 433 2518 autem
491 2460 638 2536 quot
682 2450 829 2535 sere
884 2454 1213 2534 Auctores,
1267 2460 1360 2519 tot
1410 2457 1770 2520 sententias.
1857 2456 1947 2520 Et
1998 2477 2113 2520 cur
2157 2478 2310 2541 ergo
2360 2458 2432 2522 in
2457 2476 2575 2574 Eum
2595 2412 2658 2511 ffl

223 2558 477 2640 Regem
506 2557 790 2640 iniquior
831 2557 936 2635 sit,
966 2564 1114 2641 post
1143 2557 1301 2621 alios
1330 2557 1421 2622 sic
1454 2557 1629 2622 inter
1672 2579 1740 2621 se
1785 2557 2242 2641 discrepantes,
2287 2581 2435 2624 sen·
2506 2525 2636 2590 Μ]

218 2659 501 2724 tentiam
546 2680 800 2742 quoque
834 2681 1018 2723 suam
1059 2667 1529 2743 proponentem
1550 2663 1580 2723 Ρ
1675 2661 1852 2724 Nam
1879 2662 1984 2725 vel
2013 2683 2053 2725 a
2098 2665 2248 2726 coelo
2279 2670 2433 2728 sunt

216 2762 353 2825 illae
382 2761 641 2825 illorum
669 2761 1026 2840 sententiae,
1049 2762 1151 2824 vel
1181 2761 1260 2824 ab
1290 2761 1641 2825 hominibus
1657 2772 1682 2800 ⁸
1701 2789 1721 2824 .·
1755 2769 1823 2826 et
1846 2760 1900 2827 si
1930 2784 1971 2826 a
2001 2766 2150 2827 coelo
2170 2764 2432 2848 quidem

218 2866 461 2941 forent,
510 2870 577 2927 et
620 2884 660 2926 a
705 2862 953 2946 Spiritu
995 2865 1234 2927 Sancto
1282 2863 1559 2939 dictatae,
1605 2864 1778 2927 idem
1819 2885 2044 2929 omnes
2093 2866 2432 2949 spirarent,

217 2988 347 3031 nec
404 2973 543 3029 tam
591 2965 764 3029 inter
814 2986 881 3028 se
927 2965 1118 3028 variae
1163 2966 1396 3043 forent,
1450 2965 1737 3050 adeoque
1782 2968 2161 3034 contrariae:
2207 2968 2312 3033 sin
2355 2970 2434 3033 ab

218 3069 594 3147 hominibus,
624 3075 692 3132 et
720 3088 758 3131 e
787 3088 906 3132 suo
936 3069 1248 3152 cujusque
1278 3089 1472 3134 sensu
1516 3071 1658 3154 conj
1667 3079 1890 3136 ectura
1933 3094 2067 3151 sua,
2101 3074 2275 3157 quod
2300 3075 2432 3139 illis

218 3175 372 3252 fuit,
430 3172 594 3236 illud
637 3171 813 3235 idem
859 3192 977 3236 cur
1023 3172 1208 3255 Regi,
1257 3192 1373 3236 cur
1419 3173 1720 3257 cuiquam
1765 3175 2044 3240 liberum
2090 3199 2226 3242 non
2287 3178 2429 3258 siet,

218 3273 512 3358 ponendi
541 3274 784 3338 seilicet
829 3280 1023 3356 atque
1067 3275 1428 3359 exponendi
1457 3277 1844 3342 sententiam
1891 3301 2094 3358 suam,
2130 3302 2248 3344 sua
2289 3289 2433 3345 tum

219 3376 555 3454 methodo,
584 3384 728 3440 tum
758 3377 1233 3456 consecutione,
1263 3400 1473 3461 neque
1502 3379 1815 3445 fluentem
1843 3383 2060 3446 minus
2087 3383 2189 3448 vel
2219 3385 2428 3448 eohae-

220 3488 485 3546 rentem
500 3481 534 3542 ¹?

290 3622 551 3673 Pallidum
573 3637 758 3688 equum
789 3623 1168 3675 Antichristum
1198 3639 1304 3675 esse
1337 3624 1446 3676 Rex
1480 3626 1641 3689 docet,
1668 3604 1768 3691 quo
1790 3628 2011 3679 Auctore
2031 3643 2136 3680 non
2157 3629 2434 3682 iudicat.—

365 3704 522 3767 [Bell.
546 3704 695 3767 Apol.
719 3718 810 3768 pro
832 3704 1009 3769 Resp.]
1036 3720 1083 3769 p.
1103 3706 1214 3756 152.
1243 3705 1382 3769 [Op.,
1403 3710 1526 3755 tom.
1548 3707 1637 3756 vii.
1661 3708 1755 3757 col.
1779 3710 1891 3760 790.
1914 3708 2006 3772 A.]

314 3811 610 3895 Injurius
662 3832 817 3895 ergo
866 3811 938 3875 in
987 3813 1256 3895 Regem,
1319 3811 1476 3874 dum
1527 3811 1595 3874 id
1650 3812 1899 3896 quaerit,
1947 3835 2065 3896 quo
2100 3817 2379 3884 Auctore
2401 3823 2436 3886 ἒ
2460 3837 2629 3950 ffiuid
2652 3839 2716 3889 de

226 3915 408 3977 Dum
436 3913 509 3976 id
539 3915 846 3997 queritur,
879 3936 997 3997 quo
1020 3916 1298 3979 Auctore
1318 3936 1441 3978 non
1462 3916 1722 3979 indicat.
1815 3918 1991 3981 Nam
2022 3940 2140 4001 quo
2158 3921 2437 3987 Auctore
2460 3917 2737 4017 rintsf‘ffi-

227 4016 492 4094 Ribera,
525 4023 592 4079 et
620 4016 883 4099 Viegas,
932 4017 1067 4100 (qui
1114 4018 1195 4081 de
1229 4017 1460 4081 vestris
1502 4019 1838 4083 novissimi
1874 4020 2289 4106 scripserunt)
2324 4025 2435 4090 ille
2460 4029 2663 4107 ‹lo-Aug
2681 4063 2697 4090 2

224 4120 581 4202 'flajanum
599 4118 627 4158 ¹³
657 4119 946 4204 ejusdem
993 4121 1164 4202 Equi
1197 4121 1438 4201 pallidi
1480 4141 1780 4186 sessorem
1826 4124 2001 4203 facit,
2053 4125 2177 4191 iste
2208 4128 2436 4193 Domi·
2460 4093 2678 4219 Χέῗζῗ

224 4221 482 4285 tianum
500 4231 523 4261 0
541 4224 571 4284 Ρ
661 4222 805 4285 Nec
835 4223 1106 4287 istorum
1152 4223 1316 4286 alter
1359 4223 1439 4287 de
1468 4225 1746 4288 Auctore
1797 4248 1935 4306 suo,
1981 4248 2102 4292 nec
2147 4230 2274 4309 alii,
2325 4231 2437 4314 qui
2461 4221 2643 4287 Beda]

298 4396 319 4418 ·
374 4387 523 4437 Matt.
547 4390 654 4437 xxi.
673 4389 779 4453 25.]
1443 4400 1462 4422 ⁶
1497 4392 1651 4457 [Blas.
1689 4392 1752 4443 de
1777 4394 1922 4459 Vieg.
1961 4398 2015 4445 in
2042 4397 2199 4461 Apoe.
2240 4416 2345 4466 esp.
2371 4404 2438 4453 vi.

298 4451 321 4483 ¹²
376 4453 562 4502 Ribera
591 4452 784 4522 Comm.
810 4454 865 4502 in
892 4455 1048 4517 Apoc.
1092 4469 1195 4518 cap.
1222 4456 1288 4504 vi.
1379 4456 1570 4506 Comm.
1598 4458 1661 4507 iv.
1695 4463 1813 4509 sect.
1834 4463 1877 4510 6.
1915 4475 1963 4524 p.
1990 4462 2129 4526 331]

229 4531 374 4565 num.
398 4519 477 4567 26.
499 4531 551 4580 p.
571 4519 679 4566 144.
707 4517 865 4580 Lugd.
892 4518 1058 4582 1592]
