3165 4959
704 329 834 393 274
1333 345 1415 390 AD
1460 345 1843 393 CARDmALIs
1887 345 2284 392 summm

768 497 992 546 Multum
1036 497 1278 547 interesse
1315 498 1451 547 inter
1492 498 1757 549 infamiam
1792 500 2152 558 membrorum,
2185 513 2298 561 quae
2336 497 2431 546 sub
2469 495 2555 547 dio
2586 498 2927 559 exponuntur

829 576 1030 640 injuriis
1064 577 1179 626 eoeli
1218 582 1271 627 et
1295 579 1548 628 morsibus
1584 580 1756 629 avium
1779 615 1793 629 .
1818 615 1830 629 .
1854 615 1869 630 .
1891 597 1902 629 :
1934 584 1989 630 et
2021 580 2264 629 honorem
2284 613 2300 627 .
2328 612 2343 628 .
2369 613 2381 626 .
2405 577 2750 640 reliquiarum,
2797 591 2926 640 qum

830 659 1064 721 pretiosis
1087 658 1262 707 linteis
1283 659 1551 721 obvolutoe,
1574 667 1627 710 et
1648 662 1900 724 argenteis
1919 662 2080 711 thecis
2103 660 2327 718 inolnsoe,
2351 661 2409 708 in
2431 658 2482 708 S.
2499 659 2730 708 Basilieis
2761 672 2929 707 asser·

830 739 1245 804 rantum—[Bell.
1264 740 1416 803 Apol.
1437 757 1528 804 pro
1552 741 1730 806 Resp]
1758 758 1803 806 p.
1827 745 1936 791 112.
1978 742 2116 806 [Op.,
2133 746 2256 790 tom.
2279 741 2365 789 vii.
2386 741 2480 790 col.
2504 741 2614 791 767.
2638 739 2722 802 Q]

376 859 554 922 [Verae
584 859 674 909 Re-
785 844 1109 926 Reliquias
1156 854 1375 909 autem
1425 849 1564 909 Rex
1603 849 1769 930 (quae
1813 856 2035 911 tamen
2069 868 2235 910 verae
2281 847 2431 929 sint)
2482 845 2676 927 insert
2710 848 2924 908 solen-

375 923 549 986 liquiae
574 939 649 973 ve-

373 989 609 1038 nerandae

695 949 861 1009 niter
908 949 1140 1011 tumulo
1199 949 1559 1029 honorifica
1654 950 2014 1015 Cardinalis
2074 951 2336 1013 obvolvit
2389 951 2597 1025 linteo,
2647 949 2928 1010 includit

373 1059 506 1109 sunt,
531 1068 634 1104 non
700 1053 907 1129 thecae,
940 1059 1220 1114 asservat
1264 1054 1331 1114 in
1366 1055 1669 1117 Basilica.
1762 1055 2000 1117 Parum
2029 1054 2154 1117 hoc
2192 1053 2484 1116 interest.
2579 1051 2709 1114 Sed
2750 1053 2924 1114 Car-

371 1116 677 1183 adorandae-J
702 1154 933 1218 dinalis
984 1177 1118 1218 non
1171 1155 1443 1219 dimittit
1483 1157 1594 1233 ibi,
1629 1158 1952 1240 quiescere
1999 1180 2135 1221 non
2181 1156 2336 1220 sinit
2375 1156 2445 1218 in
2492 1157 2689 1232 theca,
2736 1174 2928 1217 Gom·

459 2327 589 2386 200

393 2934 525 2991 Quid
550 2936 618 2985 sit

400 2998 583 3048 dolola-

369 3064 469 3112 tria
487 3062 507 3126 ]

700 1266 914 1322 movet
946 1259 1240 1338 subinde,
1275 1268 1467 1344 atque
1498 1262 1684 1326 effert
1716 1284 1750 1325 e
1782 1266 1961 1326 theca
1993 1285 2126 1341 sua,
2159 1269 2446 1326 ostentat
2487 1260 2605 1324 sub
2638 1261 2763 1337 dic,
2796 1268 2924 1322 aut

701 1363 899 1446 (quod
944 1364 1282 1447 Prophetae
1325 1363 1602 1446 infamiae
1658 1368 1788 1430 loco
1832 1367 2128 1448 habetur)
2187 1367 2487 1447 eoepandit
2532 1365 2622 1427 ad
2664 1365 2855 1426 solem
2869 1374 2923 1442 ⁸,

701 1465 827 1529 huc
878 1466 1031 1529 illuc
1087 1467 1475 1544 circumfert,
1525 1477 1592 1531 et
1636 1468 2140 1531 circumferendo
2172 1467 2442 1544 divexat,
2489 1467 2570 1529 ad
2614 1473 2924 1548 quaestnm

708 1569 1079 1647 Sacrificuli,
1141 1569 1222 1632 ad
1296 1571 1641 1633 illusionem
1687 1570 1906 1652 populi
1963 1570 2131 1633 male
2188 1569 2422 1632 feriati.
2519 1570 2682 1631 C'oelo
2753 1568 2924 1632 inde

702 1673 940 1760 injuria
970 1673 1066 1749 fit,
1099 1693 1243 1754 quae
1264 1672 1390 1734 illis
1419 1674 1494 1735 fit
1521 1699 1534 1737 z
1567 1680 1634 1735 et
1663 1675 1930 1735 mur-ium
1961 1693 2126 1756 saepe
2155 1673 2458 1735 morsibus
2484 1672 2922 1754 impetuntur,

700 1777 824 1840 etsi
872 1799 1007 1840 non
1059 1778 1285 1839 avium.
1373 1777 1614 1860 Ecquis
1659 1777 1782 1841 hoc
1827 1777 2096 1840 Patr-um
2132 1796 2255 1856 per
2305 1796 2499 1839 annos
2547 1778 2927 1857 quingentos

698 1881 1063 1944 factitavit?
1156 1882 1509 1943 Memorias
1552 1888 1695 1942 tum
1743 1881 2000 1964 quidem
2047 1879 2397 1956 habebant,
2443 1878 2587 1963 (ubi
2632 1880 2925 1960 reliqtcioe

699 1988 886 2044 erant
928 1982 1341 2062 Martyrum)
1378 1982 1720 2045 Theatrica
1765 1983 1904 2046 haec
1942 1988 2152 2046 vestra
2193 1981 2587 2045 nesciebant.
2682 1981 2812 2044 Sed
2842 1991 2923 2045 et

702 2085 1139 2166 Sepulcrorum
1198 2083 1567 2147 adoratores
1623 2085 1866 2167 pariter
1922 2084 2269 2163 habebant,
2335 2105 2409 2148 ae
2463 2087 2863 2166 picturarum
2894 2113 2918 2146 .-

698 2195 1005 2271 utrosque
1033 2189 1498 2269 superstitiosos
1517 2198 1562 2250 ⁸.

765 2330 1061 2381 Idololatria
1081 2335 1158 2381 est
1178 2331 1339 2382 colere
1360 2334 1642 2381 creaturam
1671 2346 1763 2395 pro
1786 2330 2033 2390 creatore,
2056 2336 2209 2396 atque
2230 2332 2509 2395 imaginem
2533 2330 2644 2395 [loy.
2667 2331 2920 2395 imagini]

825 2411 939 2461 salsi
962 2448 975 2461 .
1000 2447 1013 2462 .
1036 2448 1049 2460 .
1076 2411 1191 2473 Dei,
1215 2447 1228 2461 .
1253 2449 1266 2463 .
1291 2450 1302 2462 .
1327 2427 1445 2462 eum
1468 2412 1711 2462 honorem
1743 2413 1942 2473 habere,
1967 2414 2054 2475 qui
2077 2413 2172 2462 soli
2196 2412 2408 2463 debetur
2429 2412 2551 2462 Deo.
2577 2447 2588 2460 .
2614 2448 2625 2460 .
2650 2410 2922 2473 Imagines

825 2510 942 2544 vero
960 2494 1259 2545 Sanctorum
1283 2510 1431 2545 nemo
1455 2509 1679 2558 unquam
1696 2531 1707 2543 .
1729 2531 1741 2543 .
1762 2532 1773 2544 .
1792 2495 1929 2544 dixit
1952 2496 2201 2559 imagines
2222 2510 2328 2545 esse
2351 2495 2648 2545 fictitiorum
2668 2493 2920 2556 Deorum,

828 2590 990 2640 neque
1030 2612 1043 2624 .
1080 2611 1093 2625 .
1135 2612 1147 2625 .
1184 2575 1440 2626 habendas
1467 2591 1571 2626 esse
1606 2591 1698 2639 pro
1733 2575 1983 2637 Creatore,
2005 2582 2096 2626 aut
2129 2592 2187 2626 eo
2222 2577 2380 2637 cultu,
2404 2591 2503 2639 quo
2538 2611 2551 2625 .
2586 2612 2599 2624 .
2624 2575 2760 2625 Deus
2792 2575 2919 2624 ado·

825 2657 1021 2706 randas.
1047 2656 1238 2707 Videat
1258 2672 1378 2719 ergo
1397 2657 1521 2716 Rex,
1544 2672 1644 2720 qna
1664 2657 1860 2707 ratione
1882 2657 2066 2707 habeat
2087 2672 2179 2721 pro
2201 2656 2518 2706 intoleranda
2541 2655 2828 2705 idololatria
2849 2692 2864 2704 .
2900 2693 2915 2706 .

829 2737 1118 2801 Imaginnm
1146 2774 1158 2787 .
1184 2774 1196 2787 .
1222 2740 1612 2798 venerationem,
1636 2754 1752 2787 cum
1776 2774 1787 2786 .
1813 2774 1825 2787 .
1852 2774 1865 2787 .
1890 2738 2145 2801 Imagines
2167 2754 2270 2788 non
2300 2743 2420 2787 sunt
2446 2738 2562 2801 [leq.
2586 2737 2719 2800 sint]
2747 2736 2917 2787 Idola.

828 2819 1043 2883 —[Bell.
1060 2820 1211 2884 Apol.
1234 2835 1325 2884 pro
1350 2820 1519 2884 Resp.]
1541 2835 1590 2883 p.
1610 2821 1720 2869 112.
1747 2820 1879 2884 [Op.,
1905 2826 2026 2869 tom.
2041 2821 2127 2869 vii.
2154 2820 2267 2869 coll.
2293 2819 2403 2871 767.
2429 2819 2491 2868 D.
2512 2820 2621 2871 768.
2646 2818 2738 2881 A.]

786 2928 1155 3009 Utrumque
1194 2949 1343 2991 vero
1380 2928 1453 2989 in
1493 2926 1646 2991 vitio
1685 2933 1804 3005 est,
1838 2933 1993 3005 tarn,
2027 2948 2164 2989 cum
2200 2928 2512 3004 Creatore,
2561 2946 2752 3009 quam
2781 2948 2919 3007 pro

704 3029 1016 3107 Creatore,
1051 3036 1406 3092 creaturam
1446 3031 1737 3092 adorare.
1829 3030 1973 3094 Nec
2017 3032 2278 3111 imaqim'
2324 3030 2529 3093 solum
2566 3030 2690 3091 Dei
2720 3027 2917 3109 salsi,

706 3131 1036 3213 (quorsum
1068 3140 1284 3194 autem
1314 3131 1498 3214 falsi,
1531 3153 1682 3195 cum
1723 3152 1844 3194 nec
1873 3133 2007 3195 veri
2046 3133 2259 3216 imago
2289 3134 2423 3196 ulla
2470 3133 2553 3195 sit
2574 3133 2625 3214 ἲ)
2663 3132 2776 3195 sed
2805 3135 2918 3198 vel

695 3253 858 3296 oeneo
893 3235 1183 3314 Smssenti
1219 3234 1311 3315 (in
1343 3256 1470 3317 quo
1510 3242 1576 3297 et
1621 3255 1789 3298 verae
1823 3234 2110 3317 reliquiae
2151 3242 2353 3313 erant,
2386 3246 2453 3298 et
2481 3256 2631 3304 vera
2659 3234 2906 3318 imago)

694 3336 847 3399 thus
891 3337 1167 3400 adolere.
1259 3336 1498 3419 Ecquis
1530 3344 1742 3400 autem
1777 3345 1912 3400 tam
1955 3337 2242 3416 cerrituS,
2276 3345 2349 3401 ut
2381 3338 2682 3420 reliquias
2712 3338 2910 3418 ullaS,

695 3440 1028 3503 Deorum?
1062 3447 1173 3501 aut
1203 3460 1369 3516 vere,
1389 3446 1463 3501 ut
1495 3438 1818 3521 reliquiaS,
1853 3441 2155 3522 imayines
2185 3439 2453 3503 sentiret
2483 3440 2582 3503 vel
2613 3440 2854 3503 diceret
2877 3444 2914 3505 ⁴?

696 3625 803 3674 Dei
846 3625 904 3675 in
942 3626 1282 3685 mendacium,
1326 3631 1373 3676 et
1416 3625 1680 3676 coluerunt
1714 3632 1760 3675 et
1847 3628 1906 3673 ut
1926 3624 1989 3673 ab
2012 3639 2071 3674 eo
2097 3638 2149 3674 se
2171 3623 2402 3674 exaudiri
2432 3628 2594 3687 putet,
2616 3623 2680 3672 ab
2711 3639 2769 3673 eo
2803 3624 2917 3676 sibi

696 3691 979 3740 servierunt
1037 3700 1298 3746 creatur-ce,
1358 3692 1537 3753 potius
1603 3706 1760 3753 quam
1846 3689 2078 3751 praestari
2112 3687 2247 3752 quod
2281 3688 2537 3737 desiderat
2591 3691 2823 3750 spereti.
2847 3726 2866 3738 .
2898 3725 2914 3739 .

701 3755 949 3811 Creatori,
965 3754 1069 3816 Qui
1090 3762 1161 3805 est
1177 3755 1464 3805 benedictus
1480 3755 1538 3803 in
1555 3753 1758 3805 scocula.
1849 3753 2036 3802 Contra
2051 3753 2186 3801 hunc
2206 3752 2459 3810 affectum,
2484 3766 2584 3814 quo
2607 3750 2829 3802 humana
2849 3760 2918 3803 et

698 3818 835 3869 Nam
885 3820 1051 3882 priore
1094 3826 1236 3883 parte
1287 3820 1438 3882 hujus
1490 3819 1760 3868 sententies
1847 3818 2060 3867 carnalis
2091 3817 2364 3865 infirmitas
2392 3817 2538 3865 facile
2570 3831 2627 3866 ca
2666 3817 2682 3864 i
2716 3821 2913 3880 potest,

697 3884 966 3933 simulacra
1010 3884 1304 3943 damnavit,
1353 3883 1624 3945 posteriore
1667 3898 1751 3932 au·
1839 3887 2013 3931 cantat
2045 3881 2306 3942 Scriptura
2333 3880 2428 3930 Dei
2464 3895 2543 3930 res
2562 3895 2595 3928 v
2646 3881 2709 3929 de
2746 3882 2914 3929 notis-

696 3952 802 3996 tem
852 3949 1293 4011 interpretationes
1342 3948 1750 4006 simulacrorum;
1839 3947 2009 4004 simas,
2063 3946 2245 4007 quibus
2289 3949 2649 3994 commemoret
2694 3950 2746 3994 et
2793 3950 2915 3995 tnn-

696 4011 885 4074 effigies
906 4013 1045 4062 enim
1067 4013 1250 4062 afabro
1269 4012 1425 4062 saetas
1444 4010 1751 4074 appellando
1839 4025 1991 4073 quam
2030 4011 2220 4059 excitet
2274 4014 2470 4058 mentes
2524 4010 2792 4058 hominum
2837 4010 2906 4060 in

694 4077 988 4125 nominibus
1009 4091 1180 4126 earum
1204 4090 1372 4125 rerum
1395 4091 1521 4138 quas
1538 4075 1746 4124 fabrica·
1838 4074 2198 4123 consuetudine
2259 4088 2525 4136 corporum
2569 4072 2910 4124 dormientes.

694 4140 773 4189 vit
807 4141 955 4198 Deus,
989 4145 1333 4190 transmutant
1362 4140 1629 4189 veritatem
1655 4138 1749 4188 Dei
1838 4138 2152 4197 simulacra,
2167 4138 2352 4200 inquit,
2375 4137 2615 4186 Gentium
2628 4144 2914 4199 amentum

693 4205 751 4253 in
781 4205 1102 4254 mendacium
1119 4222 1132 4263 ;
1166 4219 1246 4254 res
1284 4208 1454 4254 autem
1485 4204 1620 4266 ipsas
1658 4218 1750 4266 pro
1837 4210 1884 4252 et
1900 4202 2237 4252 aurunt.”-S
2257 4202 2388 4265 Aug.
2405 4201 2578 4251 Enarr.
2600 4203 2655 4250 in
2671 4202 2910 4253 Psexiii.

692 4268 795 4317 diis
832 4268 1063 4318 habendo
1101 4273 1154 4317 et
1186 4267 1486 4326 venerando,
1520 4268 1751 4317 serviunt
1838 4267 1996 4316 Serm.
2019 4269 2074 4315 ii.
2121 4267 2232 4328 Op„
2268 4272 2391 4316 tom.
2413 4268 2483 4316 iv.
2525 4266 2637 4316 coll.
2659 4266 2804 4317 1799.
2832 4267 2907 4318 A.

692 4337 933 4381 ereaturae
979 4334 1147 4395 potius
1182 4347 1334 4395 quam
1373 4331 1614 4393 Creatori,
1651 4332 1750 4389 Qui
1837 4347 1939 4394 seq.
1968 4333 2111 4380 1800.
2132 4331 2197 4380 A.
2219 4346 2271 4380 se
2308 4329 2350 4393 .]

690 4401 767 4444 est
790 4397 1082 4446 benedictus
1105 4397 1159 4445 in
1182 4397 1377 4446 saecula.
1898 4404 1918 4427 ¹
1965 4395 2015 4461 [J
2019 4411 2086 4445 er.
2109 4396 2216 4444 viii.
2241 4398 2284 4443 2.

758 4464 782 4518 5
810 4463 853 4507 5.
889 4460 1014 4517 Quis
1042 4466 1210 4509 autem
1234 4461 1409 4511 adorat
1431 4461 1510 4510 vel
1541 4465 1653 4509 orat
1675 4460 1747 4510 in·
1902 4468 1924 4490 ⁸
1970 4461 2045 4509 De
2085 4460 2213 4509 Mor.
2255 4459 2388 4508 Eecl.
2439 4459 2635 4508 Cathol.
2686 4459 2828 4523 [lib.]
2866 4461 2905 4510 i.

692 4526 839 4569 tuens
853 4523 1291 4585 simulacrum‚qui
1307 4540 1409 4574 non
1423 4526 1495 4573 sic
1512 4524 1743 4583 afficitur,
1835 4524 1985 4589 [cap]
2009 4525 2184 4574 xxxiv.
2211 4523 2290 4588 [ut
2310 4538 2478 4587 snpra,
2500 4538 2550 4586 p.
2568 4524 2679 4573 273.
2703 4528 2810 4573 not.
2829 4525 2905 4588 ¹.]

2965 1007 3020 1060 J
