3165 4959
515 1113 642 1176 277

421 2029 645 2105 [Bonifa-
690 2094 702 2107 ·

416 2109 524 2142 clus
540 2108 594 2143 88
616 2109 725 2144 um·

418 2158 660 2208 vet-salem

415 2222 719 2337 &imum
748 2229 938 2301 certe,
988 2221 1100 2286 sed
1148 2228 1408 2304 royante
1442 2221 1773 2304 Bonifacto'
1776 2271 1794 2299 ,
1840 2223 1931 2286 ait
1966 2223 2294 2286 Diaconus
2317 2232 2382 2283 *ε
2445 2222 2710 2286 obtinuit
2756 2225 2955 2287 Boni-

413 2350 532 2412 vit]

760 312 891 373 384
1374 330 1456 375 An
1500 328 1883 377 cmmNAms
1930 329 2328 378 BELLARMIM

760 484 1000 567 liquido
1051 484 1533 563 demonstravit,
1590 485 1758 568 quod
1810 485 1961 549 feeit
2012 487 2361 566 Lutheru8‚
2416 488 2597 570 justa
2648 510 2726 552 ex
2780 511 2978 554 eausa

759 590 1004 668 fecisse,
1054 597 1246 673 atque
1290 591 1672 653 occasionem
1717 590 1813 653 illi
1865 590 2060 655 fuisse
2105 591 2263 655 satis
2313 591 2652 656 idoneam:
2714 614 2858 676 quae
2906 606 2975 658 et

756 693 1050 758 inimicos
1078 695 1218 777 ejus
1254 695 1438 777 (quos
1481 693 1669 757 initio
1709 714 1843 757 non
1877 695 2110 777 potuit)
2150 696 2416 759 tandem
2461 704 2681 759 tamen
2721 698 2972 760 Suffra-

758 805 1012 880 gatores
1041 797 1288 862 habuit.
1379 798 1529 864 Qua
1555 819 1689 860 una
1716 818 1786 861 re
1830 798 2111 880 primum
2144 797 2385 861 bellum
2418 799 2640 876 movit,
2673 823 2804 883 qua
2838 824 2972 864 una

760 920 827 963 re
869 900 951 963 ad
998 908 1358 964 extremum
1404 901 1610 964 victor
1649 899 1827 964 abiit.
1917 901 2151 983 Neque
2203 921 2354 964 vero
2401 922 2478 965 ea
2522 904 2849 966 occasione
2891 906 2970 968 de

757 1004 907 1065 coelo
937 1003 1182 1081 cecidit,
1204 1024 1427 1068 verum
1460 1004 1557 1086 (ut
1579 1003 1853 1084 videtur)
1886 1002 2049 1067 eoelo
2069 1002 2390 1067 militavit.
2450 1004 2688 1084 Abyssi
2703 1012 2968 1085 puteum

757 1105 1091 1183 conclusit,
1140 1127 1224 1170 ne
1264 1106 1570 1189 pestilens
1613 1105 1723 1169 ille
1767 1105 1983 1169 fumus
2037 1105 2281 1169 diutius
2324 1115 2541 1189 posset
2592 1108 2964 1189 ascendere,

758 1207 991 1290 quibus
1039 1209 1133 1272 sol
1177 1215 1370 1293 atque
1415 1230 1523 1272 aer
1567 1216 1705 1272 tam
1749 1208 1861 1271 diu
1908 1208 2248 1273 obscurati.
2340 1208 2714 1274 Bonifaeius
2743 1219 2963 1276 autem

756 1310 990 1374 tertius
1049 1311 1348 1376 Pontifex
1410 1311 1748 1389 maximus,
1809 1312 2182 1374 universalis
2246 1310 2617 1393 Episcopus,
2697 1314 2964 1377 Stellam

754 1414 961 1497 magis
990 1415 1208 1494 refert,
1239 1415 1449 1479 radios
1478 1415 1694 1498 plures
1734 1412 1951 1491 habet,
1983 1414 2108 1497 maj
2117 1434 2280 1492 ores,
2310 1414 2433 1477 nisi
2464 1414 2646 1478 valde
2677 1416 2962 1498 caligent

753 1518 921 1582 oculi
951 1517 1300 1597 Cardinali,
1332 1517 1550 1582 Stellae
1580 1516 1851 1580 similior
1877 1516 2103 1594 mult0,
2155 1539 2347 1600 quam
2383 1518 2615 1581 Frater
2643 1519 2960 1581 Lutherus

751 1620 1121 1704 Vitebergae
1149 1621 1373 1685 latens.
1466 1619 1644 1684 Cedo
1673 1619 1959 1703 quemvis
1987 1619 2320 1683 arbitrum.

818 1756 891 1805 At
924 1771 1041 1806 eum
1079 1757 1212 1806 bona
1245 1755 1399 1820 Regis
1433 1756 1600 1815 venia,
1625 1755 1914 1806 Bonifaeius
1938 1755 2157 1818 (tertius)
2181 1769 2285 1805 non
2313 1770 2366 1805 se
2395 1756 2731 1805 universalem
2756 1756 2955 1821 Epim

881 1852 1003 1902 pum
1037 1839 1337 1897 nominavit,
1367 1838 1455 1889 sed
1490 1853 1522 1889 a
1544 1838 1713 1888 Phoea
1734 1838 2043 1901 Imperatore
2063 1839 2138 1888 sie
2158 1839 2440 1902 appellatus
2471 1838 2787 1902 est—[Bell.
2805 1841 2954 1905 Apol.

879 1933 971 1981 pro
993 1918 1165 1984 Resp]
1188 1934 1236 1983 p.
1257 1922 1366 1970 153.
1404 1919 1545 1983 [Op.,
1569 1924 1693 1970 tom.
1712 1920 1801 1969 vii.
1827 1919 1921 1969 col.
1940 1919 2051 1971 790.
2071 1918 2157 1983 D.]

839 2016 968 2081 Sed
1014 2016 1380 2100 Bonifacius
1429 2038 1495 2081 se
1538 2020 1950 2081 universalem
1990 2019 2369 2099 Episcopum
2414 2039 2536 2082 non
2586 2021 2954 2098 nominavit,

749 2140 958 2182 verum
1016 2141 1057 2181 a
1102 2121 1317 2183 Phoca
1377 2121 1763 2201 Imperatore
1818 2122 1912 2184 sic
1969 2122 2316 2202 appellatus
2365 2127 2478 2183 est.
2565 2121 2954 2204 Appellatus

731 2324 952 2406 sacius
981 2326 1154 2408 apud
1177 2327 1450 2388 Phocum
1480 2326 1862 2406 Principem,
1895 2324 1986 2387 ait
2009 2324 2634 2388 Bibliothecariusvz
2682 2325 2956 2389 obtinuit

747 2450 975 2513 mayna
1016 2431 1419 2508 contentione,
1451 2428 1544 2493 ait
1573 2428 1833 2493 Platina
1854 2437 1900 2491 ¹.
1990 2428 2149 2510 Eyit
2178 2429 2236 2491 ie
2264 2427 2341 2491 ab
2370 2429 2551 2491 initio
2589 2448 2715 2491 ,ταας
2744 2430 2954 2493 admi-

746 2534 1141 2597 nistrationis
1170 2554 1307 2597 cnm
1326 2534 1581 2616 Phoco.-
1629 2538 1838 2613 estque
1866 2531 1940 2593 id
1962 2552 2141 2613 oeyre,
2173 2551 2284 2594 nec
2311 2532 2445 2594 sine
2473 2533 2667 2594 multa
2698 2540 2953 2596 conten-

743 2638 927 2715 tione,
969 2636 1120 2700 Sedi
1149 2637 1524 2718 Apostolicoe
1560 2636 1795 2711 datum,
1829 2633 1919 2697 ait
1955 2633 2308 2697 Sabellicus
2329 2643 2377 2697 5.
2468 2635 2573 2697 En
2613 2634 2771 2717 quid
2809 2637 2950 2718 jam

744 2740 949 2824 egerit
979 2739 1353 2804 cardinalis
1443 2740 1602 2803 Non
1631 2737 1973 2821 assumpsit
2002 2736 2124 2801 sibi
2154 2758 2413 2815 nomen,
2444 2758 2574 2801 non
2607 2740 2954 2820 appellavit

679 2853 683 2858 ’
741 2844 875 2925 ipse
901 2864 1006 2917 se,·
1051 2842 1219 2907 nihil
1248 2842 1423 2906 enim
1468 2842 1724 2925 egisset,
1768 2840 1822 2903 si
1851 2841 1982 2920 ipse
2008 2860 2095 2918 se,
2127 2839 2266 2903 sine
2295 2840 2531 2904 Phoea.
2632 2841 2760 2922 (En
2792 2842 2950 2925 quid

740 2968 861 3009 nos
914 2946 1145 3024 dicere,
1196 2944 1516 3028 quomodo
1567 2944 1744 3028 loqui
1800 2943 2138 3026 oporteat‚)
2189 2942 2300 3006 sed
2344 2943 2627 3007 Phocum
2673 2947 2946 3025 rogavit,

740 3049 868 3129 eqit
897 3068 1034 3110 cum
1073 3049 1309 3126 Phoco,
1341 3046 1626 3129 rogando
1657 3054 1723 3110 et
1761 3045 2010 3129 agendo
2039 3044 2340 3122 obtinuit,
2371 3047 2568 3108 multa
2598 3067 2948 3129 maynaque

736 3151 1139 3228 contentione,
1171 3170 1334 3231 oeyre
1363 3150 1614 3212 tandem
1643 3150 1926 3228 obtinuit,
1955 3154 2032 3212 ut
2060 3155 2275 3231 posset
2304 3148 2442 3230 ipse
2472 3148 2581 3225 sic,
2614 3170 2700 3212 ne
2729 3160 2945 3233 posset

735 3251 920 3330 alius,
970 3251 1310 3336 appellari:
1375 3272 1524 3315 cum
1600 3253 1819 3317 Phoca
1868 3259 2088 3316 autem
2147 3251 2577 3334 sanguinarim
2637 3260 2715 3316 ut
2764 3261 2946 3318 recte

734 3354 965 3418 titulus
993 3355 1049 3418 is
1079 3355 1255 3438 Ayer
1280 3356 1606 3438 sanquinis
1626 3367 1649 3395 ⁸
1680 3355 1805 3419 dici
1834 3355 2161 3419 meruerit.
2237 3353 2608 3417 Vindicavit
2639 3375 2790 3419 vero
2821 3356 2945 3421 sibi

734 3479 973 3523 nomen
1025 3458 1166 3535 hoe,
1229 3464 1540 3542 tanquam
1600 3458 1928 3542 proprium
1981 3463 2174 3540 atque
2234 3478 2424 3520 suum
2453 3483 2467 3519 ε
2535 3464 2731 3540 atque
2779 3459 2944 3523 adeo

735 3563 1074 3626 nominavit
1113 3564 1246 3643 ipse
1291 3582 1357 3625 se
1400 3582 1495 3640 e0,
1541 3582 1689 3624 cum
1717 3561 1810 3624 ita
1838 3560 2171 3624 ambitiose
2200 3566 2471 3642 royaret,
2513 3567 2745 3642 ayeret,
2796 3583 2940 3626 con-

733 3665 1010 3728 tenderet
1064 3686 1104 3727 a
1153 3665 1388 3744 Phoea,
1441 3671 1517 3728 ut
1567 3670 1878 3747 tanquam
1929 3663 2205 3746 proprio,
2258 3670 2451 3746 atque
2504 3683 2620 3726 suo
2671 3665 2944 3728 nomine

731 3766 923 3830 vellet
943 3765 1204 3850 juberet
1232 3786 1403 3844 eum,
1434 3771 1680 3828 vetaret
1709 3764 1907 3827 alium
1938 3764 2320 3847 quempiam,
2351 3766 2735 3847 nuncupari.

794 3900 1056 3960 Quomodo
1089 3900 1139 3951 S.
1164 3899 1433 3964 Gregorius
1464 3900 1529 3950 ab
1557 3899 1772 3962 Eulogio
1796 3899 1905 3964 [leq.
1931 3898 2242 3964 Patriareha]
2266 3898 2615 3949 Alexandrino
2637 3901 2946 3952 univemlis

858 3983 1135 4047 Episcopus
1169 3982 1337 4032 dietus
1370 3985 1463 4042 est,
1509 3983 1620 4045 ipso
1643 4016 1656 4029 .
1680 4017 1691 4029 .
1717 4017 1730 4029 .
1755 4016 1768 4029 .
1795 3984 1923 4030 teste
1962 3982 2018 4030 in
2055 3979 2284 4044 Epistola
2320 3980 2386 4030 ad
2425 3979 2942 4046 Eulogium-[Bell.

858 4064 1006 4128 Apol.
1033 4078 1124 4128 pro
1143 4063 1312 4128 Resp]
1350 4079 1397 4127 p.
1418 4065 1523 4113 153.
1562 4061 1697 4126 [Op.,
1729 4066 1850 4112 tom.
1875 4063 1961 4112 vii.
1983 4062 2075 4112 eol.
2100 4063 2210 4114 790.
2235 4061 2321 4126 D.]

790 4247 811 4268 ’
870 4237 1200 4288 PauLWarnf.
1228 4237 1369 4287 Diae.
1393 4237 1457 4287 de
1477 4238 1635 4301 gestis
1657 4236 1782 4286 Lan·
1931 4245 1953 4268 ¹
1978 4235 2151 4303 [Plau]
2166 4238 2222 4286 in
2238 4236 2400 4287 Bonis.
2422 4235 2515 4285 111.
2536 4236 2615 4300 [in
2629 4236 2775 4288 Vitis
2792 4237 2943 4288 Pont-

724 4238 866 4367 gob}
900 4303 985 4352 lib.
1006 4303 1201 4381 itueap.
1223 4305 1298 4352 11.
1326 4301 1608 4367 [37.-Bib.
1643 4302 1781 4353 Max.
1868 4317 1918 4367 p.
1942 4303 2079 4416 83⁹3(

729 4367 861 4416 Patr.
885 4371 1005 4416 tom.
1030 4383 1139 4417 xm.
1163 4382 1211 4431 p.
1231 4369 1343 4417 182.
1368 4367 1448 4445 R]
1936 4376 1959 4407 ἵ
1995 4367 2015 4431 [
2081 4382 2177 4418 are.
2219 4368 2341 4417 Ant.
2386 4366 2526 4416 Coeo.
2568 4365 2756 4417 Sabell.
2786 4368 2944 4432 Eum]

792 4440 824 4462 '¹
849 4432 1045 4495 [Anast.
1065 4431 1220 4495 Bibl.]
1237 4433 1293 4481 in
1312 4431 1474 4481 Bonis.
1491 4431 1587 4481 ΙΙΙ.
1613 4431 1782 4497 [Cone.
1874 4431 1982 4482 viii.
2049 4432 2145 4496 ib.]
2171 4435 2215 4481 6.
2243 4432 2392 4495 [tom.
2412 4432 2465 4481 ii.
2490 4446 2537 4494 p.
2554 4431 2689 4494 396]

724 4498 846 4542 tom.
872 4510 915 4542 v.
940 4496 1032 4544 col.
1050 4498 1189 4544 1615.
1216 4495 1299 4558 A.]
1942 4507 1960 4529 ⁸
2035 4501 2144 4547 Act.
2171 4498 2348 4560 Apost.
2374 4499 2406 4545 i.
2430 4496 2534 4558 19.]
