3165 4959
1024 353 1380 402 stomoma
1423 354 1788 403 mzsronsm.
2386 345 2513 405 405

295 528 516 572 rerum
555 515 787 570 natura
825 509 999 590 prius
1030 510 1111 572 sit
1140 499 1523 574 Antichristi
1551 513 1815 595 siynum,
1850 534 2042 595 quam
2072 514 2513 578 Antichristus

295 612 455 695 ipse.
547 613 939 696 Praepostere
989 614 1201 693 nimis,
1256 623 1330 676 ut
1382 615 1635 699 signato
1687 616 1944 699 signum
1997 624 2357 700 praevortat,
2401 627 2512 681 aut

305 716 624 799 (suscepto
683 717 1081 798 charactere)
1134 716 1450 798 professio
1502 720 1562 782 ei
1620 721 1734 783 fiat
1794 720 2169 798 obedientiae,
2224 719 2512 783 nondum

299 825 458 881 nato
497 818 575 881 de
608 818 784 883 tribu
815 820 964 883 Dan
978 831 1020 883 ¹.
1108 820 1323 884 Nimis
1370 821 1564 886 citato
1613 843 1803 886 cursu
1848 823 2143 886 feruntur
2189 823 2511 907 quadrigae

299 921 682 1001 cardinalis,
716 922 945 1005 quibus
974 925 1305 1006 praecurrit
1333 926 1795 988 Antichristum
1831 927 2175 989 character
2203 927 2416 1009 ipsius.

390 1026 577 1103 Tum,
637 1047 757 1089 nec
812 1026 974 1096 illud
1031 1027 1184 1090 satis
1242 1028 1571 1107 concinne,
1633 1036 1708 1092 ut
1776 1031 2178 1093 characteris
2223 1031 2506 1112 privatio

308 1129 654 1191 character
684 1128 785 1191 sit.
849 1130 1150 1212 Namque
1179 1130 1272 1193 ita
1299 1131 1480 1194 valde
1509 1132 1842 1196 turbatum
1864 1132 1985 1195 erit
2014 1133 2083 1195 in
2114 1132 2505 1212 Dialecticis,

297 1230 412 1295 ubi
431 1232 712 1311 privatio
740 1232 1038 1296 transibit
1067 1233 1137 1296 in
1167 1234 1464 1318 habitum,
1489 1242 1554 1298 et
1579 1236 1956 1298 charactere
1986 1256 2219 1314 carere,
2250 1235 2374 1299 hoc
2403 1236 2505 1315 sit,

305 1337 744 1400 characterem
773 1338 1015 1401 habere.
1108 1339 1296 1402 Certe
1327 1339 1584 1422 quidem
1613 1342 1736 1405 hoc
1776 1349 1871 1404 est
1913 1341 2115 1403 delere
2160 1340 2236 1402 de
2266 1339 2505 1421 fronte,
2569 1355 2575 1359 ·

298 1459 436 1502 non
485 1442 794 1522 suscipere
846 1443 912 1504 in
949 1439 1173 1523 fronte
1227 1444 1685 1509 characterem.
1781 1446 2001 1523 Mitto,
2054 1442 2224 1527 quod
2271 1444 2507 1507 dextrae

298 1542 473 1625 apud
500 1564 610 1607 vos
647 1545 840 1607 cruce
885 1546 1130 1627 signari
1174 1567 1306 1609 non
1354 1547 1619 1628 soleant,
1661 1556 1736 1611 ut
1783 1556 2060 1631 nequeat
2106 1548 2183 1611 de
2231 1547 2507 1610 dexteris

300 1646 556 1709 aboleri.
648 1647 892 1711 Verum
953 1649 1107 1731 quid
1164 1650 1303 1713 haec
1362 1651 1444 1713 ad
1500 1653 1669 1714 nos?
1761 1653 1895 1716 Cur
1952 1653 2021 1715 in
2080 1653 2310 1733 Reyem
2367 1651 2504 1715 haec

297 1749 664 1833 scriptitat?
755 1752 886 1814 Gur
919 1753 1147 1835 Reyem
1189 1755 1512 1837 appellat?
1606 1756 1777 1839 Agat
1812 1757 1937 1819 ista
1972 1777 2119 1820 cum
2150 1757 2502 1835 Puritanis,
2617 1753 2745 1816 293

300 1853 413 1936 qui
442 1854 505 1917 ei
533 1855 725 1937 Signo
756 1877 980 1939 parum
1010 1856 1289 1941 propitii.
1359 1860 1499 1922 Nos
1529 1859 1815 1922 favemus
1846 1860 2016 1923 satiS.
2092 1859 2301 1924 Nobis
2331 1859 2505 1923 enim

299 1957 663 2041 nostrisque
710 1959 779 2021 in
826 1959 1156 2042 Baptismo
1201 1958 1458 2049 frontes
1504 1984 1580 2026 eo
1632 1964 1937 2045 siqnatoe;
2000 1970 2076 2025 ut
2126 1983 2353 2045 parum
2400 1963 2506 2025 hic

297 2062 674 2145 tempestive
707 2062 1098 2146 Hippolytus
1125 2063 1196 2126 in
1227 2085 1480 2128 scenam
1509 2065 1913 2130 introductus
1944 2087 1981 2128 a
2012 2065 2367 2129 cardinale.

365 2213 466 2264 Sed
489 2229 688 2274 nomen,
705 2218 938 2276 λατεῖνος,
960 2231 1063 2265 11011
1085 2216 1324 2266 scribitur
1344 2232 1434 2282 per
1457 2221 1514 2279 εἳ,
1537 2221 1590 2267 et
1611 2219 1720 2268 sine
1745 2221 1793 2267 εἳ
1811 2232 1915 2267 11011
1936 2216 2105 2267 reddit
2124 2254 2135 2265 .
2157 2254 2196 2266 ..
2218 2216 2501 2267 DCLXVI.

427 2296 646 2361 —[13e11.
670 2298 819 2361 Apol.
843 2312 935 2361 pro
957 2297 1127 2361 Resp]
1159 2314 1209 2362 p.
1234 2301 1344 2349 162.
1383 2300 1524 2363 [Op.‚
1559 2305 1682 2349 tom.
1706 2300 1794 2349 vii.
1833 2300 1928 2349 eol.
1954 2299 2065 2351 796.
2090 2296 2175 2361 D.]

385 2414 606 2478 Placet
638 2414 975 2500 Hippolyti
1019 2415 1294 2500 signum,
1325 2437 1441 2501 pro
1484 2437 1618 2479 non
1654 2416 1855 2500 signu.
1950 2415 2180 2478 Irenaei
2208 2416 2501 2483 λατεῖνος
2531 2435 2635 2500 [De

295 2538 430 2581 non
458 2519 667 2602 pla-cet
688 2546 707 2598 3
755 2528 819 2583 et
849 2521 1172 2584 Irenaeum
1211 2520 1407 2584 habet
1448 2520 1565 2584 sub
1608 2521 1830 2599 ferula,
1864 2519 2033 2603 quod
2070 2521 2361 2586 λατεῖνος
2388 2540 2501 2602 per
2527 2503 2750 2616 {222¹}

295 2623 356 2684 εἳ
399 2622 737 2705 scripserit.
832 2624 939 2687 Sic
987 2626 1208 2688 Patres
1260 2645 1406 2688 suos
1452 2623 1665 2687 habet.
1760 2621 1914 2700 Ubi,
1965 2620 2246 2684 scholam
2294 2621 2501 2703 primo
2527 2645 2795 2680 numerum

233 2735 238 2739 ’
295 2725 517 2808 aperit,
580 2725 759 2809 quasi
808 2728 1030 2791 Graece
1089 2728 1363 2791 nesciret
1422 2728 1729 2803 Irenaeus,
1786 2725 1897 2809 qui
1947 2726 2170 2789 Graece
2230 2723 2499 2807 scripsit,
2528 2694 2812 2823 ,198ξὲ815,ζῇ

205 2897 216 2902 ,
295 2829 476 2911 quasi
523 2829 799 2893 Arethas
845 2830 978 2913 (qui
1027 2830 1197 2894 idem
1248 2831 1461 2913 ipsum
1507 2850 1746 2893 nomen
1805 2827 2131 2912 reposuit,)
2175 2827 2246 2889 in
2292 2826 2504 2889 media

297 2932 550 2996 Graecia
600 2941 810 3012 natus,
875 2941 940 2997 et
1000 2933 1133 3018 ipse
1194 2954 1396 3016 graece
1452 2932 1776 2997 docendus
1836 2939 2000 2995 esset
2053 2953 2092 2992 a
2142 2929 2499 2994 cardinale.

294 3036 541 3099 Tamen
565 3037 843 3102 Arethas
874 3038 1148 3102 severius
1177 3038 1272 3100 illi
1301 3036 1726 3120 castiganduS,
1752 3036 1861 3120 qui
1891 3055 2101 3122 errore
2129 3033 2342 3117 lapsus
2370 3055 2505 3097 non

293 3146 411 3218 est,
456 3140 566 3223 qui
601 3137 710 3204 διὰ
756 3138 1111 3226 διφθόνγγου
1151 3140 1556 3205 scribendum
1604 3161 1739 3203 esse
1784 3160 2041 3217 nomen,
2080 3144 2145 3200 et
2183 3137 2263 3199 ad
2311 3157 2502 3220 quam

291 3244 587 3324 formam,
620 3255 841 3309 monet
863 3256 906 3309 ⁸.
998 3247 1235 3309 Parum
1283 3266 1432 3309 vero
1484 3252 1841 3329 opportune
1877 3243 2225 3326 yraecissat.
2317 3240 2502 3303 Idem

289 3347 459 3411 forte
487 3348 769 3412 facturus
797 3349 868 3412 in
896 3348 1133 3428 τειτὰν,
1156 3349 1350 3432 siquis
1380 3350 1780 3413 stomachum
1811 3348 1871 3411 ei
1900 3353 2171 3424 moveat,
2197 3345 2307 3408 sed
2333 3344 2500 3407 mul-

290 3459 435 3514 tum
466 3452 855 3536 dedignante
888 3451 1118 3516 Schola
1141 3474 1372 3537 qroeca,
1404 3453 1607 3515 risum
1637 3459 1856 3514 tamen
1885 3450 1990 3512 vix
2021 3450 2411 3512 continente.

357 3605 563 3656 Nomen
585 3607 891 3657 Antichristi
913 3608 1174 3673 proprium
1197 3607 1493 3670 designatur
1527 3643 1539 3655 .
1578 3642 1591 3656 .
1624 3643 1635 3654 .
1660 3643 1675 3666 ‚
1711 3620 1816 3654 non
1848 3617 2035 3653 nomen
2057 3615 2325 3652 commune
2345 3600 2501 3663 pluri-

420 3688 536 3736 mis.
572 3721 586 3735 .
622 3724 634 3736 .
670 3723 682 3735 .
721 3689 931 3752 Proprie
962 3695 1134 3739 autem
1158 3690 1364 3758 nqmine
1391 3687 1563 3738 nullus
1587 3685 1894 3737 Pontificum
1917 3685 2087 3734 dictus
2108 3687 2185 3732 est
2208 3683 2501 3733 Latinus.—

422 3766 574 3831 [Bell.
600 3768 751 3832 Apol.
774 3784 866 3834 pro
888 3769 1061 3834 Resp]
1094 3783 1143 3835 p:
1173 3772 1282 3820 162.
1318 3768 1452 3835 [Op.‚
1495 3773 1619 3818 tom.
1643 3768 1733 3816 vii.
1768 3765 1863 3816 col.
1886 3765 1999 3818 795.
2024 3763 2109 3827 D.]

379 3875 509 3938 Sed
540 3897 851 3942 commune
881 3899 1098 3941 nomen
1128 3878 1418 3943 Latinus.
1502 3876 1842 3958 Proprium
1872 3894 2021 3937 vero
2065 3873 2261 3936 etiam
2301 3871 2497 3933 inter·
2529 3883 2690 3946 [Illud

287 3979 474 4042 dum:
526 3980 775 4060 Quaere,
809 4004 1025 4045 annon
1057 4004 1094 4045 a
1121 3983 1353 4045 Latino
1385 3981 1624 4045 Latini.
1718 3979 1806 4042 Et
1835 3977 2121 4062 pluribus
2151 3995 2494 4039 commune.-
2525 3963 2791 4063 ssgffiffilm

286 4082 444 4165 quid
482 4084 674 4147 tum?
741 4085 1069 4149 commune
1113 4085 1402 4169 pluribus
1453 4092 1550 4148 est
1596 4102 1836 4147 nomen
1884 4080 2222 4157 Robertus‚
2264 4099 2384 4141 nec
2423 4078 2759 4192 ⁸⁰⁰p¹31¹1²tii¹fi¹f⁸

284 4193 509 4249 tamen
567 4187 780 4251 minus
829 4190 1187 4254 cardinalis
1239 4189 1559 4254 Robertus
1621 4194 1737 4251 est.
1827 4187 2075 4250 Verum
2134 4205 2203 4248 eo
2256 4183 2499 4245 nomine
2524 4207 2707 4271 cibus]

353 4359 373 4382 ¹
410 4357 509 4423 [De
532 4363 645 4409 ortu
669 4362 980 4412 Antichristi
1004 4378 1033 4412 e
1060 4363 1195 4413 tribu
1216 4363 1346 4423 Dan,
1434 4390 1501 4399 —
1517 4360 1696 4411 Areth.
1745 4361 2026 4410 comment.
2073 4357 2129 4405 in
2176 4358 2333 4419 Apoc.
2387 4371 2495 4420 cap.

283 4421 403 4472 vide
430 4423 556 4472 Bell.
580 4424 643 4474 de
666 4424 810 4476 Rom.
836 4426 981 4478 Pont.
1016 4428 1106 4504 lib.
1129 4429 1203 4478 iii.
1240 4444 1345 4491 cap.
1435 4427 1650 4476 xxxviii.
1694 4425 1777 4503 (ad
1821 4438 1927 4487 cap.
1963 4422 2097 4550 xiiL}
2134 4420 2269 4484 apud
2301 4419 2495 4470 OEcum.

286 4488 366 4538 12.
408 4488 734 4543 §‘Sccnnda.'
758 4491 1006 4607 Opsstom.
1023 4508 1054 4541 1.
1073 4509 1121 4557 p.
1139 4496 1248 4544 193.
1265 4493 1345 4556 0.]
1436 4493 1546 4557 Op.‚
1571 4497 1695 4541 tom.
1719 4506 1772 4541 11.
1808 4505 1857 4554 p.
1883 4490 1993 4542 765.
2018 4487 2071 4537 G.

351 4560 372 4582 ⁸
420 4550 663 4616 [Δατεΐνος
710 4559 799 4617 ὁμο
935 4559 1008 4608 διὰ
1069 4561 1343 4622 διφθόγγου.
