3165 4959
1033 278 1403 350 nomena
1442 301 1810 351 RESPONsm.
1962 341 1974 352 .
2443 289 2528 353 87

293 456 588 539 Legatos
614 481 627 519 ε
676 457 1049 522 Cornelium
1079 458 1317 522 imitati
1347 465 1521 538 sunt,
1554 459 1749 523 etiam
1781 458 2115 523 vicerunt:
2162 480 2295 522 non
2329 457 2523 523 laudo
2659 465 2746 527 67

293 561 729 624 Sue-cessorem
760 562 961 640 Petri,
1000 561 1109 644 qui
1153 562 1224 624 in
1269 563 1408 646 pari
1452 584 1665 642 causa,
1698 563 1964 627 Petrum
2003 562 2242 626 imitari
2285 563 2516 627 noluit.
2641 619 2650 626 .

291 663 384 725 In
438 663 579 746 pari
626 683 817 727 causa
865 663 1045 726 dixi?
1137 665 1286 729 Imo
1335 666 1531 749 longe
1585 665 1857 749 dispari:
1905 666 2141 749 Dispar
2189 665 2366 729 enim
2412 666 2518 731 hic

290 765 512 850 longe,
542 766 657 830 ubi
701 766 963 845 scilicet,
997 773 1063 831 et
1102 769 1270 832 ratio
1313 768 1527 833 minor
1556 775 1823 851 propter
1852 789 2036 851 quam
2056 796 2075 831 .·
2124 768 2237 832 ubi
2277 775 2343 832 et
2372 790 2515 852 per-

288 892 461 934 sona
488 871 695 955 major
723 892 764 934 a
794 892 938 953 qua,
970 878 1038 935 et
1075 872 1305 951 minor,
1338 874 1439 936 eui
1464 901 1483 936 .·
1530 873 1666 952 ubi,
1698 894 1830 956 quoe
1869 873 2146 936 exhibita
2175 879 2268 937 est
2297 882 2515 938 autem

291 973 508 1036 multo
543 974 750 1058 major
777 972 903 1037 fuit
942 974 1298 1040 submissio.
1391 976 1584 1040 Ratio
1628 977 1881 1040 minor:
1929 976 2154 1041 Romae
2197 977 2371 1040 enim
2410 977 2512 1040 his

292 1097 507 1159 nuper
542 1077 909 1141 Ceremonioe
936 1098 1039 1141 res
1069 1078 1261 1142 modo
1287 1104 1300 1142 ε
1333 1086 1400 1143 at
1431 1080 1723 1144 Caesareoe
1751 1079 1863 1159 ibi,
1901 1080 2259 1143 centurioni
2287 1081 2512 1143 salutis

288 1200 489 1244 causa
517 1180 849 1264 agebatur.
925 1182 1044 1246 Est
1074 1203 1224 1246 vero
1249 1183 1556 1265 Satrapae,
1591 1205 1785 1267 quam
1809 1183 2218 1248 centurionis
2235 1204 2510 1265 persona

288 1284 515 1367 major,
548 1306 588 1347 a
619 1306 761 1366 qua,
792 1306 867 1349 ac
910 1287 1117 1349 multo
1166 1286 1368 1370 magis
1416 1288 1692 1370 Regum,
1740 1307 1899 1370 quos
1945 1288 2232 1371 Satrapae
2273 1287 2507 1352 refere-

290 1386 475 1452 bant.
565 1388 896 1452 Pontificis
926 1394 1163 1468 autem,
1197 1411 1390 1473 quam
1421 1390 1618 1468 Petri,
1639 1409 1912 1472 persona
1941 1391 2161 1468 minor,
2194 1389 2332 1454 cui:
2383 1392 2507 1471 Ibi,
2594 1425 2612 1444 κ

287 1513 430 1555 non
462 1492 801 1556 Cornelius
832 1493 874 1555 J
877 1514 1112 1577 oppam
1151 1493 1233 1557 ad
1280 1494 1568 1572 Petrum,
1603 1493 1835 1556 Petrus
1864 1493 2002 1577 ipse
2034 1494 2393 1558 Caesaream
2425 1495 2506 1558 ad

290 1594 667 1658 Cornelium
696 1596 893 1675 venit,
924 1618 1045 1660 nec
1084 1597 1292 1681 piguit
1321 1597 1605 1661 venisse:
1656 1596 1803 1676 Hic,
1835 1616 1968 1660 non
1997 1597 2178 1660 Petri
2221 1598 2508 1660 Viam-ias

287 1697 377 1760 ad
409 1698 611 1780 Reges
630 1727 650 1761 .·
701 1699 870 1783 Ipsis
902 1699 984 1763 ad
1012 1700 1196 1764 illum
1224 1700 1296 1763 in
1327 1700 1590 1783 Legatis
1620 1700 1750 1763 suis
1784 1701 2059 1764 Romam
2095 1721 2300 1783 usque
2329 1701 2503 1764 veni-

292 1801 540 1864 endum
568 1802 713 1866 fuit.
772 1804 872 1867 Ac
902 1804 1149 1868 calceos
1179 1804 1556 1881 deosculari,
1584 1826 1778 1887 quam
1818 1803 1900 1867 ad
1927 1804 2124 1888 pedes
2153 1803 2501 1887 procidere,

289 1903 571 1988 abjectio
605 1905 798 1989 longe
844 1907 1068 1991 major.
1160 1908 1248 1971 Et
1292 1907 1416 1971 hoc
1458 1914 1699 1986 tamen,
1736 1908 1958 1990 (Roma
1999 1913 2131 1971 tota
2160 1910 2496 1990 spectante)

288 2007 364 2070 in
422 2029 616 2072 causa
670 2015 808 2073 tam
866 2010 1122 2094 dispari,
1182 2018 1249 2075 et
1305 2010 1421 2074 ubi
1477 2018 1741 2075 ventosa
1797 2017 2057 2075 tantum
2124 2012 2500 2090 ceremonia,

290 2132 522 2193 passus
575 2111 696 2178 sibi
754 2112 894 2177 fieri
951 2135 991 2176 a
1052 2114 1339 2197 Satrapis
1390 2113 1601 2177 bonus
1662 2114 1839 2177 Petri
1893 2116 2256 2193 Successor,
2303 2115 2373 2177 in
2425 2134 2502 2178 eo

288 2214 555 2297 quidem
585 2216 761 2281 Petri
791 2237 923 2281 non
952 2217 1164 2282 bonus
1192 2217 1500 2281 imitator.

382 2319 533 2398 Sed,
552 2340 687 2383 non
707 2321 1114 2384 reverentiam
1144 2322 1346 2386 solam
1377 2342 1519 2405 quae
1546 2321 1618 2385 in
1647 2326 1964 2405 potestate
1994 2320 2351 2386 exhibentis
2381 2328 2500 2401 est,

286 2423 487 2488 etiam
503 2426 877 2507 prce-stitisse
906 2425 1062 2490 dicis
1094 2425 1521 2491 obedientiam.
1611 2428 1704 2492 At
1734 2425 1966 2490 alicubi
1995 2425 2262 2490 memini
2290 2425 2505 2508 legere

287 2550 417 2608 me,
445 2530 689 2614 Regem
720 2537 787 2595 et
808 2532 1274 2615 Imperatorem
1303 2532 1604 2615 aliquem,
1633 2533 2040 2595 reverentiam
2066 2530 2260 2595 modo
2284 2532 2505 2594 Ponti-

272 2634 437 2714 fici,·
483 2634 910 2715 obedientiam,
941 2657 1076 2699 non
1104 2635 1231 2699 nisi
1257 2635 1559 2698 Ecclesiae
1587 2641 1895 2718 praestare
1923 2634 2198 2698 voluisse
2213 2631 2252 2695 ¹.
2313 2634 2501 2712 Tum,

291 2736 406 2800 ubi
434 2744 752 2803 certatum
781 2739 1174 2823 aliquandiu,
1204 2760 1339 2804 non
1367 2737 1706 2822 pervicisse
1734 2744 1956 2801 tamen
1973 2737 2359 2816 Pontificem,
2382 2736 2504 2799 nisi

287 2848 568 2921 tantum,
598 2849 675 2905 ut
703 2842 1080 2927 obsequium
1111 2843 1369 2927 quidem
1393 2839 1692 2922 Pontifici
1725 2839 1942 2923 (quod,
1972 2838 2074 2902 uti
2103 2838 2245 2918 scis,
2267 2837 2504 2904 amicos

289 2943 460 3026 parit
471 2955 517 3025 ⁶,
539 2953 605 3010 et
623 2946 796 3011 inter
812 2967 997 3030 pares
1017 2953 1134 3026 est,
1159 2967 1281 3010 nec
1303 2946 1439 3009 ullo
1459 2944 1587 3008 nisi
1605 2943 1989 3008 urbanitatis
2011 2942 2160 3027 jure
2180 2942 2501 3026 debetur),

290 3047 718 3128 obedientiam,
749 3069 831 3114 ne
859 3057 1005 3113 tum
1035 3049 1316 3133 quidem,
1345 3047 1634 3132 polliceri
1661 3047 1876 3126 vellet,
1907 3046 2031 3110 nisi
2059 3047 2381 3111 Ecclesiae.

379 3152 449 3214 Si
477 3159 697 3216 tamen
725 3174 875 3217 vera
903 3174 1146 3232 narras,
1179 3140 1257 3217 et‘
1275 3152 1683 3217 obedientiam
1715 3152 1811 3235 (ut
1842 3150 2022 3233 dicis)
2051 3150 2458 3214 eoelziwmnt
2479 3177 2497 3213 .-
2527 3167 2628 3246 [Eq
2644 3168 2810 3220 obedi-

288 3259 360 3316 at
406 3255 681 3338 qualem,
730 3277 1082 3339 quousque,
1135 3262 1202 3320 et
1257 3255 1327 3318 in
1377 3254 1662 3338 quibus?
1751 3255 1861 3319 An
1908 3254 1988 3317 ad
2037 3253 2500 3338 depositionem
2525 3233 2685 3299 euna]

284 3378 492 3440 usque
543 3358 799 3441 Regum
846 3380 1109 3422 suorum
1155 3358 1236 3423 de
1289 3357 1532 3442 Regnis
1585 3357 1763 3422 suis?
1850 3359 1961 3422 An
2013 3356 2097 3420 ad
2144 3357 2501 3421 obedientiae

282 3459 803 3525 interdictionem
830 3482 1035 3545 usque
1063 3463 1136 3525 in
1177 3461 1450 3525 subditis
1466 3462 1496 3524 Ῥ
1584 3462 1697 3525 An
1740 3461 1811 3524 in
1854 3460 2314 3544 temporalibus
2345 3459 2498 3539 suis,

280 3569 359 3626 ut
389 3563 470 3628 de
513 3563 594 3627 iis
639 3570 920 3628 statuere
962 3572 1203 3649 posset,
1234 3586 1351 3649 pro
1400 3564 1664 3628 arbitrio
1695 3585 1830 3643 su0,
1865 3570 1932 3627 et
1974 3563 2103 3626 nisi
2145 3562 2498 3645 morigeros

278 3665 571 3747 haberet,
598 3674 1028 3747 exauctorare,
1049 3677 1115 3732 et
1144 3689 1260 3753 per
1276 3669 1638 3731 Decretalia
1663 3689 1780 3730 sua
1801 3666 2026 3731 tollere
2044 3665 2170 3728 illis
2188 3666 2452 3747 Reyalia
2465 3668 2499 3729 ?

280 3770 440 3833 Non
481 3778 680 3853 puto:
728 3771 1097 3835 Discessisti
1132 3793 1284 3854 ergo
1330 3778 1513 3835 extra
1553 3770 1816 3834 callem:
1863 3790 2017 3832 nam
2060 3768 2200 3831 haec
2242 3768 2355 3830 illa
2398 3774 2498 3833 est

281 3872 425 3936 falsi
453 3873 735 3939 nominis
765 3875 1130 3955 obedientia,
1161 3896 1281 3939 nec
1326 3876 1450 3938 alia
1486 3881 1721 3959 praeter
1749 3873 1937 3952 hanc,
1972 3893 2165 3955 quam
2193 3872 2399 3937 nostri
2427 3872 2497 3935 in

283 3977 650 4041 Juramento
681 3978 947 4061 ejerant.

372 4078 692 4165 Denique,
741 4101 882 4163 quae
926 4080 1033 4145 hic
1084 4080 1268 4145 nobis
1315 4080 1568 4159 recitas,
1611 4079 1692 4143 ad
1725 4099 2021 4160 pompam
2067 4077 2272 4160 magis
2319 4084 2492 4156 sunt,
2521 4097 2705 4162 [speeie

286 4207 480 4270 quam
511 4185 880 4266 palaestram
906 4210 925 4245 :
970 4183 1121 4262 imo,
1154 4183 1236 4247 ad
1252 4205 1548 4265 pompam
1576 4182 1768 4267 plane
1799 4188 1970 4260 sunt,
2000 4201 2134 4244 non
2166 4179 2247 4242 ad
2264 4181 2493 4260 paloes-
2520 4165 2767 4292 {affini-ei

282 4297 473 4353 tram.
531 4288 821 4351 Venetos
845 4287 1116 4371 appello,
1143 4288 1325 4371 (quos
1354 4288 1446 4351 ibi
1476 4286 1819 4368 nominas,)
1847 4306 2005 4368 quos
2035 4284 2126 4348 ais
2150 4284 2496 4349 exhibuisse
2519 4295 2769 4360 veritate]

349 4427 368 4459 ¹
397 4426 690 4476 Continuat.
725 4422 791 4473 ad
824 4423 1180 4489 Hypomnema
1212 4424 1344 4476 Petr.
1436 4429 1557 4475 tom.
1584 4424 1637 4473 ii.
1661 4439 1746 4487 pp.
1772 4423 1882 4481 307,
1910 4425 2021 4473 308.
2044 4423 2196 4472 Bssil.
2225 4421 2391 4486 1740]

281 4493 347 4543 de
372 4492 570 4542 Vincis.
597 4489 653 4567 [i.
670 4505 713 4539 e.
732 4489 961 4539 Schsrdii
988 4490 1073 4553 Hy
1142 4506 1347 4541 mnema
1502 4498 1526 4530 ⁸
1560 4489 1780 4554 [Terent.
1808 4488 1942 4539 And.
1969 4490 2002 4538 i.
2019 4492 2063 4540 1.
2090 4487 2191 4553 st]

281 4558 348 4608 ad
371 4557 492 4607 eale.
518 4554 865 4619 Epistularum
895 4555 1035 4606 Petri
1093 4571 1122 4606 e
1149 4554 1345 4616 vineis,
