3165 4959
964 360 1331 409 stomoma
1373 362 1737 409 nesroNslo.
2371 355 2447 415 51

238 515 627 596 CartlinaIiS,
667 518 789 590 Qui
822 537 1043 581 rursus
1082 519 1349 595 laetatur,
1382 518 1494 580 Itos
1534 525 1689 582 oret.
1780 521 1925 583 Nec
1969 521 2143 584 enim
2173 522 2261 586 ibi
2282 544 2450 603 prce-

239 623 513 703 cipiendi
557 623 793 685 modus.
886 622 1041 685 Non
1086 621 1261 699 dicit,
1314 622 1644 715 Hos'oret.
1738 624 1911 688 Quid
1961 624 2121 704 dien,
2169 626 2447 690 modus?

237 746 359 789 nec
401 725 580 789 idem
623 726 797 789 vocis
842 723 1296 807 significatum,
1343 746 1462 788 nee
1510 726 1862 790 similitudo
1909 728 2251 811 significati
2294 729 2447 793 ulla.

239 830 346 893 Ne
405 829 475 892 id
536 830 798 912 quidem
860 830 1034 908 dicit,
1095 829 1232 890 Hos
1290 835 1452 892 orat.
1543 831 1739 908 Nam,
1793 831 1988 895 fidem
2048 833 2442 897 Cardinalis!

239 929 340 994 ἐπ’
372 929 601 1000 αὐτοὺς
630 929 1002 1019 ἀποτρέχει,
1035 938 1333 1014 potestne
1362 931 1544 1009 verti,
1577 932 1716 994 Hos
1750 939 1904 1011 oret,
1935 934 2038 997 vel
2069 936 2207 998 Hos
2252 940 2448 1001 orat?

237 1032 685 1122 Ἀποτρὲχειν,
716 1037 785 1098 in
813 1036 1029 1099 ullone
1070 1031 1306 1098 Lexico
1334 1042 1566 1111 vestro,
1600 1056 1784 1099 orare
1806 1036 2148 1101 redditur?
2201 1039 2313 1100 Ad
2337 1041 2449 1102 hos

241 1140 462 1214 currit,
494 1137 652 1200 dicit
683 1136 983 1215 Basilius,
1016 1158 1246 1220 nempe
1278 1138 1359 1201 ad
1388 1138 1737 1219 Martyres,
1822 1140 2055 1202 Currit.
2133 1141 2445 1221 Primum,

241 1240 417 1303 aliud
459 1247 558 1303 est
602 1259 891 1317 narrare,
924 1240 1076 1322 quid
1121 1240 1271 1303 fiat:
1319 1239 1495 1302 aliud
1537 1247 1832 1320 statuere,
1881 1242 2036 1324 quid
2080 1242 2446 1307 faciendum

241 1343 323 1404 sit
348 1368 368 1419 3
414 1349 575 1420 tum,
611 1341 702 1403 ad
733 1361 836 1402 eos
867 1340 1042 1418 dicit,
1080 1341 1149 1404 id
1197 1349 1312 1421 est,
1357 1341 1439 1404 ad
1485 1363 1709 1405 eorum
1754 1344 2094 1406 memorias
2131 1344 2444 1427 (scilieet),

244 1447 351 1509 ubi
374 1446 585 1508 Deum
618 1452 777 1523 oret,
805 1445 915 1508 ubi
947 1445 1135 1508 editis
1165 1455 1306 1508 tum
1340 1445 1558 1529 signiS,
1586 1446 1872 1509 exaudiri
1904 1469 1942 1508 a
1970 1469 2038 1510 se
2067 1457 2446 1531 precantum

241 1557 391 1613 vota
446 1549 849 1614 monstravit.
964 1549 1154 1616 Quod
1213 1572 1297 1613 ne
1350 1551 1454 1614 cui
1520 1551 1810 1629 dubium,
1884 1551 2141 1635 subjicit
2202 1554 2442 1631 statim,

240 1651 513 1715 ἐνταῦθα
555 1650 717 1733 «γυνὴ
764 1648 1058 1732 εὐσεβὴς,
1098 1653 1165 1716 id
1208 1661 1324 1731 est,
1373 1674 1443 1716 eo
1492 1655 1644 1732 loc-0,
1690 1659 1834 1716 vota
1862 1652 2085 1734 facere
2127 1656 2446 1718 mulierem

224 1759 407 1838 piam
433 1785 453 1818 :
502 1756 582 1819 de
630 1757 763 1819 loco
816 1776 968 1839 ergo
1014 1756 1317 1839 loquitur.
1408 1758 1596 1835 Tum,
1638 1766 1714 1820 ut
1761 1777 2020 1821 omnem
2069 1760 2443 1843 scrupulum

236 1860 442 1939 tollat,
476 1861 666 1942 paulo
695 1868 861 1942 post,
892 1857 1059 1940 μετὰ
1084 1857 1422 1947 μαρτύρων
1454 1857 1733 1941 ’γινέσθω
1772 1858 1854 1922 τὰ
1894 1858 2219 1942 αἰτήματα
2245 1860 2442 1943 ὑμῶν,

235 1986 371 2027 non
417 1971 631 2026 autem
679 1960 839 2048 πρὸς
874 1959 1221 2049 μάρτυρας,
1258 1985 1393 2027 non
1436 1952 1573 2025 Hos
1614 1969 1768 2042 oret,
1809 1985 1942 2027 non
1985 1964 2068 2026 ad
2097 1965 2254 2028 Illos
2283 1967 2445 2029 fiant

232 2088 459 2151 preces
489 2074 750 2130 vestrae:
797 2065 928 2144 sed,
963 2087 1100 2129 cum
1127 2068 1289 2130 Illis.
1353 2068 1504 2128 Cum
1532 2068 1660 2129 His
1696 2074 1829 2129 oret
1859 2069 2052 2131 vertit
2084 2069 2445 2133 cardinalis

231 2172 302 2234 in
334 2171 473 2234 Hos
501 2177 656 2234 oret.
748 2171 872 2249 Ita,
903 2170 1167 2234 modum
1199 2171 1608 2233 indicativum
1638 2172 1706 2233 in
1735 2173 2168 2253 imperativum
2197 2175 2404 2256 primo
2429 2201 2444 2238 :

231 2282 399 2357 post,
425 2296 677 2338 currere
698 2275 891 2338 vertit
920 2275 989 2337 in
1021 2295 1223 2338 orare.
1291 2276 1518 2338 Graeea
1548 2275 1602 2338 si
1632 2274 1928 2358 inspiciat
1953 2276 2174 2355 lector,
2204 2277 2448 2341 videbit

229 2377 480 2441 factum
519 2377 671 2475 hoe,
704 2378 922 2439 Groeca
936 2379 1094 2459 fide.

294 2530 548 2580 Eusebius
568 2567 582 2581 .
608 2567 623 2580 .
646 2568 659 2579 .
685 2530 773 2580 lib.
795 2530 949 2595 [xiii.]
986 2528 1049 2580 de
1077 2545 1262 2594 proepa.
1298 2529 1491 2594 Evang.
1517 2546 1557 2581 e.
1577 2532 1653 2582 17.
1680 2533 1805 2596 [leg.
1818 2532 1886 2596 7.]
1913 2570 1924 2582 .
1962 2570 1974 2581 .
2009 2570 2020 2583 .
2047 2534 2232 2592 ‘Haec,’
2262 2536 2447 2598 inquit,

365 2616 481 2660 ‘nos
495 2610 725 2675 quotidie
739 2611 1039 2672 factitamus,
1057 2611 1270 2674 quivere
1287 2611 1494 2675 pietatis
1508 2612 1715 2674 milites,
1732 2618 1789 2662 ut
1805 2613 1901 2662 Dei
1918 2614 2121 2673 amicos,
2146 2614 2450 2664 honorantes

361 2691 427 2743 ad
454 2695 785 2741 monuments
807 2705 1003 2754 quoque
1035 2692 1242 2741 illorum
1275 2692 1575 2754 accedimuS,
1597 2697 1814 2757 votaque
1839 2695 1963 2757 ipsis
1985 2695 2214 2756 facimus,
2237 2709 2451 2757 quorum

363 2777 719 2827 intercessione
742 2775 806 2825 sd
831 2775 1011 2836 Deum,
1032 2790 1138 2825 non
1172 2790 1349 2839 pamm
1374 2776 1547 2838 juvari
1584 2773 2160 2839 profitemurb.-[Ben.
2187 2777 2336 2839 Apol.
2358 2790 2451 2840 pro

366 2857 544 2924 Besp]
582 2874 632 2923 p.
659 2860 735 2908 14.
776 2858 914 2922 [Op.,
937 2863 1058 2908 tom.
1083 2859 1168 2907 vii.
1194 2858 1286 2908 eol.
1312 2859 1426 2911 712.
1452 2857 1507 2908 C.
1534 2856 1628 2921 D.]

314 2969 550 3051 Neque
579 2988 751 3044 vero,
776 2987 922 3029 vere
953 2965 1156 3048 magis
1179 2966 1417 3029 citatur
1440 2964 1763 3029 Eusebius
1787 2987 1805 3041 ;
1841 2965 2066 3029 similis
2095 2987 2210 3050 per
2231 2968 2449 3032 omnia
2478 2990 2750 3055 [Eusebius

224 3070 297 3132 in
330 3090 407 3133 eo
435 3069 634 3132 stans,
703 3068 1019 3132 Eusebius
1052 3068 1224 3148 dicit,
1258 3065 1368 3131 ἐπὶ
1399 3065 1513 3136 τὰς
1544 3066 1744 3147 θήκας
1771 3065 2091 3154 παριέναι,
2124 3069 2207 3131 ad
2237 3071 2450 3133 thecas
2473 3057 2740 3185 gffiarien.

2428 3171 2446 3195 x

226 3194 345 3235 seu
394 3178 791 3235 monumenta
849 3172 1220 3252 Martyrum
1280 3170 1624 3247 accedere3
1691 3169 1800 3234 καὶ
1857 3169 1972 3240 τὰς
2029 3168 2224 3259 εὐχὰς
2265 3197 2451 3258 παρα

223 3273 493 3343 ταύταις
529 3274 886 3355 ποιεῖσθαι,
921 3287 986 3340 et
1015 3276 1184 3360 apud
1214 3276 1357 3339 illas
1381 3277 1638 3361 (nempe
1665 3278 1895 3356 thecas,
1930 3284 1995 3340 et
2023 3277 2436 3358 monumenta)

222 3385 379 3441 vota
406 3399 753 3461 precesque
784 3378 1013 3443 faeere.
1106 3379 1189 3442 Id
1220 3378 1582 3442 Cardinalis
1615 3379 1704 3442 sic
1721 3380 1935 3458 vertit,
1969 3380 2076 3459 (an
2104 3380 2436 3463 pervertit)

220 3488 372 3544 vota
419 3483 576 3563 ipsis
604 3481 907 3562 facimus.
997 3482 1164 3563 Ipsis
1217 3481 1505 3564 (scilicet)
1555 3482 2001 3564 Martyribus:
2049 3484 2137 3545 sic
2168 3481 2445 3563 intelligi

220 3585 366 3647 vult
412 3585 628 3662 verba,
695 3585 807 3667 (sie
859 3586 1034 3649 enim
1087 3586 1147 3649 ei
1195 3606 1356 3667 opus
1405 3585 1486 3648 ad
1533 3605 1672 3648 rem
1723 3607 1905 3648 suam
1934 3586 1971 3666 :)
2037 3605 2178 3666 quae
2221 3591 2444 3646 tamen

217 3691 549 3755 Eusebius
580 3713 915 3774 nunquam
947 3692 1086 3756 fieri
1116 3692 1298 3769 dixit,
1331 3688 1567 3770 αὐτοῖς,
1614 3693 1771 3773 ipsis
1810 3690 2118 3754 nimirum
2148 3690 2442 3770 Martyr-

218 3795 365 3857 ibus
383 3821 408 3868 ;
457 3795 565 3857 sed
612 3791 794 3880 παρὰ
840 3792 1122 3873 ταύταις,
1155 3795 1327 3877 apud
1362 3795 1554 3875 ipsas,
1596 3794 1903 3877 (ipsorum
1937 3792 2179 3855 scilicet
2211 3793 2440 3871 thecas,

218 3970 397 4021 αὖτοῦς
417 3969 698 4032 ἀποτρέχει·
731 3972 758 4019 ὀ
776 3969 881 4031 μὲν,
911 3972 990 4021 ἵνα
1012 3974 1158 4022 λύσιν
1178 3970 1291 4036 εὕρῃ
1380 3976 1616 4037 θεοφιλιῖν
1652 3972 1878 4036 τελευτῇ,
1913 3971 1994 4022 οὓς
2028 3972 2324 4036 στρατιώτας
2356 3975 2443 4030 τῆς

218 4037 321 4083 vir
353 4038 617 4097 δυσχερεῖν·
654 4037 680 4085 ὁ
709 4035 777 4093 δὲ,
809 4036 886 4085 ἵνα
908 4040 1138 4101 φυλαχθῇ
1168 4038 1293 4100 αὐτῷ
1377 4040 1584 4097 ἀληθοῦς
1607 4036 1854 4093 εὐσεβείας
1868 4038 1953 4085 οὐκ
1969 4037 2028 4085 ἃν
2048 4036 2268 4100 ἁμάρτοις
2283 4037 2443 4096 εἰπὼν,

220 4100 286 4147 τὰ
310 4100 635 4163 χρηστότερα.
687 4102 921 4149 Ἐνταῦθα
938 4102 1062 4162 γυνὴ
1087 4103 1293 4159 εὐσεβὴς
1380 4103 1855 4165 παραλαμβάνεσθαι·
1878 4103 1988 4150 ὅθεν
2000 4103 2076 4150 καὶ
2096 4102 2172 4149 ἐπὶ
2190 4101 2281 4151 τὰς
2297 4102 2443 4158 θήκας

225 4165 344 4226 ὑπὲρ
370 4164 556 4215 τέκνων
578 4164 824 4227 εὐχομένη
852 4165 1293 4226 καταλαμβάνεται,
1382 4169 1537 4216 αῠτόν
1560 4166 1664 4217 ἔθος
1686 4167 1800 4226 ἡμῖν
1820 4167 2050 4226 παριέναι,
2074 4168 2158 4215 καὶ
2185 4167 2276 4216 τὰς
2298 4164 2444 4226 εὐχὰς

222 4230 544 4289 &damah-n
582 4232 715 4292 ἀνδρὶ
748 4231 844 4288 τὴν
875 4229 1106 4280 ἐπάνοδον
1142 4230 1295 4280 αι’του-
1381 4230 1508 4291 παρὰ
1543 4231 1743 4281 ταύταις
1788 4233 2037 4287 ποιεῖσθαι,
2077 4233 2221 4295 τιμᾷν
2261 4249 2318 4278 τε
2353 4231 2444 4279 τὰς

223 4292 699 4377 uffvm'dfibmrrofirn
719 4296 815 4353 τὴν
836 4295 1088 4358 σωτηρίαν.
1160 4294 1299 4373 {le-td
1386 4296 1615 4356 μακαρίας
1636 4298 1792 4381 αιῖοτόν
1803 4294 1993 4376 ρψυχὰς,
2020 4296 2089 4377 ω’ς,
2112 4294 2328 4356 εὐλόγως
2365 4296 2443 4343 καὶ

222 4358 1302 4488 mz‘ssf‘ffiffflr'fflffssfflffi
1386 4358 1570 4488 ‘13:233?
1578 4359 2443 4489 Emgs‘sstk‘i'il‘ffizssffsslssissz

227 4492 345 4535 tom.
365 4488 416 4536 ii.
442 4504 490 4552 p.
508 4491 620 4538 155.
646 4487 731 4602 D}
1389 4489 1472 4552 (al.
1500 4492 1564 4552 7.)
1592 4505 1637 4553 p.
1654 4493 1764 4539 663.
1791 4489 1873 4552 O.]

290 4549 313 4581 Β
348 4553 461 4618 [Καὶ
496 4554 654 4602 ταῦτα
676 4556 703 4601 δ
759 4551 954 4616 ἁρμόζει
991 4552 1068 4603 ἐπὶ
1110 4556 1174 4619 τῇ
1204 4554 1302 4603 τῶν

1798 4641 1923 4700 122
