3165 4959
972 347 1337 396 Aromonm
1383 349 1746 397 nesroxsro.
2328 341 2450 402 241

245 505 516 568 somniis
561 504 861 589 apparuit
881 514 923 567 ⁶.
1017 507 1118 569 Ex
1169 506 1623 571 Nazianzeno:
1671 508 1763 570 At
1810 501 2082 571 is‘nihil
2133 510 2293 573 certi
2346 512 2457 574 de·

245 607 464 690 signat
486 605 554 683 ἃς
604 607 718 671 sed
746 628 956 691 neque
992 608 1326 691 Sulpitius,
1360 608 1439 671 de
1479 609 1614 673 ullo
1655 610 2042 674 Sanctorum
2061 619 2105 674 ⁶.
2167 609 2459 676 Theodo-

244 719 425 774 retus
477 711 801 776 somnium
850 710 1044 774 modo
1094 718 1335 788 narrat,
1382 708 1538 797 ὁρᾶν
1592 709 1797 774 ἐδόκει
1819 709 1855 773 f.
1949 713 2056 790 Et,
2100 712 2181 775 de
2223 713 2453 792 Felice,
2537 753 2540 756 -

243 815 654 898 Augustinus
698 815 863 879 nihil
912 822 1148 899 praeter
1191 815 1486 879 auditum
1537 815 1771 894 habet,
1838 823 1903 880 et
1958 838 2042 880 an
2092 817 2292 895 fieret,
2342 838 2459 899 per

241 920 452 1002 ipsam
496 920 909 1010 praesentiam
961 920 1352 1004 Martyrum,
1408 942 1493 983 an
1539 941 1655 1004 per
1701 921 1989 1003 Angelos
2037 921 2455 1004 suscipientes

241 1044 553 1107 personas
583 1025 973 1109 Martyrum,
1009 1023 1162 1106 quid
1192 1024 1424 1087 horum
1448 1023 1726 1088 duorum
1757 1024 1861 1102 sit,
1893 1046 1978 1087 an
2007 1045 2156 1088 vero
2184 1024 2455 1088 fortasse

241 1133 596 1208 utrumque
637 1127 740 1204 sit,
782 1149 916 1190 non
958 1126 1152 1190 audet
1193 1126 1536 1191 definiressz
1587 1126 1748 1191 adeo
1780 1127 1909 1202 ille,
1941 1149 2075 1191 non
2108 1134 2340 1206 certus,
2373 1127 2454 1190 de

241 1228 368 1291 hac
398 1230 862 1310 apparitionum
893 1230 1269 1312 quaestione.

311 1361 589 1426 Nunquam
606 1399 617 1412 .
644 1399 656 1412 .
679 1399 693 1412 .
714 1362 1077 1413 Constantinus
1099 1398 1112 1413 .
1138 1400 1150 1413 .
1178 1400 1189 1413 .
1215 1362 1708 1426 Constantinopolim
1734 1362 2080 1414 Sanctissimae
2103 1362 2340 1428 Deiparae
2374 1362 2455 1413 de·

376 1444 606 1505 dicasset,
644 1444 796 1508 (quod
832 1460 948 1494 eum
984 1445 1160 1495 secisse
1192 1446 1372 1495 scribit
1406 1444 1772 1508 Nicephorus,.
1801 1481 1812 1492 .
1840 1445 1874 1508 .)
1911 1446 2012 1493 nisi
2049 1444 2346 1495 credidisset
2366 1481 2378 1494 .
2397 1481 2411 1494 .
2438 1480 2450 1493 .

374 1527 541 1579 eidem
571 1564 584 1576 .
606 1564 617 1578 .
643 1563 655 1577 .
680 1530 1018 1592 patrocinium
1041 1565 1053 1578 .
1080 1566 1092 1579 .
1114 1567 1127 1578 .
1148 1529 1383 1591 Virginis
1426 1529 1650 1598 multum
1697 1527 2254 1592 profuturum—[Bell.
2301 1528 2450 1591 Apol.

375 1624 468 1674 pro
490 1609 661 1675 Resp]
682 1625 731 1674 p.
754 1614 829 1660 96.
867 1611 1007 1675 [Op.,
1032 1616 1154 1661 tom.
1174 1612 1264 1660 vii.
1290 1610 1384 1660 col.
1404 1611 1516 1661 758.
1538 1608 1621 1672 B.]

331 1709 661 1774 Quorsum
692 1717 909 1773 autem
944 1710 1246 1773 ultimum
1287 1708 1447 1771 illud
1480 1730 1515 1771 e
1545 1708 1918 1791 Nicephoro
1938 1710 1968 1772 Ρ
2017 1709 2185 1791 quod
2215 1709 2448 1772 falsum
2477 1717 2685 1832 &Utrum

238 1820 343 1876 est
373 1819 613 1876 tamen.

2518 1783 2759 1832 oustanti-

707 1813 863 1876 Non
894 1813 1067 1876 enim
1100 1812 1437 1890 dedicavit,
1468 1811 1581 1875 lib.
1608 1820 1829 1875 octavo
1851 1810 1880 1851 ¹¹
1912 1813 2134 1892 Matri,
2168 1813 2276 1896 qui
2308 1835 2447 1896 sep·
2474 1863 2569 1897 nus
2597 1848 2772 1897 urbem

241 1915 408 1978 timo
432 1935 572 1978 eam
599 1914 921 1978 dedicarat
942 1915 1199 1979 Christo
1228 1915 1381 1978 filio.
1433 1912 1560 1977 Sed
1595 1913 1909 1977 dedicavit
1938 1915 2166 1979 urbem
2190 1916 2447 1981 Christo
2476 1911 2777 1974 Virginide-

245 2017 733 2091 Constantinus,
775 2018 957 2101 cujus
1005 2017 1287 2082 solennis
1331 2017 1443 2080 illa
1488 2017 1820 2100 inscriptio
1867 2018 2051 2081 testis
2097 2027 2213 2083 est.
2311 2020 2449 2082 fibi

256 2122 532 2200 (Christe
570 2122 761 2204 Deus)
812 2123 972 2184 hanc
1020 2122 1231 2184 urbem
1274 2121 1643 2199 commende,
1693 2120 1804 2184 lib.
1837 2120 1941 2183 vii.
1975 2121 2112 2186 491.
2203 2123 2349 2186 Nisi
2395 2124 2450 2185 si

249 2246 475 2307 parum
506 2232 714 2287 tutam
747 2225 997 2307 putavit
1028 2224 1492 2289 Constantinus
1525 2223 1823 2306 praesidio
1854 2224 2132 2288 Christi:
2176 2232 2249 2288 ut
2281 2234 2448 2289 esset

246 2335 393 2410 post
426 2327 721 2411 Deiparae
753 2328 1125 2406 dedicanda,
1156 2327 1359 2391 tutior
1400 2326 1591 2404 illius,
1624 2349 1815 2409 quam
1847 2327 2111 2406 Christi,
2153 2330 2447 2412 praesidio

246 2430 503 2494 futura:
553 2432 651 2495 vel
681 2439 876 2509 certe,
909 2431 1261 2514 utriusque,
1294 2452 1485 2515 quam
1531 2428 1746 2494 uniuS.
1839 2431 2097 2495 Falsum
2145 2433 2446 2517 inquam:

313 2581 333 2604 ²
369 2573 652 2638 [Μνήσθητέ
688 2594 769 2635 μοι
807 2577 893 2624 τοῦ
923 2573 1170 2639 μάρτυρος,
1194 2574 1297 2624 ὅσοι

245 2640 303 2687 δι’
318 2638 509 2702 ὀνείρων
525 2641 669 2689 αὐτοῦ
687 2639 1128 2698 &fulminare—S.
1147 2639 1296 2689 Basil.

244 2701 495 2830 11'113118151123
490 2702 538 2832 S]
557 2703 881 2753 Mamantem.
911 2709 935 2765 ς
953 2706 995 2753 1.
1016 2704 1127 2767 Op„
1140 2704 1297 2754 tomi.

311 2831 335 2863 ‘¹
370 2831 481 2897 [Ὧν
505 2834 554 2881 αἱ
572 2831 781 2894 μεγάλαι
814 2831 944 2894 τιμαὶ
982 2833 1058 2883 καὶ
1084 2836 1295 2894 πανηγύ-

242 2911 356 2961 ρεις·
405 2898 511 2960 παρ’
543 2895 608 2946 ὃν
643 2898 854 2958 δαίμονες
888 2897 1184 2956 ἐλαύνονται,
1220 2898 1298 2947 καὶ
1384 2933 1397 2946 .
1434 2934 1446 2945 .
1483 2932 1495 2945 .
1533 2932 1545 2945 .

245 2961 380 3011 νόσοι
425 2960 770 3025 θεραπεύονται·
825 2961 890 3010 ὧν
923 2963 973 3012 αἱ
1015 2961 1296 3023 ἐπιφάνειαι,

245 3028 323 3075 καὶ
362 3024 428 3074 ὅν
460 3028 508 3074 αἱ
537 3025 950 3089 amaricat—S.
985 3025 1132 3089 (ἕως.
1170 3026 1294 3077 Nat.

245 3089 384 3140 Orat.
411 3090 507 3139 111.
538 3090 666 3150 (adv.
688 3090 720 3139 J
724 3091 876 3140 ulian.
904 3090 965 3155 1.)
990 3090 1099 3153 Op„
1121 3096 1241 3140 tom.
1258 3093 1291 3140 i.

240 3169 328 3219 pp.
355 3155 433 3205 76.
458 3154 520 3203 D.
547 3157 623 3205 77.
647 3154 739 3217 A.]

309 3227 332 3252 ⁸
374 3218 535 3283 [Vide
559 3219 744 3283 Sulpic.
772 3219 933 3269 Sever.
960 3218 1120 3282 Epist.
1140 3219 1205 3268 11.
1230 3219 1293 3269 de

238 3282 403 3333 Obitu
426 3287 479 3333 et
496 3284 828 3347 Adparitione
846 3283 903 3333 B.
932 3283 1157 3333 Martini.
1182 3284 1293 3348 Op„

238 3363 291 3413 p.
310 3349 562 3477 ῗθΰείἵᾳδ
620 3416 706 3463 τοῦ
741 3416 942 3462 δαπέδου
973 3412 1182 3473 κείμενος
1208 3413 1291 3475 (se.

237 3480 268 3527 ό
303 3476 572 3539 Θεοδόσιος)
612 3478 725 3539 ὁρᾶν
758 3479 912 3527 ἐδόκει
934 3481 1015 3527 δύο
1036 3478 1168 3528 τινὰς
1191 3489 1293 3526 λευ-

238 3547 574 3601 αεψονοῶταε
609 3542 777 3607 ἄνδρας
820 3543 895 3603 ἐφ’
926 3542 1079 3591 ἵππων
1100 3542 1295 3604 ὀχουμέ-

239 3627 350 3658 νους
370 3610 567 3665 λευκῶν,
596 3606 642 3656 οἳ
671 3609 855 3670 θαῤῥεΐν
875 3625 932 3656 τε
956 3606 1196 3666 ὂκέλευον,
1220 3608 1294 3657 καὶ

238 3671 303 3723 τὸ
328 3671 433 3723 δέος
464 3670 702 3734 ἐξελάσαι,
740 3672 815 3721 καὶ
851 3673 938 3720 ὑπὸ
968 3672 1063 3731 τὴν
1095 3671 1156 3720 ἔω
1186 3678 1292 3722 καθ-

241 3736 438 3788 οπλίσαι
456 3742 530 3787 καὶ
553 3735 689 3799 τάξαι
710 3739 804 3795 τήν
825 3737 1055 3799 στρατιὰν
1071 3736 1137 3787 εἷς
1154 3734 1292 3801 παρά·

241 3808 391 3864 ταξιν.
457 3800 721 3865 Ἐπίκουροι
747 3802 841 3864 ’γὰρ
863 3801 1038 3861 ἔλεγον
1054 3800 1291 3851 ἀπεστάλ-

240 3874 319 3916 θαι
357 3867 436 3916 καὶ
476 3866 731 3929 πρόμαχοι·
765 3867 847 3916 καὶ
882 3867 911 3916 δ
950 3864 1040 3927 μὲν
1074 3865 1295 3923 Ἰωάννην

241 3931 416 3981 ἑαυτὸν
438 3930 612 3992 ἵλεγεν
656 3930 769 3980 εἶναι
801 3931 891 3979 τὸν
926 3928 1293 3991 εὖαγγελιστὴν,

238 3998 268 4045 ό
292 3995 345 4045 a)
377 3996 609 4045 §utnon
632 3996 719 4044 τὸν
747 3994 1290 4044 ἀπόστολοι-Ἥκω.

246 4060 383 4110 Hist.
406 4059 537 4109 Eccl.
562 4060 648 4110 lib.
672 4075 716 4109 v.
740 4074 845 4124 cap.
866 4060 942 4108 24.
963 4073 1010 4122 p.
1030 4058 1168 4122 227]

268 4123 552 4239 ffzcg‘bNon
589 4125 727 4174 enim
742 4124 899 4238 ἐὲιὶιίιε.
930 4123 1289 4237 benfificiprum

236 4204 267 4239 e
525 4204 697 4239 verum
713 4204 739 4239 e
886 4203 903 4237 ι
967 4203 1011 4237 1s
1060 4203 1143 4243 om
1166 4203 1289 4239 num

413 4204 526 4302 ilitsss
546 4254 875 4303 confessorem
899 4202 1186 4318 fgpamisse
1205 4254 1291 4303 re-

240 4319 391 4369 licem
427 4356 438 4366 .
473 4354 486 4367 .
524 4354 535 4366 .
573 4318 873 4377 audivimus,
933 4332 1035 4367 non
1087 4318 1292 4367 incertis

237 4382 539 4440 rumoribus,
573 4382 661 4433 sed
697 4383 911 4432 testibus
944 4382 1093 4431 certis
1127 4418 1139 4430 .
1177 4420 1189 4433 .
1226 4419 1238 4432 .
1275 4420 1287 4433 .

239 4448 538 4510 Quanquam
570 4448 670 4497 ista
701 4448 914 4510 quaestio
947 4447 1078 4495 vires
1106 4448 1291 4497 intelli-

236 4513 430 4575 gentius
473 4526 602 4560 meae
643 4512 820 4570 vincit,
866 4511 1289 4577 quemadmodum

234 4576 553 4641 opitulentur
576 4583 825 4639 martyres
849 4577 928 4638 iis,
953 4590 1078 4641 quos
1098 4591 1188 4639 per
1206 4592 1292 4627 eos

322 4671 667 4708 annunt-:a—
677 4672 809 4707 ΒΕ).

1386 2578 1579 2650 certum
1609 2579 1686 2622 est
1715 2573 1970 2651 adjuvari;
2019 2578 2189 2624 utrum
2227 2576 2327 2638 ipsi
2361 2591 2450 2652 per

1385 2638 1974 2761 assumtus.
1984 2643 2219 2754 *aasz
2244 2641 2446 2767 3222?ss

1387 2769 1581 2830 quitate
1626 2766 1856 2816 discretis
1901 2804 1911 2815 .
1950 2804 1961 2815 .
1999 2805 2010 2816 .
2064 2783 2130 2817 an
2164 2805 2175 2816 .
2213 2806 2224 2817 .
2259 2804 2272 2816 .
2307 2768 2445 2818 Deus

1386 2833 1720 2895 omnipotens,
1755 2832 1843 2895 qui
1878 2836 1954 2881 est
1996 2832 2180 2896 ubique
2223 2848 2446 2897 praesens

1598 2896 1872 2946 exaudiens
1928 2902 2208 2960 martyrum
2253 2912 2441 2960 preces,

1384 2976 1474 3024 per
1505 2962 1735 3026 angelica
1766 2962 2051 3011 ministeria
2084 2977 2436 3026 usquequaque

1384 3026 1567 3076 diffusa
1616 3026 1839 3089 prasseat
1893 3026 2187 3076 hominibus
2225 3028 2325 3077 ista
2369 3043 2441 3077 so-

1382 3091 1520 3151 latia,
1558 3092 1743 3156 quibus
1782 3092 1838 3139 in
1880 3091 2032 3154 hujus
2073 3092 2196 3141 vitm
2234 3092 2439 3144 miseria

1371 3155 1573 3219 judicat
1629 3172 1733 3207 esse
1787 3156 2073 3219 praebendg
2128 3160 2182 3206 et
2234 3172 2439 3208 suorum

1380 3222 1562 3272 merita
1605 3226 1887 3283 martyrum
1931 3221 2018 3270 ubi
2065 3221 2190 3284 vult,
2237 3223 2438 3286 quando

1379 3286 1506 3345 vult,
1549 3286 1800 3351 quomodo
1832 3286 1957 3346 vult,
1990 3287 2312 3349 maximeque
2347 3302 2438 3350 per

1380 3364 1551 3400 eorum
1577 3351 1844 3401 memorias
1877 3387 1889 3400 .
1915 3386 1928 3399 .
1965 3387 1976 3398 .
1999 3387 2013 3400 .
2037 3351 2261 3401 mirabili
2284 3356 2436 3415 atque

1382 3414 1630 3466 ineffabili
1685 3419 1931 3479 potestate
1996 3420 2147 3477 atque
2207 3415 2436 3465 bonitate

1380 3479 1716 3530 commendet.
1765 3479 1861 3528 Res
1882 3479 1990 3527 haec
2010 3480 2162 3529 altior
2177 3485 2269 3538 est,
2283 3495 2437 3542 quam

1382 3547 1441 3593 ut
1470 3559 1501 3593 a
1534 3559 1615 3593 me
1647 3545 1805 3608 possit
1831 3543 2036 3605 attingi,
2060 3548 2112 3592 et
2143 3544 2433 3603 abstrusior,

1382 3622 1532 3670 quam
1569 3613 1628 3656 ut
1656 3623 1687 3656 a
1720 3621 1802 3656 me
1823 3606 1987 3656 valeat
2008 3608 2341 3669 perscrutari3
2383 3614 2436 3656 et

1380 3672 1495 3721 ideo
1518 3671 1641 3735 quid
1675 3672 1855 3721 horum
1886 3670 2099 3719 duorum
2121 3672 2204 3730 sit,
2227 3686 2293 3720 an
2316 3686 2433 3721 vero

1382 3736 1605 3786 fortassis
1645 3741 1914 3797 utrumque
1951 3735 2035 3794 sit,
2071 3739 2131 3784 ut
2161 3734 2434 3799 aliquando

1380 3801 1479 3850 ista
1512 3801 1639 3851 fiant
1670 3814 1761 3863 per
1781 3800 1940 3861 ipsam
1964 3800 2286 3861 praesentiam
2307 3814 2435 3850 mar·

1380 3870 1566 3928 tyrum,
1604 3862 1875 3929 aliquando
1919 3877 2010 3926 per
2045 3864 2250 3926 angelos
2284 3866 2432 3914 susci·

1380 3931 1577 3991 pientes
1633 3943 1861 3980 ersonam
1893 3932 2189 3991 martyrum,
2222 3927 2434 3979 definire

1379 4008 1481 4044 non
1514 4010 1575 4045 au
1615 3993 1868 4044 eo.'’—S.
1911 3994 2040 4054 Aug.
2078 3993 2140 4043 de
2181 3992 2312 4043 Cura
2339 4008 2431 4057 pro

1379 4059 1530 4109 Mort.
1568 4059 1680 4109 Ger.
1725 4072 1831 4122 cap.
1857 4058 1972 4107 ατί.
2043 4057 2152 4122 Op„
2197 4064 2319 4106 tom.
2359 4060 2426 4109 vi.

1377 4125 1488 4173 coll.
1526 4126 1634 4174 883.
1660 4123 1713 4171 C.
1751 4124 1859 4173 884.
1885 4123 1945 4171 Α.
1970 4121 2055 4187 D.]

1443 4187 1465 4219 ¹¹
1500 4190 1603 4253 [Σοὶ
1627 4187 1804 4251 Χριστὸ
1838 4189 1865 4236 ὀ
1898 4188 2017 4236 Θεὸς
2033 4186 2313 4248 παρατίθημι
2336 4189 2428 4245 τήν

1377 4252 1522 4303 πόλιν
1566 4250 2044 4315 ταύτην.-Νἰοορὶι.
2107 4251 2233 4300 Call.
2291 4251 2423 4302 Eccl.

1380 4318 1513 4367 Hist.
1528 4318 1620 4368 lib.
1638 4318 1722 4367 vii.
1747 4331 1852 4379 cap.
1874 4318 1950 4367 49.
1975 4321 2096 4364 tom.
2117 4317 2149 4365 i.
2173 4331 2221 4380 p.
2239 4318 2346 4367 619.
2369 4316 2424 4366 C.

1380 4383 1493 4432 hut.
1520 4382 1674 4432 Paris.
1699 4380 1862 4445 1630]

1444 4446 1456 4479 ¹
1499 4446 1623 4560 [ΤΕἶ
1633 4445 1838 4508 θεοτόκφ
1880 4444 2426 4509 ἀνέθεντο.--Νίοερὴ.

1379 4510 1504 4561 Call.
1625 4511 1686 4561 el.
1725 4510 1862 4560 Hist.
1913 4510 2003 4559 lib.
2037 4512 2142 4560 viii.
2201 4526 2308 4575 esp.
2346 4513 2424 4562 2⁶.

1336 4584 1339 4585 ’
1377 4583 1500 4627 tom.
1526 4577 1557 4626 i.
1588 4590 1635 4640 p.
1654 4577 1763 4628 687.
1790 4574 1873 4638 D.]

1867 4674 1912 4721 Β

2472 1976 2754 2041 dicaverit]
