3165 4959
920 992 1026 1056 An
1070 992 1292 1057 CAPU'J*
1336 992 1689 1060 QUARTUM.

622 1197 721 1260 De
756 1197 1229 1279 comparatione
1256 1198 1467 1282 Reyis,
1500 1205 1562 1262 et
1598 1199 1975 1262 CardinaliS.

198 1417 546 1495 PoN'nm,
606 1416 791 1499 quasi
851 1416 1215 1501 Pompeius,
1265 1439 1491 1499 parem
1548 1419 1646 1502 (ut
1704 1419 1978 1504 videtur)
2037 1442 2160 1485 non
2202 1421 2345 1504 fert
2377 1449 2396 1485 .-
2428 1436 2575 1502 [Haec
2589 1435 2734 1488 com-

200 1520 591 1598 cardinales,
623 1518 843 1583 aemuli
886 1521 1070 1603 quasi
1114 1520 1410 1598 Caesarie,
1455 1543 1590 1585 non
1623 1524 1962 1604 mim-mna.
2052 1525 2197 1589 Nec
2224 1545 2399 1588 vere-
2499 1504 2713 1629 ἔξω,

193 1622 515 1685 cundatur
564 1622 671 1687 hic
723 1622 1085 1706 quicquam.
1185 1623 1495 1687 Inscribit
1536 1624 1827 1707 Regibus
1874 1625 2109 1689 librum
2159 1648 2349 1690 suum
2378 1652 2397 1706 ς
2424 1644 2513 1679 ¹10⁸
2535 1646 2679 1708 aeque

190 1724 481 1788 inscribit
528 1724 679 1788 libri
724 1725 825 1788 sui
871 1727 1082 1810 Caput
1127 1733 1449 1809 quartum,
1481 1727 1581 1789 De
1617 1728 2090 1809 Comparatione
2119 1731 2310 1813 Reyie
2338 1738 2400 1794 et
2423 1695 2671 1760 mpicm]

197 1828 578 1906 Cardinalt‘s,
609 1849 694 1891 ne
726 1830 936 1911 Reges
958 1830 1095 1913 jam
1124 1830 1342 1910 lateat,
1375 1851 1502 1912 quo
1532 1830 1766 1914 spiritu
1793 1833 2160 1897 Cardinales
2183 1827 2400 1898 ‘Romae

190 1931 341 2008 sint,
382 1931 686 2013 (Romani
731 1932 1029 2014 quidem:
1075 1954 1229 1995 nam
1266 1932 1345 1995 de
1384 1933 1670 2014 reliquie,
1718 1934 1828 2017 qui
1872 1934 1943 1997 in
1977 1935 2206 2015 Gallia,
2242 1937 2397 2000 His-

186 2035 400 2118 pania,
433 2036 553 2098 sub
585 2036 763 2118 Rege
792 2036 1035 2115 vivunt,
1068 2036 1337 2100 meliora
1363 2058 1566 2120 spem,
1599 2038 1741 2100 aliis
1768 2037 1837 2100 id
1867 2059 2091 2102 eorum
2135 2039 2398 2104 nomine

188 2138 662 2221 spondentibus
681 2139 725 2219 3)
780 2145 847 2202 et
890 2139 994 2203 vel
1033 2139 1422 2222 quantillum
1472 2139 1597 2224 ipsi
1645 2140 1893 2205 deferre
1943 2141 2250 2225 RegibuS,
2297 2143 2395 2207 vel

186 2243 583 2326 quantillum
616 2243 824 2326 Reges
864 2243 944 2307 ab
989 2243 1143 2327 ipsis
1173 2251 1508 2327 expectare
1538 2243 1838 2309 debeant.
1934 2245 2082 2323 Sed,
2115 2246 2396 2310 etiamne

185 2346 382 2410 unius
433 2346 572 2409 haec
625 2347 823 2430 Regis
874 2346 1078 2410 nostri
1122 2346 1374 2430 privata
1419 2348 1566 2411 est?
1617 2368 1837 2411 annon
1885 2355 1952 2412 et
1998 2347 2395 2431 reliquorum

183 2470 445 2534 quoque
507 2450 757 2533 Regum
817 2450 888 2514 in
945 2450 1069 2514 hoc
1128 2471 1322 2514 causa
1363 2451 1637 2515 vertitur
1660 2452 1690 2514 ’Β
1760 2472 1979 2516 annon
2027 2456 2093 2515 et
2136 2453 2397 2534 reliquis

180 2552 357 2617 idem
381 2554 707 2635 propinat,
739 2574 817 2616 ex
848 2553 1075 2618 eodem
1093 2555 1370 2618 Martini
1386 2556 1614 2636 poculo
1632 2553 1660 2592 b
1679 2556 1713 2617 ?

247 2692 323 2737 At
344 2703 442 2751 ego
470 2702 576 2738 non
613 2686 775 2749 video,
810 2689 865 2738 in
904 2688 1247 2753 disputatione
1283 2689 1604 2752 Theologica‚
1627 2688 1751 2751 quid
1788 2702 1988 2738 necesse
2023 2687 2094 2737 ait
2122 2688 2393 2751 paritatem

311 2769 583 2829 natalium,
607 2773 697 2819 aut
712 2769 997 2833 dignitatis,
1012 2775 1104 2820 aut
1125 2770 1328 2834 imperii
1345 2784 1585 2833 quaerere,
1612 2784 1729 2818 cum
1751 2768 1859 2818 sola
1877 2769 2157 2818 necessaria
2177 2768 2248 2816 sit
2267 2768 2396 2831 pari·

311 2856 396 2902 tas
428 2852 640 2914 ingenii,
672 2855 824 2915 atque
858 2852 1338 2917 doctrinae.—[Bell.
1362 2852 1512 2916 Apol.
1536 2866 1629 2916 pro
1652 2848 1823 2914 Resp]
1845 2864 1893 2914 p.
1910 2853 1988 2901 30.
2014 2849 2148 2914 [Op.,
2168 2853 2292 2899 tom.
2307 2850 2393 2899 vii.

313 2932 411 2982 col.
436 2932 546 2983 721.
569 2932 655 2998 D.]

267 3033 494 3110 Porro,
540 3032 727 3115 fingit
772 3032 898 3096 sibi
934 3031 1042 3096 hic
1084 3033 1365 3115 primum
1413 3032 1894 3113 disputationem
1937 3028 2155 3094 nescio
2200 3051 2388 3114 quam
2420 3042 2550 3109 [Rex
2571 3057 2724 3107 quan·

178 3136 638 3218 Theoloyicam,
671 3135 853 3219 quasi
896 3136 977 3199 lis
1020 3135 1265 3219 ingenii
1310 3135 1411 3214 sit,
1444 3135 1629 3218 quasi
1660 3137 1797 3199 Rex
1824 3134 1998 3198 ultro
2043 3134 2391 3198 descendat
2415 3108 2701 3224 {¹33²ng

164 3242 242 3304 in
272 3239 668 3324 palaestram,
700 3240 1060 3322 periculum
1088 3239 1378 3304 facturus
1407 3239 1479 3303 in
1505 3239 1733 3306 literis,
1808 3239 2139 3302 Natalium
2166 3246 2389 3303 tamen
2413 3239 2580 3298 ferior,

164 3365 453 3420 memor,
502 3349 566 3406 et
607 3365 801 3426 quam
846 3365 981 3407 non
1027 3342 1113 3406 sit
1160 3343 1220 3406 ei
1260 3362 1456 3425 yenus
1509 3344 1638 3407 alto
1693 3364 1772 3406 θα)
1821 3343 2125 3425 sanyuine
2146 3352 2211 3415 ⁰;
2275 3341 2389 3405 ubi
2415 3307 2725 3430 ἔξξῖξᾷῑ

159 3467 402 3531 parem
448 3467 515 3509 se
563 3446 842 3529 suscepit
887 3445 1311 3530 probandum,
1343 3446 1412 3509 id
1455 3446 1591 3529 agit
1633 3446 1861 3531 primo,
1894 3467 1978 3509 ne
2022 3465 2264 3509 necesse
2308 3445 2390 3507 sit
2419 3431 2723 3496 Cardinale]

151 3570 397 3633 parem
425 3570 599 3613 esse:
647 3549 903 3613 abunde
934 3556 1034 3612 sat
1063 3570 1220 3626 esse,
1253 3549 1308 3613 si
1335 3551 1579 3632 inqem‘o
1624 3549 1816 3612 modo
1846 3555 1913 3611 et
1943 3548 2228 3610 doctrina
2262 3566 2395 3626 par

165 3655 275 3718 sit.
380 3653 474 3716 At
520 3674 628 3734 eqo
682 3651 941 3735 (inquit)
995 3673 1119 3715 non
1175 3653 1371 3716 video.
1485 3653 1578 3716 At
1640 3651 1748 3714 alii
1795 3650 2015 3714 vident
2073 3649 2266 3731 longe
2325 3649 2396 3711 id

164 3758 431 3834 abesse,
488 3763 562 3820 ut
609 3755 763 3818 satis
812 3755 913 3818 sit.
1005 3754 1341 3820 Laudatur
1388 3755 1563 3819 enim
1617 3753 1698 3836 (si
1749 3753 1916 3816 bene
1973 3751 2265 3834 memini)
2323 3751 2395 3814 in

167 3858 485 3925 Historia
533 3858 903 3922 Alexander
919 3856 966 3936 d,
1029 3859 1138 3941 qui
1198 3858 1282 3923 ad
1341 3880 1567 3923 cursus
1612 3863 1942 3921 certamen
1989 3861 2392 3938 provocatuS,

162 3962 436 4028 lubenti
486 3983 551 4025 se
600 3961 816 4025 animo
863 3961 933 4023 id
978 3961 1304 4025 facturum
1354 3962 1534 4040 dixit,
1585 3961 1642 4024 si
1678 3966 1915 4038 essent,
1966 3958 2077 4044 qui
2122 3979 2269 4021 cum
2315 3978 2394 4021 eo

164 4088 377 4130 cursu
406 4071 748 4142 certarent,
784 4065 1039 4148 Regum
1070 4065 1207 4129 filii.
1299 4066 1563 4128 Paritas
1592 4066 1665 4128 in
1691 4064 1771 4127 iis
1819 4063 2116 4126 doctr-ime
2161 4060 2395 4125 sufficit

165 4171 275 4234 vel
325 4170 583 4251 ingenii,
633 4168 744 4252 qui
802 4176 1065 4252 propter
1122 4170 1435 4252 ingenium
1482 4175 1548 4232 et
1602 4168 1971 4245 doctrinam,
2020 4164 2261 4249 pariter
2314 4162 2394 4226 ad

230 4324 255 4346 ⁸
296 4313 485 4378 [“Nec
519 4326 823 4377 quemquam
854 4312 966 4376 jam
1000 4313 1127 4363 ferre
1160 4327 1242 4378 po-
1327 4314 1444 4372 tini,
1469 4327 1574 4376 cap.
1595 4328 1680 4361 xx.
1705 4312 1815 4375 Op„
1836 4326 1921 4374 pp.
1940 4312 2054 4369 339,
2079 4307 2212 4372 340]

418 4382 534 4434 test,
560 4378 787 4456 βείω-νο
810 4379 1047 4464 Ρτίοἷοω,
1082 4433 1087 4437 ,
1395 4386 1415 4409 ⁶
1475 4377 1617 4440 Virg.
1642 4377 1755 4454 ΛΕιιζ
1777 4376 1842 4425 iv.
1869 4374 2012 4488 ‘23⁰2

372 4442 703 4507 Pompeiusve
1393 4442 1416 4473 θ
1496 4441 1706 4493 lutarch.
1742 4456 1797 4490 m
1821 4440 1947 4490 Vita
2018 4437 2215 4488 lexand.
2258 4437 2393 4503 [Op.,

468 4508 653 4557 num.
673 4507 715 4557 P
751 4457 952 4557 arsilli.
977 4508 1241 4573 125‚126.]
1329 4512 1436 4557 tom
1468 4509 1500 4555 i.
1528 4523 1575 4571 p.
1597 4510 1707 4556 666.
1732 4505 1817 4570 n]

233 4575 259 4608 δ
288 4573 451 4639 [vide
470 4572 610 4637 Sulp.
635 4572 800 4622 Sever.
818 4572 880 4621 de
897 4571 1021 4623 Vita
1037 4573 1093 4623 B.
1114 4574 1242 4623 Mar-

254 4669 758 4704 xsnnxwts.—-nas1².
1818 4670 1843 4715 1
