3165 4959
749 285 832 347 16
1368 302 1454 348 An
1498 300 1881 349 cummsms
1924 299 2322 349 emmaum

739 457 987 519 videtur
1020 458 1421 520 immensitati
1449 458 1700 522 Divinae
1718 459 2015 540 potentiae
2046 457 2303 520 dicei-3¹.
2389 454 2501 536 (Et
2529 452 2722 537 paulo
2751 454 2948 536 post.)

741 559 932 622 Patet
976 580 1142 643 cryc,
1175 560 1342 643 quod
1380 567 1471 624 est
1516 562 1911 624 temerarium
1956 560 2179 639 dicere,
2227 558 2393 641 quod
2432 576 2654 638 comus
2696 555 2958 633 Christi,

741 661 975 725 Divina
1000 664 1249 742 virtute,
1281 684 1403 726 non
1430 665 1636 745 poscit
1665 684 1795 728 esse
1823 664 1891 726 in
1922 664 2345 737 Sacramenta,
2376 661 2501 723 nisi
2533 680 2656 741 per
2703 680 2958 723 conver-

419 770 669 850 [cupera-
737 764 971 827 sionem
987 766 1182 845 panis
1210 765 1278 828 in
1306 766 1548 846 ipsum&
1615 765 1862 830 Eadem
1894 773 1959 829 et
1991 764 2170 828 Petri
2198 764 2280 827 de
2310 761 2559 827 Alliaco
2589 761 2959 826 cardinalis

413 836 617 899 cenam]
741 868 1279 947 Cameracensis&
1328 869 1501 953 quod
1521 890 1642 934 nec
1673 869 2034 934 cardinalis
2056 868 2486 933 Bellarminus
2518 866 2896 930 diffitemu.

445 976 592 1054 {0⁸¹1-
649 1043 661 1055 ‚
826 975 1146 1058 Denique,
1204 976 1428 1039 Romae
1474 975 1693 1051 etiam,
1747 983 1898 1038 ante
1952 996 2156 1039 annos
2201 974 2347 1058 plus
2399 980 2681 1052 centum,
2716 974 2958 1038 Comes

415 1042 682 1172 mssfulffl
739 1076 1130 1141 Mirandulae
1178 1078 1221 1141 J
1224 1077 1512 1142 ohannes
1560 1078 1751 1142 Picus
1801 1084 2055 1143 tutatus
2100 1087 2217 1156 est,
2250 1079 2642 1141 Paneitatem
2669 1081 2957 1160 supposi-

737 1182 868 1243 tari
900 1201 1090 1261 posse
1135 1202 1175 1243 a
1228 1201 1482 1262 empore
1531 1181 1767 1243 Christi
1818 1182 1885 1243 in
1930 1181 2378 1243 Eucharistia'
2389 1205 2409 1251 ,·
2476 1179 2682 1243 nihilo
2727 1175 2958 1243 tamen

736 1284 954 1347 minus
1007 1283 1418 1348 Christianus
1479 1291 1578 1348 est
1636 1282 1918 1347 habitus.
2030 1283 2353 1367 Explicuit
2411 1281 2586 1345 enim
2646 1282 2955 1366 seipsum,

740 1387 909 1471 quod
948 1386 1213 1452 dixisset
1243 1388 1321 1451 de
1351 1387 1663 1468 possibili,
1694 1408 1836 1466 non,
1869 1387 1946 1450 de
1973 1389 2067 1450 sic
2095 1407 2242 1451 esse.
2341 1386 2521 1459 Quod
2550 1387 2718 1449 Deus
2744 1389 2958 1469 possit

737 1513 1049 1556 assumere
1086 1513 1357 1574 panem;
1402 1494 1565 1556 sicut
1598 1494 1805 1573 possit
1855 1499 2223 1556 convertere.
2313 1492 2526 1554 Multa
2576 1492 2739 1554 enim
2783 1500 2952 1571 sunt,

738 1596 1268 1677 quoedesicesse,
1300 1616 1558 1659 manea
1586 1602 1730 1659 eunt
1764 1596 1992 1677 infide,
2024 1615 2280 1677 quorum
2308 1595 2670 1676 oppositum,
2702 1595 2955 1677 depos-

737 1698 926 1776 sibili,
974 1703 1133 1760 esset
1161 1717 1481 1760 moneam
1501 1723 1522 1759 .·
1568 1699 1732 1761 sicut
1761 1698 1984 1776 dicere,
2018 1699 2277 1761 Patrem
2305 1700 2718 1775 incarnatum,
2752 1698 2832 1762 de
2859 1703 2954 1763 cic

735 1820 885 1878 esse,
916 1807 1009 1863 est
1038 1802 1389 1864 haereticum
1408 1827 1428 1863 .·
1477 1801 1737 1865 Patrem
1767 1808 1970 1864 autem
2000 1822 2187 1882 posse
2228 1801 2570 1880 incarnari,
2601 1822 2725 1864 non
2751 1804 2953 1865 solum

736 1924 862 1967 non
890 1910 982 1967 est
1010 1906 1380 1983 haereticum,
1426 1904 1540 1967 sed
1568 1905 1921 1968 haereticum
1954 1910 2046 1967 est
2078 1905 2211 1985 ejus
2253 1905 2614 1985 oppositum.
2705 1907 2948 1989 Atque,

736 2028 887 2071 cum
917 2028 987 2071 se
1013 2007 1108 2070 ita
1151 2006 1531 2090 explicaret:
1577 2006 1878 2070 Pontifex
1909 2006 2235 2069 Maximus
2267 2006 2636 2071 Alexander
2680 2017 2905 2073 sextus
2923 2020 2949 2048 ¹

738 2110 1086 2194 diplomate
1131 2132 1266 2189 suo,
1310 2131 1459 2175 eum
1501 2110 1582 2175 ab
1628 2111 1807 2175 omni
1844 2111 2157 2175 haereseos
2206 2110 2352 2176 labe
2394 2112 2752 2177 immunem
2796 2137 2947 2198 pro-

735 2215 1086 2294 nunciavit,
1117 2238 1229 2280 nec
1256 2217 1448 2279 ullam
1476 2216 1726 2279 haeresis
1752 2217 2031 2298 speciem,
2055 2217 2154 2278 vel
2169 2217 2593 2297 suspicionem,
2616 2220 2716 2280 vel
2735 2226 2950 2282 notam

734 2320 1057 2381 sinistram
1107 2319 1441 2382 incurrisse
1462 2345 1481 2380 .-
1528 2317 1746 2381 Nimis
1778 2339 1931 2401 ergo
1961 2318 2179 2396 durus,
2215 2327 2280 2382 et
2320 2319 2396 2402 (si
2427 2320 2722 2384 Durandi
2753 2322 2951 2387 verba

736 2420 888 2503 fert)
941 2422 1340 2501 temerarius,
1390 2421 1500 2506 qui
1546 2420 1798 2486 Divinae
1847 2422 2155 2505 potentiae
2194 2421 2478 2508 derogat,
2526 2431 2591 2489 et
2626 2427 2782 2508 fieri
2824 2448 2948 2491 non

724 2547 914 2609 posse
942 2527 1099 2590 dicit
1136 2534 1208 2590 ut
1244 2548 1393 2591 vera
1443 2528 1571 2590 sint
1629 2526 1864 2589 Christi
1907 2527 2112 2605 verba,
2144 2529 2268 2590 nisi
2304 2549 2428 2609 per
2472 2531 2945 2595 conversionem.

737 2630 873 2694 Ubi
901 2637 1121 2695 tamen
1151 2653 1287 2696 non
1316 2636 1536 2694 narrat
1565 2629 1770 2707 nobis,
1801 2651 1917 2712 per
1939 2633 2407 2711 conversionem,
2427 2635 2949 2716 productivamne

733 2754 819 2798 an
838 2733 1292 2813 adductivamr,
1317 2735 1396 2798 de
1420 2755 1566 2818 qua,
1590 2753 1796 2814 nuper
1824 2754 1955 2796 non
1986 2755 2177 2797 nemo
2193 2737 2464 2818 pupuyit
2492 2737 2892 2800 cardinalem
2902 2749 2952 2817 ²,

734 2839 918 2921 quasi
967 2847 1033 2903 et
1078 2839 1207 2918 ille,
1255 2840 1326 2902 in
1370 2837 1640 2902 materia
1669 2835 2400 2901 Transubstantiationis
2445 2860 2671 2922 parum
2722 2862 2941 2921 sanus,

731 2941 1114 3023 vertiginem
1152 2962 1375 3024 passus
1416 2939 1518 3017 sit,
1561 2946 1629 3002 et
1673 2938 2400 3004 Transubstantiationis
2447 2940 2608 3021 loco,
2649 2944 2943 3008 Transla-

732 3045 1034 3105 cationem
1065 3042 1387 3126 quandam
1418 3041 1808 3106 substituere
1836 3041 2204 3105 meditetur.

799 3176 872 3227 Ut
893 3181 1026 3227 recte
1049 3176 1195 3226 docet
1217 3175 1499 3227 Concilium
1523 3175 1899 3237 Tridentinum,
1921 3191 2036 3226 sess.
2062 3179 2138 3228 13.
2162 3193 2204 3227 c.
2227 3179 2296 3227 4⁸.
2322 3178 2469 3243 [Bell.
2486 3181 2634 3245 Apol.
2659 3196 2751 3246 pro
2764 3182 2943 3249 Resp]

860 3272 909 3321 p.
936 3260 982 3308 6.
1006 3256 1137 3323 [Op.,
1161 3261 1284 3308 tom.
1303 3259 1389 3307 vii.
1415 3257 1507 3307 col.
1534 3257 1645 3310 707.
1671 3256 1755 3320 D.]

819 3348 1046 3412 Laudo
1083 3369 1234 3431 ergo
1279 3348 1636 3426 consilium,
1699 3347 1867 3430 quod
1915 3347 2036 3410 init
2082 3347 2177 3412 ibi
2208 3349 2564 3414 Cardinalis
2611 3354 2941 3421 ultimum.

732 3450 1113 3515 Tridentum
1163 3452 1338 3516 enim
1380 3473 1449 3516 se
1487 3451 1716 3535 recipit
1747 3471 1895 3514 cum
1924 3450 2051 3515 fide
2082 3473 2218 3530 sua,
2260 3474 2381 3517 nec
2427 3455 2570 3519 fidit
2615 3458 2945 3531 Laterano

794 3614 813 3637 ‘
846 3604 1004 3655 Num.
1027 3605 1134 3654 xiv.
1155 3604 1260 3670 [fol.
1284 3604 1396 3656 275.
1420 3603 1511 3653 col.
1537 3602 1600 3667 1.]
1950 3611 1968 3634 ⁸
2006 3605 2066 3669 [“
2088 3603 2281 3655 Eodem
2328 3606 2460 3657 libro
2504 3608 2579 3657 iii.
2626 3610 2709 3670 (de
2751 3613 2945 3667 Eucha-

796 3680 814 3702 ·
884 3669 1011 3720 [bid.
1034 3671 1118 3720 fol.
1145 3670 1256 3720 275.
1279 3668 1393 3719 coll.
1420 3670 1463 3717 1.
1489 3667 1563 3731 2.]
1883 3668 2047 3731 ristia)
2099 3684 2205 3733 cap.
2245 3672 2321 3720 18.
2383 3676 2408 3733 ς
2467 3672 2576 3722 ‘Ex
2628 3675 2710 3725 his
2748 3679 2945 3744 colligi-

796 3740 813 3767 2
895 3735 1142 3785 nLib.iv.
1169 3733 1305 3784 Seut.
1322 3733 1507 3791 Quoest.
1524 3733 1591 3780 vi.
1610 3733 1720 3783 Art.
1740 3733 1794 3782 ii.
1882 3734 2024 3792 mus,'
2080 3732 2219 3794 Dixi,
2257 3736 2642 3788 Conversionem
2766 3744 2849 3794 nie
2883 3747 2943 3796 i„

732 3801 818 3852 fol.
836 3802 947 3851 266.
972 3815 1015 3850 a.
1043 3800 1152 3848 Par.
1178 3800 1249 3848 im
1289 3836 1300 3847 .
1324 3798 1439 3848 soh.
1468 3797 1622 3856 Petit,
1647 3812 1684 3846 s.
1703 3796 1771 3859 a.]
2094 3797 2288 3849 Christi
2308 3816 2412 3851 non
2445 3817 2546 3851 esse
2715 3808 2941 3861 activam

796 3873 822 3896 ¹¹
852 3864 1001 3927 [Bell.
1017 3863 1080 3913 de
1098 3863 1253 3913 Euch.
1309 3863 1397 3912 lib.
1423 3862 1496 3911 iii.
1524 3863 1684 3927 [cap.]
1716 3864 1793 3912 23.
1880 3878 1907 3910 s
1986 3863 2332 3914 adductivam.
2401 3866 2547 3923 Quod
2568 3820 2764 3919 ditatum
2788 3874 2941 3926 video

732 3934 757 3991 ς
780 3928 931 3978 ‘Non
944 3927 1213 3977 dissimili!
1231 3926 1499 3992 [Op.,tom.
1517 3927 1594 3976 iii.
1617 3942 1666 3991 p.
1683 3928 1792 3976 160.
1881 3941 1913 3974 a
1933 3928 2191 3977 nonnullis
2225 3944 2483 3993 perperam
2518 3946 2625 3981 esse
2659 3942 2943 4001 acceptum,

738 3993 821 4057 a]
1881 3991 1971 4053 qui
1993 3991 2112 4040 inde
2133 3992 2395 4056 colligunt,
2419 3995 2548 4045 hanc
2570 4011 2672 4047 nou
2694 4014 2801 4050 esse
2824 4017 2942 4054 vere

736 4059 744 4068 ’
795 4067 817 4091 ’
840 4056 1103 4121 Apologia.
1122 4056 1264 4119 Disp.
1288 4054 1664 4119 [deEucharist.
1681 4055 1792 4119 Op.,
1879 4056 2270 4117 conversionem,
2311 4060 2415 4109 sive
2450 4062 2942 4119 transubstantiatio-

731 4129 855 4176 tom.
872 4124 905 4172 i.
930 4137 979 4186 p.
1000 4123 1110 4170 121.
1146 4121 1297 4170 Basil.
1322 4120 1495 4184 1501.]
1878 4134 2013 4178 nem,
2057 4120 2145 4170 sed
2188 4124 2671 4175 transloeatiouem.”
2690 4156 2754 4164 —
2780 4129 2906 4182 Bell,

796 4197 821 4222 ’¹‘
854 4186 1007 4252 Apud
1025 4185 1256 4237 eundem.
1294 4185 1382 4251 [In
1406 4185 1627 4235 Censura
1644 4185 1790 4235 Alex.
1879 4183 2059 4248 Reoog.
2097 4201 2146 4250 p.
2170 4189 2248 4236 81.
2287 4188 2356 4252 [p.
2377 4192 2422 4239 8.
2448 4189 2513 4239 D.
2539 4189 2650 4254 Op.,
2674 4197 2796 4243 tom.
2813 4196 2846 4244 i.

733 4254 825 4304 VI.
850 4259 971 4302 tom.
988 4253 1022 4301 i.
1047 4251 1240 4315 praefix.
1257 4250 1332 4300 De
1350 4250 1628 4313 diplomate
1643 4250 1791 4301 Alex.
1878 4249 2021 4312 init]

734 4318 826 4367 VI.
850 4318 967 4366 vide
993 4331 1188 4379 quoque
1217 4314 1457 4377 Raynald.
1486 4314 1630 4365 Cont.
1658 4316 1792 4363 Anu.
1947 4322 1969 4344 ⁸
2014 4315 2068 4380 [“
2090 4315 2339 4373 Quoniam
2369 4321 2541 4368 autem
2580 4319 2810 4372 Christus
2846 4323 2940 4376 Re.

733 4381 915 4431 Baron.
934 4379 996 4429 ad
1012 4383 1246 4430 an.1493.
1264 4380 1418 4429 Num.
1435 4380 1641 4432 37.tom.
1658 4380 1793 4457 xix.]
1882 4377 2117 4442 demptor
2152 4386 2323 4431 noster
2343 4397 2428 4432 eor
2463 4398 2522 4433 us
2543 4399 2688 4434 suum
2723 4387 2777 4435 id
2801 4390 2940 4451 quod

785 4454 808 4486 7
832 4443 985 4510 [Vide
996 4443 1200 4494 Scotum
1218 4445 1274 4493 in
1285 4444 1796 4495 lib.iv.Sent.Dist.11.
1884 4443 1978 4492 sub
2012 4445 2176 4506 specie
2211 4448 2359 4509 panis
2393 4463 2423 4498 o
2463 4449 2648 4510 erebat,
2677 4466 2791 4502 vere
2830 4469 2940 4505 esse

733 4510 921 4568 Quoest.
940 4509 1017 4558 iii.
1037 4507 1149 4572 Op„
1168 4513 1291 4559 tom.
1302 4509 1408 4558 viii.
1432 4523 1516 4573 pp.
1537 4506 1798 4572 626.626.]
1886 4507 2036 4569 dixit,
2070 4509 2184 4560 ideo
2213 4525 2504 4574 persuasum
2534 4528 2733 4579 semper
2764 4518 2821 4567 in
2847 4517 2942 4570 Ee.
