3165 4959
517 1131 557 1190 5
1464 1133 1571 1195 As>
1618 1132 1836 1196 CAPUT
1878 1131 2171 1194 Panium.

776 1393 996 1443 Jacobus
1027 1392 1125 1444 Dei
1158 1394 1338 1456 gratia,
1371 1397 1466 1444 etc.
1534 1393 1680 1444 Fidei
1715 1408 1863 1454 verse,
1899 1392 2218 1453 Christianoe,
2271 1391 2396 1455 [leg.
2430 1404 2546 1440 vere
2586 1386 2928 1450 Christianae]

844 1477 1135 1538 Catholicae,
1159 1477 1483 1542 Apostolicae,
1504 1478 1786 1539 veterisque
1820 1491 1877 1525 ac
1898 1474 2177 1538 primitivae
2199 1473 2451 1532 Ecclesioe,
2474 1475 2566 1522 etc.
2601 1474 2928 1534 propagator,

843 1576 902 1611 ac
923 1562 1437 1626 defenset—[Verba
1457 1561 1611 1624 Regis
1632 1560 1689 1609 in
1713 1559 1858 1609 Praef.
1886 1558 2069 1609 Monit.
2093 1558 2232 1607 citat.
2263 1572 2296 1606 ι
2317 1556 2442 1607 Bell.
2471 1554 2622 1619 Apol.
2645 1569 2738 1618 pro
2765 1552 2921 1617 Resp.

846 1641 958 1705 Op„
982 1647 1104 1693 tom.
1122 1643 1207 1692 vii.
1235 1643 1327 1693 col.
1342 1642 1455 1693 707.
1480 1642 1538 1692 Β.
1563 1641 1650 1704 0.]

423 1767 531 1818 Rex
553 1782 668 1817 vere
809 1758 941 1829 Quo
977 1763 1219 1820 tantum
1253 1758 1564 1820 divmrswt⁸
1604 1757 1710 1820 hic
1752 1756 1890 1820 abit
1923 1755 2302 1834 cardinalia,
2353 1754 2444 1816 ad
2469 1752 2668 1834 fidem
2704 1752 2925 1815 Chris-

389 1832 627 1959 13:235·
717 1861 977 1938 tianam,
1028 1862 1434 1938 Catholicam,
1472 1860 1902 1941 Apostolicam
1922 1860 1955 1921 .?
2016 1859 2125 1922 Ad
2169 1859 2380 1938 aliam,
2423 1858 2554 1936 Illi,
2602 1856 2685 1919 ad
2716 1855 2922 1937 fidem

715 1963 1103 2026 subditorum
1133 1964 1393 2041 civilem,
1427 1983 1684 2045 gressus
1723 1962 2098 2045 dirigendus
2138 1967 2296 2025 erat.
2387 1962 2522 2024 Cur
2548 1960 2727 2023 illam
2767 1958 2927 2021 data

716 2088 929 2151 opera,
961 2067 1295 2131 occasione
1341 2088 1472 2130 non
1503 2066 1657 2130 data
1700 2066 1813 2129 sed
1843 2066 2134 2149 quaesita,
2163 2065 2353 2129 initio
2396 2064 2619 2128 statim
2663 2062 2922 2127 subter-

716 2170 937 2253 fugit?
993 2171 1128 2234 Cur
1171 2170 1252 2233 de
1299 2169 1516 2253 quavis
1560 2168 1688 2232 alia
1712 2169 1851 2251 fide
1894 2169 2107 2232 dicere
2149 2168 2415 2245 mavult,
2458 2188 2654 2251 quam
2698 2187 2792 2244 ea,
2834 2166 2921 2229 de

720 2295 848 2356 qua
875 2273 1065 2338 nobis
1094 2273 1175 2337 lis
1205 2280 1303 2336 est
1321 2274 1353 2335 ?
1400 2273 1536 2337 Cur
1562 2272 1669 2336 hic
1697 2292 1829 2335 rem
1859 2271 2123 2351 omittit,
2162 2273 2400 2335 Titulos
2428 2268 2890 2336 consectatur?

809 2377 978 2458 Styli
1020 2376 1206 2458 Reyii
1248 2395 1397 2458 pars
1440 2382 1556 2452 est,
1595 2375 1778 2437 Fidei
1821 2373 2130 2455 Defensor
2154 2402 2174 2437 .-
2227 2375 2298 2439 in
2341 2395 2503 2453 eam,
2537 2370 2920 2450 cardinalis,

720 2486 796 2543 ut
835 2484 1069 2562 potest,
1112 2477 1354 2563 stylum
1396 2499 1587 2541 suum
1635 2477 1827 2542 acuit.
1916 2478 2044 2542 Par
2088 2478 2184 2542 illi
2226 2478 2540 2557 facerem3
2595 2476 2652 2540 si
2697 2497 2776 2539 ex
2816 2496 2919 2554 eo,

723 2581 916 2665 quod,
994 2602 1063 2645 se
1137 2581 1562 2644 Sanctissimae
1619 2582 1917 2644 Romame
1987 2581 2294 2646 Ecclesiae
2359 2581 2757 2644 Cardinalem
2813 2581 2925 2645 in-

719 2685 961 2763 scribit,
1011 2691 1077 2748 et
1136 2705 1255 2767 ego
1306 2684 1378 2747 in
1432 2684 1848 2747 Sanctitatem
1900 2683 2209 2749 Romanae
2260 2684 2586 2762 Ecclesiae,
2637 2683 2922 2748 vicissim

719 2809 1159 2853 excurrerem:
1207 2809 1335 2872 qua
1374 2788 1455 2852 de
1495 2808 1587 2867 re,
1624 2788 1816 2851 credo
1855 2786 2174 2870 equidem,
2206 2788 2474 2870 paginas
2514 2788 2718 2852 nihilo
2757 2810 2922 2872 pau-

718 2889 921 2954 ciores
952 2890 1220 2974 implere
1248 2910 1522 2973 possem.
1614 2889 1802 2966 Tum,
1834 2889 1913 2952 de
1952 2889 2314 2952 Cardinalis
2342 2891 2523 2953 titulo
2557 2889 2923 2953 molestiam

717 2990 813 3053 illi
870 2990 1269 3068 facesserem,
1324 3013 1410 3054 an
1468 2992 1551 3055 ad
1603 2998 1892 3055 mentem
1949 2992 2175 3055 Patris
2229 2992 2484 3070 Lo'ioloe,
2537 2999 2611 3055 ut
2661 2992 2924 3056 Jemitae

718 3094 949 3157 fierent
981 3093 1377 3174 Papabilesb.
1456 3096 1547 3158 At
1576 3096 1735 3172 haec,
1770 3116 1961 3177 quam
1990 3117 2125 3159 non
2156 3096 2445 3179 apposite
2461 3097 2491 3158 P
2536 3116 2672 3160 non
2704 3095 2925 3159 minus

717 3204 940 3258 tamen
970 3196 1275 3279 apposite,
1308 3218 1521 3280 quam,
1550 3197 1722 3280 quod
1751 3196 1907 3261 facit
1932 3198 2042 3262 ille
2070 3199 2520 3280 Immptiones
2541 3197 2922 3262 vellicando.

723 3298 851 3362 Sed
885 3300 950 3361 S.
986 3299 1066 3361 R.
1093 3299 1170 3362 E.
1197 3299 1647 3364 Cardinalibus
1680 3300 1994 3384 quidlibet
2024 3301 2260 3365 audere
2291 3300 2423 3364 fas:
2471 3309 2538 3365 et
2566 3302 2925 3382 appositum

720 3408 821 3464 est
847 3400 995 3480 illis,
1030 3401 1333 3485 quicquid
1364 3405 1709 3484 oppositum
1738 3410 1836 3468 est
1865 3404 2157 3487 Reyibus.

805 3504 925 3582 Ac,
976 3505 1195 3586 Stylus
1239 3505 1498 3590 quidem
1543 3506 1676 3585 ille,
1709 3504 1907 3570 Unde
1955 3507 2096 3585 sibi,
2128 3507 2229 3570 vel
2276 3528 2316 3569 a
2362 3528 2510 3590 quo,
2553 3528 2688 3571 non
2733 3507 2924 3571 valde

720 3608 861 3672 Rex
920 3607 1219 3691 respicit3
1285 3607 1545 3692 respicit
1605 3629 1682 3672 eo
1739 3616 1998 3673 tantum
2056 3609 2340 3687 nomine,
2404 3609 2574 3691 qnod
2632 3610 2924 3674 muneris

721 3710 909 3793 Regii
946 3717 1197 3794 partem
1240 3717 1488 3794 partem
1530 3711 1806 3793 primam
1843 3717 2051 3794 putet,
2083 3712 2301 3774 Fidem
2334 3710 2699 3794 defendere3
2749 3712 2922 3795 quod

718 3811 862 3889 Ine,
915 3811 1191 3894 propitio
1245 3812 1400 3876 satis
1444 3812 1794 3892 Mercurio,
1837 3813 2090 3897 jamdiu
2139 3814 2328 3878 fecit:
2391 3815 2612 3878 Marte
2664 3833 2923 3897 quoque

715 3933 852 3976 non
902 3914 1118 3977 minus
1164 3915 1442 3999 propitio
1486 3915 1791 3995 facturus,
1831 3917 1945 3980 ubi
1997 3939 2064 3981 se
2116 3938 2219 3981 res
2268 3918 2465 3982 dabit.
2560 3918 2761 3982 Hunc
2803 3915 2923 3980 nbi

717 4017 967 4079 titulum
995 4018 1327 4101 conspexit
1357 4018 1740 4097 Cardinalis,
1772 4020 2103 4085 continere
2139 4041 2206 4084 se
2236 4043 2370 4085 non
2399 4028 2634 4104 potest,
2667 4041 2750 4084 ne
2779 4026 2920 4083 tam

717 4119 831 4183 diu
861 4118 1140 4204 quidem,
1167 4120 1323 4184 dum
1348 4122 1586 4186 Caesari
1608 4129 1673 4186 et
1699 4122 2124 4208 Principibus,
2156 4145 2275 4208 pro
2296 4123 2486 4188 officii
2516 4124 2616 4186 sui
2643 4123 2919 4201 ratione,

716 4222 1051 4288 commode
1078 4223 1430 4289 valedicat:
1477 4246 1557 4289 ex
1600 4224 1876 4309 abrupto
1919 4227 2163 4291 claudit
2193 4227 2574 4310 Epistolam.
2665 4227 2791 4305 Ita,
2823 4226 2926 4291 illi

711 4325 912 4390 libido
940 4327 1012 4390 in
1034 4329 1281 4391 titulum
1309 4330 1485 4394 hunc
1514 4330 1725 4414 primo
1756 4353 2008 4415 quoque
2038 4340 2330 4416 tempore
2359 4329 2709 4396 involandi.

776 4477 799 4565 ἱ
833 4468 1006 4546 [Virg.
1031 4470 1141 4520 AEn.
1167 4487 1213 4520 v.
1240 4472 1378 4535 166.]
1437 4540 1446 4550 ·
1859 4474 2018 4524 Num.
2042 4478 2123 4527 24.
2145 4475 2222 4527 De
2247 4475 2561 4541 Paupertate,
2595 4492 2642 4541 p.
2673 4479 2717 4528 9.
2755 4476 2922 4540 Lugd.

835 4534 992 4599 [v1de
1000 4535 1261 4586 Summam
1276 4537 1489 4588 Constit.
1510 4540 1617 4589 Soc.
1632 4540 1663 4588 J
1668 4555 1768 4590 esu.
1861 4540 2032 4605 1606.]
