3165 4959
948 321 1317 373 APOLOGIAM
1360 319 1729 371 RESPONSIO.
2368 305 2451 367 91

237 481 454 567 potius
500 481 573 545 in
602 480 782 546 Petri
826 480 1195 545 humilitate
1239 480 1398 545 talia
1441 476 1824 562 respuentis,
1866 496 2061 560 quam
2103 476 2174 538 in
2205 472 2457 557 flamoso

236 606 683 651 suceessorum
727 586 916 667 typho
933 593 986 663 ¹²,
1026 584 1168 648 fieri
1204 584 1345 648 haec
1384 581 1525 661 sibi,
1573 587 1709 645 tota
1752 586 2068 663 spectante
2101 580 2322 657 Roma,
2366 577 2462 641 ita

237 690 471 774 cupide
501 688 951 767 ambientium,
980 687 1076 751 ita
1105 687 1380 771 gloriose
1409 684 1973 770 triumphantium,
2002 684 2096 748 ita
2125 682 2461 747 ambitiose

237 792 761 877 praedicantium.

301 913 433 971 Quae
466 926 586 961 cum
617 910 694 961 ita
725 910 847 972 sint,
876 912 1077 974 poterat
1113 908 1224 960 Rex
1256 908 1462 960 abillis
1491 908 1661 959 verbis
1691 907 1959 968 abstinere,
1983 920 2099 970 quae
2129 905 2188 956 in
2218 904 2463 969 injuriam

374 993 608 1043 omnium
634 991 1009 1042 Catholicorum
1050 990 1348 1055 Principum
1377 990 1628 1055 protulit:
1669 988 2121 1053 ‘Expergiscimini
2154 987 2329 1050 igitur,
2353 986 2466 1036 ete!

374 1074 531 1132 Quasi
553 1088 686 1123 unus
706 1072 817 1123 Rex
839 1071 1128 1136 Anglorum
1148 1071 1349 1135 vigilet,
1380 1086 1513 1122 unus
1545 1071 1744 1136 sapiat;
1777 1071 1949 1121 caeteri
1971 1069 2233 1120 dormiant
2252 1072 2306 1119 et
2335 1067 2464 1117 desi-

378 1157 524 1220 piant
536 1155 761 1206 universi
777 1172 856 1203 :=
870 1153 1084 1220 --[Bell.
1098 1153 1251 1218 Apol.
1264 1168 1356 1218 pro
1369 1151 1539 1218 Resp]
1553 1167 1602 1218 p.
1618 1153 1698 1203 24.
1713 1151 2068 1219 [Op.,tom.vii.
2084 1150 2177 1202 col.
2188 1149 2298 1204 718.
2309 1149 2368 1201 Β.
2384 1149 2463 1215 0.]

338 1258 601 1319 Poterat
631 1261 850 1319 antem
880 1253 1263 1334 cardinalis,
1288 1275 1328 1317 α
1358 1252 1539 1317 verbo
1572 1252 1772 1336 Regis
1811 1253 1921 1315 illo
1960 1273 2228 1316 manum
2270 1252 2463 1315 absti-
2512 1264 2672 1327 Reges
2693 1262 2778 1313 de-

246 1380 413 1436 nere,
462 1379 584 1423 nec
632 1358 728 1421 ita
770 1356 852 1421 ad
899 1357 1291 1422 calumniam
1332 1356 1612 1435 trahere,
1633 1378 1773 1440 quo
1816 1355 2070 1421 monuit
2116 1356 2464 1437 eaperyisci
2552 1333 2612 1380 ¹¹²
2633 1344 2714 1378 ‘³¹'

251 1465 501 1546 Reges:
549 1462 688 1526 sine
716 1468 939 1526 tamen
968 1462 1349 1547 cujusquam
1376 1461 1637 1546 injuria.
1725 1460 1871 1524 Nec
1910 1460 2087 1524 enim
2120 1460 2265 1525 ideo
2305 1460 2464 1522 desi-

238 1568 430 1650 piunt
460 1565 701 1642 statim,
734 1565 845 1649 qui
875 1565 956 1629 de
989 1586 1124 1628 uno
1168 1564 1383 1648 aliquo
1427 1564 1497 1627 in
1536 1585 1675 1628 rem
1717 1585 1900 1627 suam
1938 1562 2247 1628 monendi
2288 1569 2464 1627 sunt.

252 1671 489 1753 Neque
534 1689 684 1732 vero
735 1668 829 1732 ita
870 1689 1135 1733 necesse
1171 1672 1270 1732 est
1312 1667 1407 1731 ibi
1452 1667 1700 1732 dictum
1752 1667 1972 1751 accipi,
2006 1667 2185 1751 quasi
2235 1667 2467 1750 reliqui

253 1774 571 1836 dormiant
590 1800 609 1834 :
663 1771 1118 1854 Expergiscere
1134 1781 1182 1849 ¹,
1227 1771 1330 1835 vel
1387 1771 1530 1835 Deo
1594 1769 1847 1850 dicitur,
1901 1771 2013 1855 qui
2061 1790 2184 1834 nec
2235 1771 2464 1834 domuit

251 1885 500 1954 tamen,
536 1894 658 1938 nec
703 1874 1003 1937 dormitat
1019 1884 1067 1953 5,
1099 1874 1212 1938 sed
1247 1872 1418 1958 quia,
1461 1873 1873 1958 quantumvis
1908 1873 2220 1954 advertat,
2263 1881 2466 1939 cesset

254 1987 480 2042 tamen
520 1977 601 2041 ab
646 1998 857 2062 opere,
895 1978 1113 2061 (atque
1143 1976 1216 2042 in
1243 1999 1319 2042 eo
1349 1978 1711 2041 dmmientis
1743 1977 1951 2041 instar
1979 1977 2123 2061 est.)
2216 1979 2465 2061 Exper-
2511 2039 2514 2042 .

248 2084 512 2166 gliscere,
544 2082 640 2145 vel
673 2082 807 2144 Deo
831 2080 1085 2145 dicitur.
1180 2081 1373 2147 Quod
1402 2081 1503 2145 vel
1533 2082 1668 2145 Deo
1699 2081 1824 2146 dici
1852 2082 2082 2165 potuit,
2105 2081 2280 2146 idem
2305 2082 2469 2146 illud

257 2185 494 2249 dixisse
516 2184 806 2267 Reyibmg
833 2205 947 2247 cur
975 2191 1166 2268 turpe
1197 2184 1281 2248 sit
1298 2184 1328 2245 ⁸?
1421 2185 1553 2252 Qui
1585 2184 1744 2248 dixit
1775 2185 1948 2265 olim,
1968 2185 2059 2248 Et
2089 2206 2251 2250 mmo
2272 2187 2472 2268 Reges

256 2289 592 2370 intelliyite
613 2297 656 2365 ²,
688 2307 820 2350 non
848 2287 918 2351 id
946 2286 1041 2351 ita
1084 2287 1265 2367 dixit,
1298 2288 1501 2372 quasi,
1541 2295 1779 2372 praeter
1805 2309 1976 2368 eum,
2008 2288 2225 2353 eaeteri
2264 2291 2472 2353 Bruta

255 2392 562 2456 animalia
593 2398 811 2454 essent
838 2390 1155 2455 universi:
1193 2412 1381 2454 unum
1411 2391 1605 2455 modo
1636 2392 1964 2476 Propheta
1990 2392 2081 2456 ibi
2109 2392 2473 2477 intelligere

260 2500 477 2581 Reges
536 2496 759 2575 voluit,
815 2496 895 2560 de
947 2495 1229 2575 Christo,
1283 2496 1545 2576 scilicet,
1598 2517 1734 2561 non
1792 2497 2218 2582 negligendo:
2286 2520 2475 2561 unum

258 2603 458 2667 modo
485 2600 595 2664 hic
631 2621 894 2665 monere
923 2600 1124 2664 voluit
1157 2600 1317 2679 Reiz,
1360 2600 1441 2664 de
1473 2601 1622 2686 jure
1654 2600 1858 2684 Regio
1886 2622 2021 2664 non
2050 2602 2475 2685 negligendo:

262 2712 717 2790 praeterquam,
750 2703 921 2787 quod
965 2702 1046 2766 ad
1090 2702 1215 2767 hoc
1253 2703 1419 2767 lenti
1464 2703 1617 2782 sint,
1651 2710 1884 2767 caetera
1911 2703 2146 2787 *vigiles
2174 2704 2328 2767 satis
2359 2704 2479 2768 scit

262 2816 334 2873 et
362 2807 778 2893 perspicaces.
825 2806 1013 2871 Nihil
1043 2812 1261 2871 autem
1286 2806 1377 2870 eis
1401 2805 1657 2869 decedit
1687 2806 1767 2869 de
1797 2805 2130 2890 sapientiae
2158 2807 2477 2890 opinione,

264 2913 435 2976 nihil
479 2911 559 2975 de
605 2909 974 2994 vigilantiae,
1016 2909 1070 2973 si
1115 2910 1197 2974 ad
1243 2910 1369 2974 alia
1417 2917 1553 2973 tam
1596 2909 1804 2973 multa
1847 2907 2104 2988 oculati,
2154 2910 2236 2974 ad
2276 2932 2482 2975 unum

274 3014 537 3099 aliquod
564 3014 781 3077 minus
810 3013 977 3078 forte
1007 3034 1199 3096 quam
1228 3034 1344 3097 par
1373 3020 1471 3077 est
1501 3012 1737 3077 attenti
1766 3012 1915 3077 sint.
2058 3001 2062 3005 ’

367 3118 513 3183 Nee
553 3117 727 3181 enim
772 3117 985 3199 Reges
1030 3116 1361 3200 privilegio
1396 3116 1683 3199 gaudent
1726 3117 2072 3201 Pontifici-9,
2103 3125 2177 3182 ut
2215 3118 2485 3183 humani

280 3221 526 3305 aliquid
569 3221 725 3306 pati,
754 3226 831 3283 ut
871 3240 1103 3298 errare,
1133 3218 1315 3282 nulla
1355 3219 1426 3282 in
1469 3240 1540 3283 re
1582 3220 1851 3304 possint,
1892 3242 2102 3305 neque
2146 3223 2486 3307 quicquam

270 3347 552 3409 usquam
581 3324 898 3403 omittere,
926 3324 1005 3388 de
1036 3344 1165 3406 quo
1194 3323 1528 3389 commode
1556 3324 1862 3388 monendi
1892 3324 2021 3389 sint
2048 3352 2063 3390 ε
2108 3326 2485 3410 praesertim,

272 3431 332 3494 si
363 3427 629 3511 aequalis
658 3426 728 3491 id
758 3448 983 3490 eorum
1012 3425 1244 3505 faciat3
1290 3425 1496 3510 magis
1515 3426 1748 3507 adhuc,
1781 3427 1835 3490 si
1865 3435 2126 3493 mutuas
2157 3430 2323 3493 vices
2353 3450 2487 3493 non

272 3533 586 3616 defugiat,
643 3530 755 3594 sed
802 3551 997 3614 quam
1047 3550 1313 3594 monere
1372 3530 1537 3610 illos,
1590 3530 1713 3593 hac
1769 3530 1845 3594 in
1894 3551 1985 3610 re,
2033 3538 2169 3594 tam
2229 3532 2309 3595 ab
2361 3532 2490 3594 illis

273 3636 530 3702 moneri
550 3636 623 3698 in
653 3633 795 3713 alia,
820 3640 1083 3717 paratus
1107 3633 1209 3697 sit.
1301 3634 1467 3713 Nec,
1490 3654 1662 3696 unus
1689 3640 1930 3713 tamen,
1963 3634 2085 3698 hae
2112 3635 2184 3697 in
2207 3654 2299 3713 re,
2322 3635 2492 3715 sapit

278 3743 424 3805 Rex
451 3745 693 3804 noster.
781 3738 902 3801 Est
927 3737 1072 3801 Deo
1107 3736 1335 3820 gratia,
1384 3743 1538 3800 sunt
1573 3743 1641 3800 et
1689 3737 1900 3820 Reges
1947 3736 2076 3816 alii,
2109 3737 2218 3821 qui
2264 3744 2330 3801 et
2367 3737 2492 3821 ipsi

276 3844 454 3908 idem
502 3863 651 3906 cum
695 3841 810 3904 illo
861 3839 1141 3923 sapiunt,
1191 3846 1257 3903 et
1311 3839 1646 3903 Pontificis
1692 3840 1765 3904 in
1797 3840 2042 3925 Regnis
2088 3841 2220 3904 suis
2257 3842 2493 3926 jugum

281 3950 725 4013 excussenmt.

371 4052 561 4128 Tum,
614 4048 671 4112 si
720 4048 881 4111 satis
939 4046 1283 4128 experrecti
1343 4044 1558 4125 etiam,
1614 4048 1712 4131 (ut
1761 4048 2119 4113 Cardinalis
2170 4050 2487 4131 autumat)
2623 4056 2702 4119 71

294 4159 506 4238 Reges
533 4151 788 4235 reliqui,
830 4150 1101 4234 (utinam
1134 4156 1351 4213 autem
1383 4148 1537 4231 sint)
1586 4171 1671 4214 ne
1716 4151 1806 4215 sic
1846 4151 2105 4234 quidem
2138 4151 2377 4235 injuria
2405 4150 2495 4215 eis

290 4261 406 4323 fit:
452 4279 585 4321 non
631 4254 839 4338 magis
885 4274 1078 4338 quam
1120 4254 1456 4316 Sacrorum
1495 4253 1674 4335 Περὶ,
1705 4253 1810 4317 cui
1838 4254 2141 4332 Vestalis,
2184 4254 2499 4336 V'zyilasne

359 4387 383 4409 ⁸
428 4377 481 4443 [⁴⁴
497 4375 579 4425 Ne
622 4374 879 4424 fumosum
916 4372 1136 4437 typhum
1174 4372 1346 4422 saeculi
1435 4372 1587 4422 Cone.
1611 4375 1736 4422 tom.
1759 4372 1816 4422 ii.
1849 4374 1941 4422 col.
1967 4374 2108 4424 1676.
2134 4372 2221 4437 Α.]

2487 1392 2743 1460 persiscid

292 4446 349 4493 in
395 4441 676 4491 Ecclesiam
724 4438 916 4489 Christi
949 4474 961 4488 .
999 4474 1011 4487 .
1039 4476 1051 4488 .
1087 4436 1350 4487 videamur
1501 4445 1524 4468 ¹
1560 4436 1642 4485 Pa.
1664 4437 1788 4487 xliv.
1814 4439 1925 4497 23.;
1957 4438 2157 4489 lxxviii.
2179 4442 2256 4489 65.

291 4507 653 4584 iuducere.”-·
676 4504 840 4567 Epist.
884 4503 1035 4553 Cone.
1082 4503 1239 4578 Afric.
1284 4501 1349 4551 ad
1502 4509 1523 4539 5
1560 4501 1671 4633 {Pa
1691 4518 1809 4581 cxx.
1837 4502 2032 4568 (Vulg.)
2057 4504 2131 4568 4.]

295 4575 548 4624 Coelestm.
598 4571 656 4629 1.‚
715 4567 851 4633 apud
918 4568 1068 4620 Cone.
1116 4567 1353 4617 Afric.-
1506 4573 1525 4597 ²
1585 4566 1664 4618 ΡΒ.
1689 4568 1744 4620 ιί.
1770 4568 1877 4633 11.]
