3165 4959
988 320 1355 367 Aromenffl
1397 320 1763 367 REsroxsm.
2353 307 2481 368 327

267 476 579 540 fanaticos
645 474 956 558 quosdam
1020 498 1196 539 error
1261 476 1444 540 valde
1505 477 1805 540 exercuit.
1905 478 2162 557 Tempus
2222 475 2476 558 quidem

269 579 589 662 designari
633 601 819 662 posse
859 586 1114 662 putant,
1156 581 1406 660 (annum
1451 587 1630 662 puta,
1688 586 1800 643 aut
1852 580 2023 663 quod
2071 580 2234 642 absit
2282 580 2360 640 ab
2409 601 2478 642 eo

266 689 502 764 tempus
546 705 667 745 non
719 684 915 765 lonye)
969 690 1226 746 tantum
1282 684 1361 747 de
1416 684 1518 746 die
1569 691 1635 747 et
1689 686 1866 761 hora,
1920 683 2150 746 divinae
2197 684 2478 746 scientiae

266 787 663 868 relinquunt.
755 788 868 863 At,
922 786 1056 867 (qui
1105 787 1297 850 toties
1347 785 1580 849 delirat
1633 786 1712 849 de
1760 786 2043 868 Abbato)
2100 809 2317 849 annon
2365 787 2476 850 ille

268 889 404 953 haec
464 910 579 951 sua
637 888 830 951 debet
883 889 1169 971 Napeiro
1226 891 1440 967 Scot0,
1495 891 1573 952 de
1625 890 1827 972 Regis
1876 889 2148 952 subditis
2200 890 2314 952 uni
2365 889 2477 972 qui

266 994 515 1075 scripsit
544 993 616 1055 in
645 992 1169 1075 Apocalypsinw?
1222 1014 1436 1056 annon
1467 992 1547 1056 ab
1577 1015 1653 1057 eo
1683 995 1822 1058 haec
1851 995 2230 1057 mutuatus?
2323 994 2473 1071 Qui,

268 1118 639 1180 quanquam
684 1096 764 1159 de
809 1096 911 1158 die
958 1103 1024 1158 et
1073 1098 1230 1159 hora
1268 1096 1667 1179 deprecatur,
1699 1104 2010 1179 tanquam
2055 1096 2291 1178 ignotis
2336 1098 2473 1175 ulli,

265 1205 488 1264 tamen
533 1207 791 1281 tempus
838 1198 1098 1281 aliquod
1143 1198 1203 1262 ei
1245 1199 1677 1281 propinquum
1719 1200 1970 1281 (annum
2000 1198 2215 1281 forte),
2248 1206 2313 1262 et
2344 1199 2474 1281 sig·-

265 1301 408 1363 nari
437 1308 622 1383 putat
651 1322 855 1384 posse,
887 1310 954 1364 et
985 1322 1134 1364 vero
1165 1301 1376 1384 signat
1405 1302 1562 1384 ipse.
1655 1302 1922 1379 Verum,
1955 1323 2103 1365 cum
2135 1301 2330 1365 verba
2364 1302 2475 1364 illa

267 1404 516 1468 Christi
552 1404 646 1467 ita
674 1404 834 1468 vidit
862 1404 1025 1468 lucis
1053 1404 1262 1487 plena,
1292 1412 1367 1467 ut
1397 1426 1481 1468 ne
1510 1405 1634 1468 hac
1665 1404 1925 1487 quidem
1956 1403 2198 1467 nebula
2226 1403 2473 1468 offundi

265 1513 545 1589 possent,
593 1527 669 1571 eo
715 1528 784 1571 se
827 1514 976 1590 post
1024 1506 1271 1589 recipit,
1318 1514 1395 1570 ut
1441 1507 1633 1582 dicat,
1674 1514 1825 1588 post
1868 1508 2002 1570 dies
2053 1507 2475 1589 quadrayinta

265 1612 532 1691 quinque
564 1609 713 1691 sore
741 1611 979 1692 judicii
1025 1611 1187 1673 diem
1217 1617 1279 1674 et
1308 1611 1522 1673 mundi
1553 1613 2135 1674 consummationem
2157 1637 2177 1672 .·
2207 1610 2375 1692 fore,
2407 1611 2481 1672 id

264 1720 534 1797 esa-non
565 1716 742 1795 longe
772 1720 902 1777 tum
933 1712 1163 1793 abfore.

332 1850 431 1899 Sed
451 1865 611 1914 neque
636 1850 716 1899 ini
738 1855 874 1899 certo
896 1851 1059 1900 scient.
1083 1850 1218 1900 diem
1255 1855 1406 1913 atque
1440 1851 1548 1916 [leq.
1575 1850 1757 1916 neque]
1793 1850 1986 1908 horam,
2008 1850 2247 1913 quoniam
2271 1848 2472 1898 etiamsi

394 1930 504 1980 dies
524 1931 861 1994 quadraginta
881 1932 1102 1996 quinque
1128 1969 1139 1980 .
1177 1968 1189 1980 .
1224 1969 1236 1981 .
1271 1932 1573 1995 expectandi
1597 1941 1747 1983 erunt
1768 1936 1883 1995 post
1904 1936 2121 1981 mortem
2146 1929 2470 1990 Antichristi,

398 2019 567 2063 tamen
591 2014 850 2076 Scriptura
884 2028 989 2063 non
1025 2012 1153 2063 dicit
1188 2012 1324 2063 diem
1351 2013 1540 2078 judicii
1572 2029 1675 2064 non
1708 2028 1813 2063 esse
1846 2013 2048 2076 longius
2079 2009 2467 2076 prorogandum.

394 2096 571 2158 Itaque
592 2096 754 2145 scient
788 2132 800 2145 .
836 2131 849 2144 .
885 2096 963 2144 illi
997 2095 1134 2144 diem
1155 2095 1339 2158 judicii
1375 2112 1478 2146 non
1507 2112 1613 2146 esse
1643 2096 2010 2160 expectandum
2043 2100 2161 2151 ante
2194 2094 2332 2143 diem
2356 2108 2472 2157 qua·

393 2177 733 2239 dragesimam
759 2178 994 2240 quintum
1020 2177 1085 2226 ab
1108 2177 1417 2227 Antichristi
1441 2177 1594 2237 caede,
1619 2178 1706 2227 sed
1740 2193 1804 2227 an
1839 2177 2033 2227 diutius
2054 2175 2362 2225 differendus
2383 2176 2467 2234 sit,

392 2257 932 2322 ignorabunt.-[Be11.
949 2258 1098 2322 Apol.
1123 2274 1214 2321 pro
1235 2258 1407 2323 Resp.]
1430 2274 1478 2322 p.
1500 2262 1611 2309 139.
1650 2259 1785 2323 [Op.,
1807 2264 1930 2309 tom.
1944 2260 2030 2307 vii.
2054 2258 2147 2308 col.
2165 2259 2273 2309 782.
2300 2257 2352 2306 C.
2374 2255 2464 2318 D.]

352 2356 639 2420 Tandem
684 2368 903 2420 autem
950 2366 1253 2436 exscreat,
1303 2365 1368 2420 et
1412 2366 1631 2440 aperte
1681 2357 2000 2439 loquitur,-
2050 2356 2296 2419 etiamsi
2336 2356 2470 2417 dies
2496 2370 2702 2434 [Utrum

262 2460 685 2544 quadraginta
717 2461 980 2543 quinque
1023 2462 1391 2543 affectandi
1429 2467 1557 2524 tum
1600 2467 1781 2523 erunt
1805 2466 1957 2542 post
1995 2465 2251 2522 mortem
2277 2459 2465 2521 Anti-
2493 2441 2609 2550 {iffi}
2622 2435 2734 2550 2¹¹⁹·

261 2566 506 2642 christi,
549 2571 756 2627 tamen
799 2586 922 2628 non
965 2566 1038 2627 id
1076 2567 1144 2627 in
1177 2566 1512 2647 Scriptura
1545 2565 1694 2642 dici,
1729 2565 1890 2626 diem
1919 2564 2160 2626 Judicii
2190 2583 2311 2625 non
2339 2583 2469 2624 esse
2494 2566 2632 2614 caede
2651 2567 2798 2616 Anti·

260 2669 506 2749 lonyius
565 2668 1081 2749 protrahendum.
1174 2669 1330 2731 Nou
1391 2689 1529 2731 esse
1588 2667 1843 2750 longius
1901 2663 2406 2749 protrahendum
2435 2665 2464 2726 ’.Ρ
2493 2630 2681 2744 οξζὶἷὲ.

259 2771 411 2834 Non
470 2772 730 2853 lonqizw,
780 2793 913 2834 non
958 2773 1176 2853 plures
1228 2771 1362 2834 dies
1415 2794 1610 2855 quam
1662 2770 2086 2854 quadraginta
2136 2769 2465 2851 quinque?
2493 2710 2729 2822 gendum]

264 2874 483 2939 Quare
530 2873 955 2956 quadraginta
985 2874 1267 2957 quinque
1298 2874 1394 2937 illi
1436 2877 1574 2958 jam
1606 2874 1740 2937 dies
1770 2873 1892 2937 hoc
1924 2872 2044 2936 sibi
2073 2873 2316 2950 volunt,
2347 2892 2470 2933 non

254 2976 707 3057 expectandum
751 2977 914 3039 diem
944 2977 1200 3058 judicii,
1234 2984 1379 3040 ante
1409 2978 1570 3039 diem
1606 2977 2144 3059 quadraqesimum
2188 2975 2468 3056 quintum

257 3079 338 3141 ab
361 3079 742 3142 Antichristi
773 3080 968 3151 coede,·
1002 3079 1136 3156 sed,
1156 3102 1239 3142 an
1270 3081 1507 3143 diutius
1537 3080 1917 3162 differendus
1945 3081 2049 3157 sit,
2074 3079 2146 3140 id
2170 3098 2332 3157 vet-0,
2360 3079 2465 3159 qui

256 3189 391 3244 tum
420 3187 600 3244 erunt
629 3183 920 3256 homines),
952 3182 1369 3263 iynoraturoe.
1460 3185 1674 3247 Erunt
1702 3205 1853 3266 ergo
1898 3183 2034 3246 dies
2067 3182 2158 3244 illi
2191 3181 2459 3265 quadra-

257 3282 445 3364 ginta
497 3284 798 3367 quinque,
847 3285 1274 3368 qnadraginta
1325 3286 1608 3370 quinque
1649 3294 1715 3350 et
1766 3287 1981 3350 nescio
2023 3293 2178 3369 quot
2224 3286 2459 3368 plureS,

259 3408 336 3449 ac
366 3408 449 3449 ne
480 3387 838 3451 cardinalis
883 3387 1142 3471 quidem
1187 3390 1325 3473 ipse
1371 3391 1509 3467 scit,
1541 3391 1746 3452 minor
1775 3388 2167 3469 Pontificius,
2201 3387 2314 3450 sed
2342 3406 2465 3449 nec

262 3490 703 3575 Hieronymus
721 3492 935 3569 etiam,
957 3514 1147 3575 quem
1171 3514 1249 3556 ex
1271 3515 1405 3556 non
1426 3516 1662 3576 magna
1685 3515 1874 3557 causa
1895 3513 2183 3575 maynum
2202 3490 2465 3570 Pontzfi-

256 3596 424 3656 cium
455 3594 669 3658 subito
699 3596 956 3658 creavit.
1035 3597 1182 3662 Quo
1210 3617 1540 3678 responsO,
1572 3618 1693 3659 nec
1723 3596 1965 3659 bonum
1996 3617 2062 3657 se
2100 3596 2466 3675 Tkedqqum

252 3707 521 3783 praestat
553 3700 933 3774 CardinaliS,
965 3721 1177 3783 neque
1208 3721 1359 3763 vero
1388 3701 1702 3763 Juristam
1732 3699 1996 3762 bonum.
2087 3699 2244 3761 Nou
2274 3698 2465 3758 Theo-
2575 3701 2704 3762 23⁷

258 3805 484 3886 loyum.
575 3805 775 3882 Nam,
810 3826 952 3886 quae
980 3811 1244 3887 propter
1290 3804 1527 3867 electos
1558 3825 1597 3866 a
1627 3804 1772 3865 Deo
1797 3801 2112 3885 promissa
2138 3801 2328 3878 fiunt,
2371 3801 2465 3881 (ut

258 3906 470 3968 breves
502 3904 762 3988 futuros
791 3909 924 3970 dies
956 3909 1100 3970 illos
1129 3907 1510 3990 pollicetur¹
1561 3908 1861 3969 Servatur
1891 3910 2158 3986 propter
2193 3904 2460 3984 Electos)

253 4008 323 4086 ii,
379 4016 453 4072 ut
506 4011 719 4092 plures
765 4011 904 4094 jam
951 4011 1133 4087 fiant,
1176 4010 1389 4073 nescio
1442 4017 1599 4093 quot
1651 4010 1888 4092 plures,
1951 4008 2279 4089 Theoloqia
2331 4027 2466 4068 non

256 4113 520 4195 patitur.
601 4114 744 4176 Nec
773 4114 867 4175 ita
895 4134 1182 4195 unquam
1213 4112 1439 4176 fefellit
1473 4115 1653 4176 Deus
1685 4133 1945 4175 suorum
1984 4132 2179 4194 spem,
2211 4116 2285 4173 ut
2315 4129 2463 4171 cum

256 4215 705 4296 praestituisset
764 4215 892 4278 illis
951 4213 1141 4292 diem,
1204 4236 1330 4296 quo
1388 4213 1706 4278 liberandi
1752 4219 1988 4291 essent,
2036 4234 2112 4276 eo
2162 4212 2299 4295 ipso
2359 4211 2463 4274 die

255 4338 392 4381 non
421 4318 709 4382 liberarit
739 4318 902 4397 illos,
927 4318 1215 4382 liberarit
1243 4319 1436 4381 fidem
1468 4340 1672 4395 suam,
1695 4317 1805 4380 sed
1829 4317 1993 4380 elabi
2024 4317 2263 4380 sineret
2293 4315 2462 4378 diem

326 4479 359 4498 ‘¹'
394 4469 558 4533 [Vide
582 4469 778 4534 Napeir
799 4485 865 4519 on
899 4470 986 4519 the
1010 4469 1320 4519 Revelation.
1478 4478 1499 4500 ¹
1536 4469 1718 4519 Matth.
1746 4470 1881 4519 xxiv.
1908 4471 1984 4517 22.

263 4535 409 4598 Prop.
436 4536 535 4584 xiv.
570 4550 655 4599 pp.
686 4535 912 4598 16-22.]
