3165 4959
974 357 1339 407 Aromoun
1384 358 1746 408 Rrsronsm.
2350 350 2474 413 167

322 532 381 554 =
421 510 513 572 qui
534 510 942 561 intercesdonem
966 510 1265 561 Sanctorum
1289 511 1460 576 palam
1487 512 1683 573 irridet,
1708 512 1795 575 qui
1818 513 2190 563 venerationem
2214 513 2466 578 Reliquia-

388 607 506 641 rum
527 592 899 642 intolerabilem
923 591 1263 643 idololatriam
1287 597 1445 653 vocat,
1469 593 1557 656 qui
1578 593 1950 656 Purgatorium,
1968 594 2194 654 Missam,
2218 600 2270 644 et
2291 601 2473 648 caetera

389 674 513 723 fidei
550 672 825 724 Catholicoe
860 673 1100 737 dogmata
1129 676 1379 739 conspuit,
1412 675 1697 725 Haereticus
1725 711 1738 724 .
1775 712 1788 725 .
1825 712 1836 724 .
1862 675 2074 736 dicatur,
2098 678 2308 728 moleste
2343 679 2470 730 serre

390 769 495 805 non
535 758 760 818 possunt,
804 769 897 805 nee
942 756 1264 817 commoveri,
1313 755 1415 804 nisi
1457 756 1796 808 commotione
1838 755 2045 806 fraterni
2091 757 2296 817 doloris,
2334 760 2468 823 quod

392 839 598 886 tantum
621 835 829 899 Regem,
851 849 1002 898 quem
1024 835 1250 900 ipsorum
1278 835 1446 886 ordini
1478 841 1734 900 sceptrum
1755 841 1808 888 et
1830 853 2012 889 corona
2040 839 2384 902 conjunxerat,
2404 843 2469 892 ab

389 918 618 982 ipsorum
649 917 1005 968 communione
1045 917 1251 968 haeresis
1284 921 1338 968 et
1372 918 1593 969 schisma
1626 918 2177 986 disjunxerit—[Bell.
2201 923 2352 987 Apol.
2374 938 2468 989 pro

389 998 563 1064 Resp.]
585 1013 634 1063 p.
650 1001 729 1050 51.
757 996 899 1063 [Op.,
922 1002 1045 1048 tom.
1069 998 1158 1048 vii.
1184 998 1276 1049 eol.
1303 1000 1413 1051 733.
1440 999 1530 1062 Β.]

356 1115 504 1178 Nec
564 1114 935 1178 Sanctorum
993 1116 1439 1178 invocationem
1485 1116 1732 1194 irridet,
1781 1117 1895 1180 sed
1946 1117 2026 1181 ab
2079 1120 2467 1183 invocatione

259 1237 488 1281 eorum
517 1216 839 1280 abstinere
868 1216 1075 1280 tutius
1103 1222 1313 1300 putat,
1347 1216 1512 1280 nulli
1540 1224 1862 1302 praecepto
1900 1219 2072 1296 nixa,
2102 1222 2465 1287 voluntario

257 1319 454 1383 modo
494 1319 675 1382 cultu
716 1317 1101 1383 introducta.
1192 1321 1517 1402 Reliquias
1555 1320 1905 1385 honorifice
1949 1311 2258 1386 asservari
2289 1325 2464 1404 sinit,

258 1422 554 1504 religiose
605 1422 856 1485 adorari
891 1443 1025 1485 non
1066 1422 1237 1485 sinit.
1348 1422 1815 1486 Adorationem
1874 1424 2052 1487 enim
2096 1425 2466 1508 religiosam

260 1524 500 1588 Latriae
530 1524 853 1608 copulari:
899 1545 1033 1588 uno
1062 1545 1251 1588 versu
1279 1531 1624 1608 utramque
1652 1526 1771 1588 coli
1802 1527 1936 1589 Deo
1969 1548 2007 1589 a
2037 1527 2299 1592 Christo
2328 1529 2466 1593 vin-

260 1628 522 1691 dicari⁸.
613 1629 698 1692 In
726 1629 956 1707 Missa,
991 1628 1044 1690 si
1079 1627 1277 1690 missa
1315 1629 1495 1708 fiant,
1528 1650 1673 1711 quae
1717 1650 1867 1693 cum
1900 1629 2470 1694 Transubstantia·

259 1730 440 1794 tione
484 1738 694 1796 vestra
742 1730 835 1794 ibi
884 1729 1203 1794 submissa
1253 1738 1423 1809 sunt,
1465 1731 1637 1795 bono
1682 1732 1736 1794 si
1779 1731 1919 1795 loco
1970 1753 2072 1795 res
2117 1741 2301 1809 esset,
2333 1755 2468 1797 non

258 1832 446 1896 valde
474 1832 556 1897 de
584 1833 847 1897 nomine
875 1834 1179 1916 litigaret.
1252 1835 1632 1916 Purgatorio
1661 1834 1980 1898 nonnulla
2008 1835 2135 1897 alia
2163 1835 2467 1918 dogmata

259 1943 489 2015 vestra,
522 1937 719 2000 etiam
750 1939 1201 2020 Paryatmium
1250 1938 1483 2021 ipsum,
1529 1960 1691 2021 opus
1743 1938 1999 2015 habere,
2047 1960 2179 2002 non
2222 1939 2464 2003 invitus

259 2039 586 2122 agnoseit:
634 2047 826 2120 certe,
852 2040 932 2104 ad
947 2040 1143 2121 fidem
1165 2061 1243 2104 ea
1270 2062 1404 2104 non
1433 2041 1791 2124 pertinere:
1839 2048 1915 2104 ut
1943 2040 2212 2124 probare
2241 2042 2462 2125 possit,

257 2148 334 2205 ut
360 2141 645 2225 probarit
676 2142 931 2207 abunde
961 2142 1052 2206 eis
1081 2143 1277 2207 fidem
1307 2165 1526 2207 suam:
1573 2165 1696 2208 nec
1724 2144 1852 2208 illis
1882 2165 2045 2228 opus
2082 2144 2166 2207 sit
2201 2165 2460 2207 commo-

255 2246 388 2307 veri
431 2246 691 2324 viscera,
736 2245 863 2314 nisi
910 2245 1010 2308 ira
1058 2246 1223 2310 forte
1274 2247 1345 2309 in
1392 2246 1792 2325 Pontificem,
1837 2247 1947 2330 qui
1993 2246 2346 2324 Brevibus;
2392 2245 2462 2309 in

259 2346 692 2426 cardinalem,
725 2348 836 2431 qui
877 2348 1185 2431 Epistolis
1231 2356 1298 2412 et
1336 2349 1690 2432 Apologiis,
1737 2355 1981 2413 avertat
2025 2349 2085 2412 ei
2128 2348 2210 2411 ab
2256 2349 2463 2412 officio

254 2449 568 2533 populum
600 2471 812 2516 suum.
885 2450 1216 2517 Mirentur
1243 2452 1471 2535 magis,
1492 2452 1857 2516 commoveri
1874 2457 2149 2534 paterna
2178 2451 2309 2533 ejus
2338 2452 2461 2514 vis-

255 2573 422 2630 cera,
454 2552 538 2617 ad
568 2554 858 2619 subditos
889 2556 1027 2640 ejus
1056 2576 1095 2618 a
1125 2555 1250 2619 fide
1301 2555 1437 2638 (qui
1466 2562 1603 2619 tam
1634 2575 1786 2619 sane
1818 2555 2044 2637 sapiat)
2085 2552 2460 2618 avocandos.

257 2656 474 2722 Quem
505 2657 665 2722 adeo
704 2658 795 2721 eis
826 2665 1135 2740 sceptrum
1164 2665 1225 2721 et
1264 2680 1493 2722 corona
1530 2660 1872 2742 conjunx-it,
1903 2664 1979 2721 ut
2008 2678 2144 2720 non
2183 2656 2462 2719 debeant

253 2759 486 2823 naeniae
523 2759 665 2824 istae
705 2768 771 2825 et
810 2760 1137 2845 religionis
1175 2769 1394 2826 cortex
1429 2761 1509 2844 (si
1538 2767 1761 2825 tamen
1796 2759 2038 2841 cortex)
2079 2758 2158 2820 ab
2188 2759 2463 2839 ipsorum

254 2865 674 2926 communione
696 2864 1088 2947 disjungerae
1126 2864 1239 2928 sed
1266 2885 1479 2947 neque
1511 2863 1632 2946 disj
1641 2868 1888 2944 ungent
1917 2882 2222 2945 unquam.
2287 2861 2463 2924 Nam

254 2970 322 3027 et
352 2985 503 3028 cum
530 2965 815 3031 Henrico
833 2967 1058 3045 VIII„
1085 2974 1152 3031 et
1175 2988 1320 3031 cum
1354 2967 1487 3030 filia
1514 2966 1653 3050 ejus
1683 2964 2080 3043 Elizabetha,
2113 2972 2178 3027 et
2210 2985 2358 3027 cum
2389 2984 2465 3026 eo

252 3064 366 3148 qui
400 3066 645 3129 Gallias
690 3087 897 3150 nuper
934 3066 1208 3131 feliciter
1250 3067 1435 3147 rexit,
1477 3067 1816 3149 (fremente
1846 3066 1998 3129 licet
2028 3074 2094 3131 et
2124 3066 2463 3130 frendente

250 3167 592 3249 Pontifice)
657 3167 886 3251 reliqui
950 3168 1300 3232 Christiani
1346 3169 1673 3252 Principes
1721 3174 1786 3232 et
1838 3168 2126 3231 inierunt
2184 3167 2463 3231 libenter

251 3268 520 3346 soedera,
552 3276 618 3333 et
647 3270 947 3353 religiose
976 3292 1249 3355 semper,
1281 3279 1780 3355 constanterque
1810 3271 2169 3334 coluerunt.

315 3423 396 3471 Ac
418 3424 478 3470 ut
503 3419 610 3470 Rex
636 3420 895 3484 intelligat
927 3435 1030 3471 non
1057 3435 1163 3472 esse
1187 3435 1376 3471 novum
1409 3421 1467 3470 in
1499 3420 1737 3481 Ecclesia,
1759 3425 1820 3471 ut
1841 3420 2133 3472 Sacerdotes
2160 3420 2322 3470 libera
2342 3433 2462 3468 voce

379 3506 597 3565 arguant
613 3502 775 3565 Reges
790 3502 1069 3563 haereticos,
1086 3502 1368 3553 adscribam
1383 3539 1395 3552 .
1415 3540 1427 3552 .
1446 3540 1460 3553 .
1476 3503 1629 3553 verba
1644 3503 1693 3552 S.
1705 3503 1926 3552 Hilarii.
2012 3502 2076 3552 ad
2091 3503 2463 3552 Constantium.

381 3618 395 3632 .
431 3620 444 3633 .
482 3619 495 3631 .
530 3587 544 3610 ‘
564 3583 826 3646 Tyrannus
858 3598 962 3633 non
988 3584 1325 3634 humanorum
1346 3584 1435 3635 sed
1458 3584 1781 3643 divinorum:
1802 3588 1897 3633 etc.
1933 3619 1948 3633 .
1982 3620 1996 3635 .
2032 3618 2045 3633 .
2080 3584 2148 3632 Et
2172 3581 2458 3632 ‘Scelestis-

378 3665 509 3714 sime
550 3664 875 3726 mortalium,’
918 3670 1012 3715 etc.
1038 3693 1102 3701 —
1126 3664 1273 3730 [Bell.
1311 3665 1461 3730 Apol.
1501 3680 1593 3730 pro
1633 3664 1804 3729 Resp]
1838 3679 1886 3729 p.
1915 3666 1992 3715 51.
2046 3663 2182 3728 [Op.,
2216 3665 2341 3712 tom.
2368 3661 2458 3710 vii.

386 3745 481 3795 col.
505 3746 616 3797 733.
646 3745 703 3795 Β.
722 3745 801 3811 Q]

336 3861 841 3927 Minitabundus
901 3870 1139 3942 autem,
1187 3868 1263 3926 ut
1323 3861 1684 3946 Epistolam
1733 3881 1919 3924 suam
1978 3858 2063 3922 ad
2110 3858 2452 3936 caesarem,

248 3975 450 4051 atque
474 3966 803 4052 Principes
812 3968 852 4045 θ,
876 3968 971 4031 ita
997 3968 1212 4033 locum
1241 3966 1418 4030 hunc
1448 3964 1774 4029 concludit
1801 3964 1929 4040 hic,
1959 3970 2030 4026 ut
2060 3963 2200 4026 Rex
2228 3963 2457 4025 intelli-

239 4077 382 4153 ματ,
420 4072 565 4153 (nec
610 4071 784 4135 solus
823 4072 1090 4155 tamem)
1131 4073 1347 4135 Caesar
1392 4089 1645 4153 quoque
1697 4073 1764 4131 et
1808 4065 2159 4149 Principes,
2197 4067 2304 4148 (ne
2335 4065 2458 4130 hoc

247 4194 472 4236 novum
493 4173 621 4237 illis
646 4182 840 4257 atque
862 4174 1148 4238 insolens
1171 4173 1504 4255 videatur,)
1543 4175 1813 4235 caveant
1853 4168 1993 4247 sibi,
2019 4175 2457 4232 atramentum

247 4278 582 4342 Cardinali
609 4299 744 4342 non
774 4277 1015 4358 deesse,
1046 4299 1167 4343 nee
1197 4277 1305 4357 fel,
1331 4275 1585 4359 quibus,
1617 4295 1766 4372 cum
1795 4293 1954 4356 opus
1984 4273 2090 4352 sit,
2124 4272 2359 4336 scribat
2388 4272 2459 4336 in

425 4498 443 4585 ζ
481 4486 967 4617 {ffitetfigissQaeR
991 4552 1056 4603 ad
1080 4550 1229 4615 Apol.
1253 4566 1344 4615 pro
1368 4549 1513 4614 Resp.
1551 4549 1664 4614 Op„
1687 4554 1810 4601 tom.
1833 4549 1921 4601 vii.
1945 4549 2037 4601 ool.
2055 4548 2165 4604 707.
2183 4548 2270 4613 A.]

2522 1140 2683 1198 Quam

2526 1210 2729 1267 ogmata

2492 1269 2759 1319 Pontifieia

2490 1333 2724 1383 condem·

2490 1397 2623 1461 nat]

2485 3879 2744 3957 [Bellarm.

2482 3960 2540 3995 in
2563 3943 2752 4007 Regem

2540 4010 2552 4023 Ο

2482 4011 2698 4073 mmmm]

2572 4076 2697 4138 128
