3165 4959
699 308 829 370 362
1327 321 1412 369 An
1457 320 1843 369 (nummus
1885 321 2283 369 annm1

699 475 866 556 quod
891 475 1147 558 dieitur)
1186 495 1379 556 quam
1408 495 1512 537 eos
1553 476 1638 538 in.
1658 495 1810 536 aera
1840 472 2047 555 loqui‘¹
2065 501 2086 536 .·
2129 482 2197 537 et
2230 473 2402 557 apud
2430 474 2766 557 populum,
2801 475 2918 558 qui

698 581 990 643 virtutem
1017 580 1186 643 vocis
1213 580 1493 642 nesciunt
1503 588 1547 658 θ,
1580 578 1760 661 quasi
1790 578 2056 641 barbare
2085 579 2520 643 sermocinari.
2614 579 2915 643 Manetis

701 704 882 748 orare
911 683 1242 767 populum,
1267 689 1334 745 et
1363 682 1638 766 psallere
1663 682 1911 762 Spiritu
1940 688 2001 744 et
2030 680 2277 760 mentes,
2298 704 2435 747 non
2464 682 2599 746 solo
2621 683 2916 764 Spiritu.-

700 808 822 850 nec
849 808 998 850 cum
1030 786 1186 869 quid
1214 785 1466 849 dicatur
1493 784 1811 862 nesciant,
1830 784 2034 847 Amen
2061 785 2449 865 respondere.
2541 786 2644 849 De
2677 786 2919 864 Colice,

700 890 995 954 sineretis
1024 910 1250 954 omnes
1293 888 1536 953 bibere.
1627 888 1901 951 Nullam
1943 887 2040 950 rei
2083 888 2280 951 ullius
2306 889 2379 952 in
2409 889 2587 953 coelis
2614 889 2920 952 similitu-

700 995 906 1056 dinem
934 992 1227 1056 coleretis
1261 992 1434 1075 (cum
1462 990 1646 1054 nulla
1672 989 1765 1054 ibi
1796 987 2088 1058 δουλείας
2114 991 2383 1073 mentio)
2417 991 2668 1055 nullam
2698 992 2920 1074 Ange-

700 1101 900 1161 lorum
927 1099 1324 1180 religionemss
1352 1095 1698 1160 haberetis.
1758 1095 2155 1158 Traditiones
2183 1095 2542 1175 hominum,
2573 1117 2709 1160 non
2738 1098 2919 1161 tanti

697 1201 1016 1266 faceretis.
1104 1202 1322 1284 Atque
1372 1200 1512 1263 haec
1570 1198 1808 1278 omnia,
1863 1198 1918 1261 si
1963 1207 2098 1263 tam
2158 1200 2456 1283 religiose
2514 1200 2597 1266 ad
2656 1202 2920 1264 literam

700 1326 952 1388 semper
976 1346 987 1355 -
1009 1304 1337 1387 saperetis.
1444 1302 1634 1377 Tum,
1694 1300 2062 1365 addendum
2133 1302 2462 1366 Cardinali
2520 1303 2771 1387 aliquid
2828 1305 2920 1369 ad

701 1409 1171 1491 Reeoqnitiones
1213 1426 1358 1469 suas
1392 1425 1690 1488 nuperas.
1779 1405 1934 1467 Non
1964 1405 2139 1469 enim
2167 1406 2249 1469 B.
2285 1407 2530 1489 Viryini
2557 1408 2758 1469 matri
2785 1428 2919 1470 Μ

698 1533 1035 1595 resurgens
1084 1510 1382 1575 Christus
1432 1508 1642 1592 primo
1693 1506 2027 1590 apparuit3
2094 1508 2272 1571 Dicit
2329 1508 2505 1572 enim
2555 1510 2917 1593 Scripturae

697 1617 904 1694 litera,
941 1615 1153 1695 primo
1203 1613 1438 1675 Maria·
1488 1611 1887 1693 Maqdalenoe
1931 1608 2354 1692 apparuisseh.
2443 1612 2588 1675 Nec
2635 1612 2915 1677 Petrum

696 1717 789 1781 ita
818 1718 1061 1781 diceret
1095 1714 1354 1780 Christo
1391 1734 1525 1797 prae
1561 1714 1863 1778 omnibus
1891 1714 2222 1792 dilectum,
2260 1715 2368 1796 (ne
2413 1714 2605 1778 Petro
2634 1713 2917 1798 ingrati-

696 1819 944 1882 tudinis
975 1818 1144 1882 actio
1173 1817 1361 1880 detur
1399 1817 1471 1880 in
1502 1816 1882 1897 Christum,)
1920 1816 2077 1880 dicit
2120 1816 2296 1880 enim
2338 1818 2544 1895 litera,
2578 1817 2620 1879 J
2623 1838 2916 1882 oannem

694 1922 880 1984 illum
946 1918 1503 2002 (antonomastice)
1569 1940 1747 2001 quem
1812 1918 2114 2002 diliyebat
2171 1920 2356 1982 Jesus
2379 1917 2413 1997 ¹,
2466 1940 2703 2003 nempe
2767 1919 2916 1984 κατ’

695 2019 951 2108 ἐξοχὴν,
981 2034 1235 2104 praeter,
1265 2042 1588 2104 supraque
1632 2030 1916 2085 caeteros.
2010 2023 2348 2086 Postremo
2384 2022 2453 2084 in
2484 2022 2606 2085 hac
2645 2023 2789 2106 ipsa
2827 2024 2917 2089 de

697 2125 924 2189 Enoch
964 2132 1031 2188 et
1061 2124 1207 2187 Elia
1235 2124 1611 2206 quaestione‚
1644 2125 1991 2189 ambulasse
2020 2125 2258 2189 dicitur
2287 2126 2507 2197 Enoch
2537 2146 2674 2188 eum
2701 2127 2843 2190 Deo
2862 2126 2917 2206 ¹⁵,

695 2228 976 2292 etiamne
1001 2226 1079 2290 de
1109 2226 1395 2310 pedestri
1423 2227 1494 2290 id
1523 2227 1894 2291 ambulacro
1922 2228 2246 2311 intelliget
2276 2228 2660 2306 cardinalis,
2691 2230 2917 2293 Deum

696 2338 889 2413 atque
919 2329 1167 2408 Enoch,
1200 2328 1395 2393 simul
1438 2330 1677 2394 alicubi
1723 2331 2079 2414 spatiatos?
2140 2331 2360 2394 Etiam
2401 2352 2545 2394 vero
2583 2332 2652 2394 in
2691 2334 2918 2396 eoelnm

696 2434 1048 2497 ascendisse
1064 2431 1100 2513 ¹,
1137 2433 1207 2497 in
1254 2434 1440 2497 litera
1485 2440 1603 2497 est.
1693 2433 1779 2498 In
1827 2434 2149 2499 coelumne
2165 2435 2195 2497 Ρ
2243 2441 2438 2518 atque
2483 2434 2566 2498 ad
2607 2435 2864 2499 literam
2881 2438 2916 2500 ?

700 2539 855 2602 Non
893 2559 1047 2621 ergo
1089 2537 1162 2600 in
1205 2538 1478 2600 Hortum
1520 2538 1716 2613 hunc,
1749 2537 1858 2602 hic
1901 2545 2095 2621 atque
2139 2538 2209 2601 in
2253 2544 2429 2601 terra
2472 2538 2668 2602 situm
2711 2547 2917 2623 atque

698 2641 1041 2705 consitum.
1141 2641 1504 2704 Universum
1542 2646 1779 2702 terram
1827 2642 2008 2722 aquis
2048 2641 2464 2722 adopertamm
2493 2641 2690 2704 fuisse
2739 2641 2917 2724 (uni-

697 2766 949 2808 versam
1007 2743 1300 2824 terram),
1349 2763 1562 2826 neque
1620 2742 1712 2806 ibi
1772 2742 1855 2805 ad
1913 2744 2163 2806 literam
2223 2743 2566 2826 quicquam
2624 2743 2912 2822 additur,

699 2848 778 2912 de
808 2847 1104 2931 portione
1132 2854 1322 2911 terrae
1347 2848 1563 2930 (quam
1595 2846 1880 2910 colerent
1909 2847 2354 2929 peccatores¹¹‚)
2390 2869 2636 2925 mersa;
2689 2850 2914 2932 (quam

698 2952 984 3015 colerent
1071 2950 1293 3013 Sancti
1367 2948 1519 3030 duo)
1602 2949 1723 3013 sub
1795 2948 2042 3014 fornice
2116 2972 2448 3032 aquarum,
2509 2951 2712 3014 illaesa
2742 2976 2759 3015 ε
2835 2961 2916 3015 ut

699 3075 959 3117 casurus
1010 3052 1116 3116 hic
1161 3073 1353 3116 causa
1397 3051 1501 3129 sit,
1535 3051 1590 3114 si
1638 3059 1768 3115 stet
1803 3053 2019 3115 literoe.
2109 3054 2201 3117 At
2244 3053 2313 3115 in
2356 3052 2522 3117 libro
2565 3052 2688 3118 hoc
2732 3056 2915 3137 Apo-

700 3154 991 3239 calypsis,
1032 3154 1185 3236 (ubi,
1218 3158 1365 3237 quot
1393 3154 1600 3232 verba,
1634 3160 1726 3217 tot
1769 3156 2069 3236 mysteria
2082 3155 2132 3236 ⁰)
2168 3155 2238 3218 in
2275 3158 2442 3238 (quae
2471 3155 2531 3219 ei
2559 3157 2918 3239 respondet

700 3259 769 3320 in
841 3257 1042 3321 veteri
1109 3255 1548 3336 Testamento)
1623 3256 1917 3321 Danielis
1990 3258 2327 3341 prophetia
2397 3258 2689 3343 mystica,
2773 3261 2918 3342 (aut

702 3361 886 3443 siqua
932 3360 1158 3423 similis
1217 3367 1315 3423 est
1374 3359 1780 3442 aenigmatica
1849 3361 2181 3444 Scriptura
2200 3361 2241 3442 ε)
2304 3360 2376 3423 in
2433 3362 2536 3425 his
2591 3361 2911 3445 (inquam)

702 3467 952 3528 literam
1003 3485 1309 3548 premere,
1356 3464 1550 3527 literoe
1599 3462 2048 3542 adhaerescere,
2101 3485 2215 3547 per
2273 3464 2714 3528 Hebdomadas
2772 3467 2917 3528 Da-

705 3571 943 3649 nielis-¹²,
975 3589 1156 3632 veras
1197 3566 1639 3630 Hebdomadas
1676 3568 1948 3650 (septem
1991 3566 2185 3629 modo
2217 3566 2443 3630 diebus
2487 3570 2918 3649 constantes),

705 3694 821 3757 per
863 3673 1145 3735 Arietem
1187 3672 1326 3755 ejus
1368 3676 1435 3733 et
1465 3669 1792 3747 Hircumq,
1831 3671 2127 3752 (cornuta
2172 3669 2251 3733 de
2295 3671 2510 3752 Grege
2554 3670 2918 3753 animalia),

705 3798 819 3861 per
855 3777 1054 3839 Rotas
1083 3774 1451 3851 Ezekielw,
1483 3771 1869 3855 plaustrales
1912 3779 2087 3836 rotas
2130 3793 2331 3850 veras,
2367 3793 2445 3835 ex
2491 3772 2669 3854 ligno
2707 3772 2920 3839 ferro-

768 3981 790 4012 ¹¹
859 3982 884 4028 1
914 3980 1024 4029 Cor.
1050 3979 1150 4026 xiv.
1177 3977 1253 4040 9.]
1915 3983 1940 4005 ¹²
1972 3972 2131 4038 [Vide
2166 3973 2291 4022 Bell.
2320 3973 2384 4023 de
2414 3973 2551 4023 Grst.
2577 3974 2728 4038 prim.
2754 3976 2918 4028 Hom.

770 4055 790 4078 ι·
850 4043 977 4093 Ibid.
1001 4057 1101 4092 ver.
1127 4041 1226 4098 11.]
1855 4054 1961 4101 cap.
1981 4039 2083 4087 xiv.
2120 4038 2231 4100 Op„
2265 4042 2387 4087 tom.
2412 4039 2478 4088 iv.
2514 4053 2562 4100 p.
2591 4042 2665 4088 13.
2692 4039 2780 4104 0.]

768 4110 782 4140 ¹
853 4108 980 4157 [bid.
1004 4121 1104 4156 ver.
1132 4102 1229 4169 15.]
1915 4113 1938 4135 ⁰
1969 4103 2044 4167 [S.
2075 4101 2282 4152 Hieron.
2327 4102 2419 4165 Ep.
2463 4103 2557 4152 liii.
2602 4103 2670 4152 ad
2713 4103 2921 4160 Paulin.

769 4184 792 4216 π
849 4173 954 4223 Col.
976 4171 1030 4221 il.
1061 4169 1155 4234 18.]
1850 4167 1980 4217 Soet.
2004 4169 2049 4217 8.
2085 4166 2198 4229 Op..
2233 4170 2355 4216 tom.
2381 4167 2416 4215 i.
2441 4166 2534 4217 col.
2559 4168 2674 4218 278.
2699 4168 2767 4220 D.
2803 4172 2923 4222 vide

769 4238 791 4270 ¹¹
884 4252 979 4287 arc.
1004 4236 1107 4284 xvh
1131 4238 1175 4283 9.
1344 4281 1358 4292 ‚
1851 4246 2016 4295 supra,
2039 4244 2088 4293 p.
2113 4233 2223 4279 214.
2257 4236 2362 4280 not.
2384 4232 2450 4292 “.]

771 4303 782 4334 ¹
826 4303 859 4351 J
862 4317 971 4351 oan.
997 4301 1109 4349 xiii.
1134 4300 1213 4349 23.
1918 4305 1939 4335 Ρ
1996 4297 2121 4345 Dan.
2146 4295 2217 4344 ix.
2242 4297 2320 4343 24.
2345 4295 2441 4359 sq.]

769 4367 791 4399 Β
827 4367 951 4415 Gen.
966 4380 1011 4412 v.
1037 4365 1115 4413 24.
1853 4385 1857 4396 -
1917 4371 1939 4400 ‘¹
1999 4361 2126 4409 Dan.
2148 4360 2257 4408 viii.
2281 4362 2329 4421 4,
2352 4359 2419 4424 5.]

765 4431 775 4461 ¹
822 4436 852 4479 2
871 4430 951 4493 [al.
977 4429 1171 4505 ⁴qsseg.
1195 4429 1248 4476 ii.
1277 4430 1353 4475 11.
1920 4435 1938 4458 ¹
1996 4423 2143 4475 Bzek.
2167 4423 2201 4474 i.
2229 4423 2324 4488 15.]

762 4505 799 4524 ⁴¹¹
825 4495 949 4543 Gen.
974 4508 1061 4541 vu.
1093 4495 1165 4541 19.
