3165 4959
967 373 1338 424 stomoma
1380 373 1743 425 Rnsronsm.
2345 364 2471 430 179

314 527 421 578 Sed
444 528 646 592 qualem
676 529 908 579 animum
933 543 1055 593 erga
1075 529 1237 594 Reges
1269 565 1284 580 .
1320 566 1333 580 .
1366 563 1381 578 .
1418 529 1759 579 Bellarminus
1779 532 1938 592 gerat,
1960 529 2041 580 illi
2074 544 2251 581 omnes
2281 533 2469 596 sciunt,

379 612 472 674 qui
496 611 687 660 librum
710 611 818 675 ejus
839 611 903 662 de
925 612 1069 662 laicis
1092 648 1105 662 .
1140 648 1153 662 .
1189 649 1202 662 .
1238 611 1485 675 legerunt.
1554 611 1636 661 Ibi
1659 612 1797 661 enim
1819 611 2058 663 adversus
2081 613 2463 678 Anabaptistas,

380 693 608 756 aliosque
651 693 918 744 haereticos
960 692 1313 758 Principatum
1357 694 1625 757 politicum
1670 694 1914 756 defendit,
1962 699 2116 759 atque
2161 698 2363 746 ornavit
2398 712 2466 747 ex

378 774 575 825 divinis
605 776 787 835 literis,
825 791 889 826 ex
932 777 1241 826 testimoniis
1278 776 1504 838 Parum,
1544 792 1609 827 ex
1654 776 1878 827 fontibus
1917 777 2260 844 Philosophioe
2295 780 2465 831 ductis

377 859 562 908 multis
590 873 650 909 ac
671 859 806 909 varis
836 857 1357 923 rationibus-[Bell.
1382 859 1534 924 Apol.
1558 873 1651 924 pro
1673 859 1845 924 Resp]
1879 875 1927 925 p.
1952 861 2035 914 67.
2070 861 2204 927 [Op.‚
2229 866 2352 912 tom.
2369 863 2461 920 yii.

379 942 478 991 col.
499 942 610 994 736.
636 941 693 992 Β.
715 941 798 1006 0.]

334 1059 512 1137 Post,
538 1057 618 1123 de
648 1060 855 1121 animo
878 1079 995 1121 suo
1016 1057 1087 1120 in
1109 1058 1312 1139 Reyes
1338 1057 1585 1141 prolixe
1614 1060 1974 1142 profitetur,
2001 1082 2081 1124 eoe
2103 1062 2261 1126 libro
2286 1083 2460 1144 quem
2487 1068 2684 1134 [Qualis
2712 1071 2770 1120 in

241 1162 506 1243 scripsit
527 1161 603 1225 de
624 1163 825 1225 laicis.
889 1162 973 1225 In
1004 1181 1081 1225 eo
1103 1161 1335 1225 mteroe
1364 1162 1609 1240 divim,
1629 1168 1775 1224 sunt
1800 1163 2069 1225 Patrum
2086 1166 2459 1243 testimonia,
2486 1134 2765 1248 ffintim-

243 1266 475 1343 multae,
505 1266 698 1328 vcrioe
734 1264 1032 1342 ratione&
1064 1264 1264 1328 ductoe
1293 1285 1373 1327 εκ*
1400 1262 1689 1346 sontibus
1718 1266 2159 1346 Philosophiae.
2252 1268 2466 1333 Quor·
2487 1263 2723 1326 animum]

244 1389 394 1431 sum
447 1376 666 1432 autem
683 1368 713 1430 ’Β
805 1368 902 1433 Ut
953 1367 1253 1449 defendat
1298 1369 1634 1450 politicum
1671 1369 2122 1449 principatum,
2167 1371 2466 1435 adversus

245 1471 723 1552 Anabaptistas.
805 1474 898 1535 At
919 1471 1379 1553 Anabaptistas
1408 1471 1575 1535 solos
1604 1471 1822 1535 hostes
1853 1492 1991 1535 nou
2019 1471 2252 1550 habet3
2299 1481 2367 1536 at
2396 1482 2463 1538 et

244 1574 502 1655 defendi
552 1595 710 1659 opus
755 1574 970 1653 habet,
1020 1575 1319 1638 adversus
1365 1576 1690 1656 Papi-stas.
1802 1575 1975 1641 Quid
2023 1575 2197 1639 enim
2251 1578 2461 1659 Reges

237 1678 505 1761 juverit,
535 1686 614 1742 ιιι
660 1700 700 1741 a
749 1678 1044 1763 populari
1093 1686 1260 1743 aestu
1305 1678 1739 1758 vindicentur,
1786 1677 1839 1741 si
1884 1679 2223 1744 Pontificio
2263 1680 2464 1744 fastui

245 1782 748 1865 mancipentur?
793 1789 870 1846 ut
899 1803 1126 1865 vespas
1155 1782 1393 1865 abigat,
1427 1782 1482 1845 si
1513 1782 1921 1866 cynomyiam
1951 1782 2309 1847 immittat?
2365 1785 2462 1847 Ut

245 1884 319 1947 in
351 1885 512 1947 libro
545 1884 621 1948 de
650 1883 866 1948 laicis‘
906 1888 1145 1949 eximat
1174 1907 1215 1949 a
1242 1886 1531 1950 tumultu
1562 1885 1928 1966 Laicorum,
1961 1887 2036 1966 si,
2068 1889 2136 1950 in
2177 1888 2355 1951 libris
2385 1889 2462 1951 de

252 1987 535 2066 Clerici-³,
559 1987 640 2050 ad
669 1987 865 2071 pedes
889 1988 1280 2052 Pontificum
1311 1988 1781 2053 conculcandos
1811 1988 2153 2072 abjiciatss?
2213 1990 2462 2054 Adver-

246 2112 354 2152 sus
377 2096 596 2154 autem
618 2090 759 2169 hos,
781 2091 1018 2155 Literae
1045 2092 1276 2156 divinae
1304 2099 1507 2156 mutae
1537 2100 1692 2156 sunt
1721 2092 1852 2155 illi:
1901 2094 2129 2158 Patres
2160 2094 2460 2158 nesciunt

245 2192 604 2275 deponere:
669 2193 1099 2278 Philosophiae
1144 2194 1357 2258 fontes
1406 2203 1797 2260 exaruerunt
1847 2196 2126 2279 penitus.
2217 2198 2459 2261 Defen-

245 2297 499 2361 soribus
549 2297 695 2361 istis
748 2299 959 2381 Reges
1005 2320 1140 2363 non
1184 2306 1401 2381 egent.
1494 2300 1884 2383 Quanquam
1915 2300 2252 2383 Papismus
2282 2301 2459 2364 Ana-

244 2400 643 2484 baptismum
696 2401 893 2464 etiam
946 2403 1112 2488 sapit
1129 2426 1148 2479 3
1226 2401 1382 2467 dum
1432 2401 1791 2467 revocando
1851 2402 2068 2466 omnia
2124 2403 2208 2467 ad
2265 2403 2460 2467 unius

246 2503 686 2568 Ecclesiastici
730 2504 1088 2585 arbitrium,
1139 2492 1271 2570 vim
1311 2527 1571 2571 omnem
1621 2506 1805 2569 elidit
1836 2505 2092 2570 Politici
2120 2507 2462 2589 magistra-

245 2614 393 2685 tus3
458 2606 616 2670 dum
658 2628 793 2672 non
844 2607 1032 2672 aliter
1083 2609 1357 2673 animari
1404 2610 1546 2673 vult
1594 2614 1788 2691 atque
1834 2608 1971 2690 regi
2024 2610 2327 2691 Regnum
2379 2609 2460 2673 ab

246 2711 560 2791 Ecclesia,
592 2733 786 2795 quam
818 2733 1074 2777 carnem
1105 2735 1144 2777 a
1173 2713 1405 2797 spiritu
1419 2711 1469 2777 ¹².

312 2865 521 2916 Transit
553 2902 566 2915 .
601 2901 614 2914 .
651 2902 664 2916 .
697 2901 712 2916 .
748 2866 858 2917 Rex
857 2901 1070 2928 .....
1106 2867 1240 2917 nihil
1262 2866 1510 2927 laborans,
1538 2866 1584 2915 si
1614 2865 1737 2914 libri
1781 2864 1861 2914 sui
1896 2868 2065 2929 partes
2099 2865 2234 2915 inter
2261 2879 2315 2915 se
2343 2869 2462 2929 apto

384 2947 687 3008 cohaereant,
725 2963 791 2998 an
825 2962 945 3009 non,
983 2947 1047 2999 ad
1076 2949 1211 2999 bona
1253 2947 1555 3012 temporalia
1599 2946 1937 2998 Eoelesiamm
1977 2951 2029 2996 et
2066 2946 2393 3007 clericorum,
2428 2962 2461 2997 a

379 3031 565 3094 quibus
587 3031 819 3095 occupari
842 3031 971 3081 dicit
990 3033 1199 3082 tertiam
1221 3035 1418 3096 partem
1452 3032 1549 3082 soli
1578 3035 1632 3083 et
1663 3030 1948 3082 fundorum.
1957 3029 2169 3096 -[Ben.
2192 3030 2343 3096 Apol.
2367 3046 2460 3096 pro

376 3111 550 3177 Resp.]
572 3127 621 3177 p.
636 3114 716 3167 57.
739 3113 876 3178 [Op.,
896 3117 1019 3165 tom.
1039 3115 1129 3164 vii.
1152 3114 1246 3164 col.
1266 3115 1296 3167 7
1301 3117 1381 3166 36.
1404 3113 1482 3179 C.]

333 3228 505 3310 Apte
530 3249 681 3293 vero
711 3228 1016 3292 colzoerent
1044 3227 1174 3308 illa,
1206 3228 1399 3313 idque
1427 3230 1539 3310 ita,
1570 3238 1649 3295 ιιι
1677 3252 1810 3296 non
1842 3232 2091 3315 possint
2122 3231 2351 3316 aptius,
2380 3229 2459 3294 de
2484 3239 2616 3306 [Rex
2630 3242 2770 3306 juste

244 3334 436 3395 tertio
466 3354 703 3416 quoque
730 3333 995 3413 subdito,
1029 3334 1107 3397 de
1137 3335 1326 3398 tertia
1353 3341 1547 3415 parte
1585 3337 1704 3399 soli
1743 3343 1805 3399 et
1827 3335 2178 3418 fundmmm
2198 3360 2220 3397 .·
2268 3341 2461 3419 atque
2486 3311 2791 3421 Ξὲῗξξζὶῗζι

244 3444 322 3500 ιιι
371 3437 466 3500 ita
515 3437 909 3517 colam-erent,
960 3436 1144 3501 labor
1191 3437 1388 3521 Regis
1447 3439 1627 3503 utilis
1672 3440 1817 3518 fuit,
1871 3441 2056 3505 labor
2102 3439 2461 3504 Cardinalis
2484 3435 2797 3513 clericorum

243 3539 492 3619 irritus,
515 3548 593 3603 ut
614 3539 911 3619 divellat3
956 3540 1084 3624 qui,
1112 3540 1267 3604 dum
1299 3542 1661 3605 convicium
1691 3541 1885 3606 modo
1906 3543 2073 3625 Regi
2104 3542 2293 3616 dicat,
2314 3548 2464 3624 apte
2487 3514 2748 3628 mm-

243 3641 333 3720 id,
355 3662 443 3705 an
470 3642 710 3726 inepte,
739 3642 956 3723 faciat,
979 3664 1209 3727 parum
1238 3643 1494 3708 videtur
1522 3643 1836 3708 laborare.
1884 3643 2052 3726 Regi
2080 3642 2360 3725 quidem,
2392 3643 2464 3705 in

243 3745 586 3829 praecipuis
631 3745 899 3810 laudum
951 3768 1236 3826 suarum,
1282 3746 1389 3811 via
1440 3767 1514 3810 ac
1563 3745 1731 3809 ratio
1784 3745 2109 3810 scribendi
2161 3744 2460 3810 dilucida.

243 3849 408 3912 Tam
454 3869 759 3913 connexae
807 3856 1028 3914 autem
1073 3850 1248 3915 inter
1282 3871 1371 3929 se,
1404 3856 1471 3914 et
1502 3856 1670 3934 aptae
1702 3848 1849 3912 libri
1880 3856 2123 3931 partes,
2153 3849 2250 3916 ita
2287 3856 2464 3914 recte

244 3951 524 4034 singula,
556 3958 748 4035 atque
787 3973 865 4016 ex
909 3951 1135 4017 ordine
1176 3952 1462 4036 digessit,
1496 3960 1562 4017 et
1608 3973 1725 4016 suo
1773 3973 2094 4036 quamque
2138 3952 2278 4016 loco
2323 3974 2461 4015 rem

245 4054 604 4133 collocavit,
635 4062 712 4118 ιιι
757 4076 878 4121 nec
917 4055 1125 4139 iniqui
1160 4057 1261 4139 (ea
1309 4055 1567 4139 quidem
1615 4056 1695 4119 de
1734 4056 1829 4138 re)
1881 4054 2140 4120 lectoris
2192 4075 2461 4118 examen

242 4157 643 4222 reformidet.
705 4158 836 4223 vix
864 4159 1163 4243 reperias,
1197 4160 1307 4243 qui
1338 4160 1542 4242 magis
1569 4158 1837 4238 laboret,
1869 4179 1953 4223 ne
1982 4157 2231 4223 laboret
2259 4160 2464 4221 lector

244 4284 324 4328 ex
354 4263 735 4347 perturbato
763 4264 900 4329 ullo
929 4264 1214 4348 partium
1245 4285 1507 4328 suarum
1538 4263 1783 4328 ordine.

309 4470 329 4504 ¹
358 4470 511 4537 [Bell.
536 4470 648 4521 Lib.
669 4469 735 4520 de
753 4469 936 4533 laicis,
958 4485 1102 4536 capp.
1121 4470 1191 4520 ix.
1216 4483 1319 4535 seq.
1407 4473 1453 4531 6,
1478 4469 1525 4527 ⁷,
1548 4472 1602 4520 et
1627 4471 1671 4520 8.
1705 4468 1817 4532 Op„
1840 4471 1963 4518 tom.
1989 4469 2023 4518 i.
2048 4482 2131 4533 pp.
2155 4466 2459 4532 234-237.]

244 4537 359 4602 Op„
382 4542 507 4586 tom.
535 4536 591 4585 ii.
616 4552 666 4600 p.
686 4536 796 4587 379.
1320 4582 1323 4587 ,
1471 4533 1495 4566 ¹¹
1528 4534 1694 4600 [Cous.
1717 4535 1766 4584 S.
1784 4533 1933 4598 Greg.
1950 4534 1998 4585 N
2003 4549 2074 4586 az.
2098 4549 2263 4599 supra,
2285 4535 2462 4599 12:117.

312 4610 338 4643 1
371 4600 522 4666 [Bell.
547 4600 613 4652 de
638 4600 782 4651 Rom.
851 4602 957 4651 ont.
981 4599 1069 4653 lib.
1095 4616 1141 4651 v.
1175 4615 1317 4666 capp.
1408 4604 1513 4653 not.
1536 4599 1596 4664 ¹’.]

1811 4697 1856 4745 N
1900 4684 1943 4745 2
