3165 4959
344 1156 558 1218 [Utrum

342 1221 591 1284 templum

668 314 797 378 312
1294 330 1379 377 AD
1423 329 1808 377 CARDINALls
1850 329 2248 380 BELLARMJNI

670 482 979 561 sentiunt,
1043 505 1162 548 nec
1220 504 1492 547 numero
1550 485 1883 574 pauciores
1957 486 2087 564 alii,
2148 494 2218 550 et
2273 507 2424 550 vero
2492 488 2889 553 auctoritate

671 587 1048 669 superiores,

737 722 881 773 Unus
902 727 980 773 est
1016 723 1354 780 OEcumenius,
1386 725 1475 786 qui
1499 724 1635 773 hunc
1673 726 1841 774 locum
1864 739 2120 788 exponens
2142 729 2298 787 negat
2320 725 2698 776 Antichristum
2721 743 2885 778 sessu-

797 820 911 854 rum
947 806 1006 854 in
1044 806 1395 864 Hierusalem;
1445 806 1533 856 sed
1569 806 1774 855 videtur
1806 808 1944 856 locus
1977 806 2281 870 depravatus
2312 809 2584 858 omissione
2614 810 2883 873 particulae

797 892 1067 939 wantum!
1128 887 1231 937 Hic
1265 889 1402 938 enim
1442 893 1618 938 auctor
1654 893 1897 952 perpetuo
1928 890 2071 951 sequi
2109 889 2239 938 solet
2277 889 2705 953 Chrysostomum.
2775 891 2882 941 Sed

795 987 956 1034 neque
978 973 1111 1021 tanti
1133 971 1391 1021 faciendus
1413 976 1507 1029 est,
1530 986 1646 1020 cum
1673 973 1741 1020 sit
1772 974 1949 1021 auctor
1978 972 2384 1036 recena-[Bell.
2413 974 2564 1037 Apol.
2588 989 2679 1037 pro
2702 973 2880 1038 Resp]

796 1067 845 1115 p.
864 1055 973 1102 131.
1001 1052 1134 1117 [Op.,
1157 1057 1281 1102 tom.
1303 1053 1392 1103 vii.
1416 1053 1511 1102 col.
1535 1053 1645 1104 778.
1665 1052 1728 1100 A.
1754 1051 1835 1115 Β.]

753 1153 898 1216 Nec
940 1160 1096 1231 erat,
1126 1161 1203 1217 ut
1244 1153 1359 1216 uni
1402 1152 1790 1216 medicinam
1833 1152 1925 1216 ibi
1953 1152 2214 1231 faceret,
2250 1153 2433 1236 quasi
2466 1174 2636 1217 unus
2680 1153 2881 1218 modo

345 1238 622 1350 Hiefosoh]
667 1262 848 1318 extra
900 1256 1382 1339 Hierosolymas
1432 1255 1907 1319 Antichristum
1956 1261 2292 1338 quaereret.
2385 1255 2600 1322 Quam
2651 1264 2878 1320 tamen

424 1473 554 1537 226

665 1357 761 1421 illi
807 1360 1189 1424 medicinam
1235 1360 1437 1424 facit?
1517 1359 1922 1437 OEcumenio‚
1971 1359 2081 1442 qui
2127 1358 2361 1423 diserte
2405 1366 2601 1441 negat
2643 1361 2880 1424 Hiero-

665 1464 921 1545 solymis
967 1475 1349 1543 sessurumm,
1402 1465 1611 1548 (cujus
1654 1484 1731 1527 ex
1782 1464 1931 1546 jure
1985 1462 2172 1546 proin
2229 1464 2436 1546 major
2492 1462 2684 1526 debet
2734 1484 2883 1527 esse

667 1568 1037 1651 auctoritas)
1096 1576 1432 1651 peccatum
1484 1566 1834 1630 omissionis
1883 1565 2207 1648 impingit,
2270 1565 2535 1629 adhibet
2593 1567 2881 1630 Iudicem

667 1671 1230 1754 Expurgatorium,
1291 1677 1604 1754 tanquam
1651 1670 1991 1750 depravato
2043 1668 2232 1752 jubet
2280 1667 2560 1751 suppleri
2608 1675 2875 1732 tantum.

666 1773 813 1837 Non
863 1775 1358 1856 Hierosolymis:
1405 1774 1569 1856 Leye
1621 1793 1745 1835 non
1788 1777 2031 1835 tantum
2075 1772 2551 1854 Hierosolymis.
2643 1772 2881 1836 Facilis

664 1898 812 1941 vero
863 1877 1165 1941 medendi
1218 1877 1401 1940 ratio.
1491 1876 1653 1939 Post
1702 1896 1853 1939 vero
1904 1875 2100 1938 etiam
2153 1882 2229 1938 ut
2284 1880 2594 1938 recentem
2641 1875 2873 1939 elevat.

670 1980 990 2043 Rei-entem
1037 1979 1303 2043 autem?
1373 1979 1506 2043 Ubi
1553 1999 1708 2060 ergo
1747 1979 1908 2061 jam,
1958 1999 2153 2061 quam
2196 1976 2382 2041 nobis
2428 1978 2622 2041 toties
2665 1978 2876 2040 incul-

661 2083 847 2160 cavit,
908 2082 1132 2166 regula
1146 2083 1176 2144 ¹?
1257 2082 1377 2154 Qui
1437 2087 1582 2143 ante
1642 2101 1838 2143 annos
1890 2081 2158 2162 amplius
2212 2085 2536 2143 sexcentos
2593 2082 2874 2161 scripsit,

660 2186 872 2248 videat
896 2206 979 2247 an
1006 2191 1175 2249 recte
1202 2205 1417 2248 recens
1447 2185 1855 2265 appelleturn.

750 2287 927 2354 Quid
962 2310 1114 2371 ergo
1146 2287 1694 2372 Chrysostomus?
1746 2308 1935 2370 quem
1969 2287 2059 2350 sic
2096 2288 2195 2369 (ut
2224 2287 2340 2369 ait)
2364 2293 2668 2368 perpetuo
2696 2289 2875 2368 sequi

661 2393 818 2454 solet
875 2391 1288 2454 OE'cumenius.
1378 2390 1596 2453 Etiam
1656 2389 1828 2452 idem
1878 2389 1977 2451 illi
2037 2409 2289 2472 quoque
2346 2390 2872 2472 supplementum

663 2495 1100 2561 adhibendum
1140 2496 1475 2577 particulae
1528 2499 1548 2528 ‘
1578 2495 1865 2556 tantum?
1955 2494 2100 2557 Nec
2147 2494 2322 2557 enim
2370 2494 2873 2578 Chrysostomus

661 2600 850 2663 aliter
883 2600 1187 2682 loquitur,
1221 2598 1456 2661 Latine
1492 2597 1753 2680 quidem
1795 2596 2015 2661 aliter:
2063 2595 2176 2661 ubi
2216 2596 2532 2678 (Tantum)
2573 2596 2873 2680 apposuit

661 2704 1001 2787 interpreS,
1022 2710 1088 2766 at
1109 2704 1354 2779 Graece,
1375 2698 1464 2769 εἰς
1484 2697 1653 2778 ναὸν,
1678 2695 1751 2762 οὐ
1773 2695 1886 2762 τὸν
1909 2697 1976 2762 ἐν
1994 2696 2488 2783 Ἱεροσολύμοις,
2508 2701 2577 2761 in
2603 2700 2870 2781 Temple,

662 2828 784 2868 non
814 2807 980 2889 quod
1006 2805 1510 2886 Hierosolymis0.
1610 2801 1808 2865 Haud
1847 2801 2035 2866 aliter
2062 2809 2247 2866 vetus
2277 2803 2527 2866 Auctor
2556 2793 2871 2886 Chrysos-

660 2919 898 2988 tomus,
933 2931 1125 2993 quam
1154 2930 1378 2972 recens
1400 2906 1837 2970 OEcumenius.
1901 2906 2078 2971 Quid
2101 2905 2662 2989 Theophylactus?
2723 2905 2872 2967 Non

662 3015 729 3074 in
773 3014 1036 3093 Temple,
1077 3014 1165 3093 (et
1206 3012 1314 3074 hic
1358 3010 1538 3074 abest
1581 3009 1922 3092 ‘tantum‚’)
1962 3030 2084 3071 non
2129 3011 2196 3072 in
2233 3010 2479 3090 Templo
2515 3009 2875 3091 specialiter

663 3115 832 3196 quod
876 3120 968 3176 est
1014 3114 1488 3195 Hierosolymis,
1534 3113 1650 3174 sed
1690 3112 1759 3174 in
1807 3112 2114 3175 Ecclesiis
2162 3113 2552 3192 simpliciter,
2601 3118 2661 3175 et
2707 3113 2873 3173 omni

662 3219 870 3281 divino
919 3219 1164 3298 Templo
1183 3226 1229 3280 Ρ.
1320 3215 1762 3280 Theodoretus
1817 3223 2055 3291 autem,
2116 3216 2238 3278 Dei
2299 3221 2505 3278 autem
2557 3215 2872 3296 Templum

662 3322 1000 3403 appellavit
1059 3321 1400 3397 Ecclesiae,
1475 3320 1718 3400 (caveat
1792 3327 2008 3382 autem
2070 3319 2177 3383 hic
2238 3320 2573 3382 Romanus
2631 3320 2867 3399 vester)

659 3426 729 3487 in
759 3424 977 3506 quibus
1004 3425 1280 3505 primam
1318 3422 1524 3484 sedem
1558 3422 1825 3503 arripiet
1843 3434 1892 3484 q.
1988 3422 2425 3506 Hieronymus
2471 3428 2692 3505 aperte
2731 3442 2875 3484 rem

661 3527 846 3612 gerit,
880 3533 956 3589 ut
1000 3527 1159 3589 scias
1190 3545 1332 3609 quae
1371 3525 1545 3587 illius
1586 3524 1693 3587 hic
1739 3525 2080 3590 sententia.
2192 3525 2272 3588 In
2309 3526 2555 3606 Templo
2594 3525 2741 3602 Dei,
2773 3527 2877 3589 vel

662 3632 1131 3712 Hierosolymis,
1163 3635 1232 3692 ut
1264 3629 1516 3710 quidam
1533 3633 1788 3709 putant,
1813 3630 1911 3691 vel
1936 3630 2005 3691 in
2020 3629 2332 3707 Ecclesia,
2363 3633 2434 3691 ut
2463 3629 2669 3691 verius
2698 3627 2868 3693 arbi-

661 3864 732 3914 01⁹·
724 3798 987 3911 myth
993 3799 1106 3848 τὸν
1165 3796 1316 3846 ναὸν
1371 3796 1487 3844 τοῦ
1541 3797 1716 3843 Θεοῦ.
1804 3793 2869 3857 εἷςτὰςπανταχοῦέκκλησίας.-5.Οὶιιτε.

765 3883 796 3911 Τ

827 3883 853 3911 ν
886 3866 938 3912 ἐν
975 3863 1284 3923 Ἰερουσαλὴμ
1310 3859 1463 3921 λέγει,
1501 3860 1614 3908 ἀλλ’
1649 3858 1718 3910 εἰς
1807 3859 1959 3907 Hom.
1986 3860 2061 3908 iii.
2084 3860 2139 3908 in
2173 3862 2203 3908 2
2231 3859 2402 3909 Thess.
2432 3860 2542 3925 Op„
2567 3864 2688 3909 tom.
2724 3861 2792 3909 iv.
2818 3874 2867 3924 p.

659 3930 748 3979 τὰς
782 3929 1155 3987 ἐκκλησίαςτοῦ
1175 3928 1297 3974 Θεοῦ
1296 3923 1636 3973 Η-(Εοῠωθη
1663 3925 1718 3972 in
1805 3926 1914 3974 232.
1942 3924 2031 3972 lin.
2058 3923 2160 3987 19.]

662 3996 692 4042 2
717 3993 885 4042 Thess.
910 3992 963 4041 ii.
990 3993 1101 4105 Op„
1127 3995 1250 4040 tom.
1274 3991 1325 4039 ii.
1350 3990 1534 4054 p..194
1561 3987 1649 4052 Β.]
1867 3989 2055 4052 1’[Οὐχ
2057 3989 2165 4040 ἱεῖς
2197 3989 2287 4039 τὸν
2308 3991 2359 4037 ἐν
2379 3988 2726 4053 Ιεροσολύμοις
2755 3990 2873 4037 ναὸν

784 4057 939 4122 [Vide
963 4057 1033 4107 Be
1057 4057 1088 4107 1.
1114 4056 1261 4120 Apol.
1286 4071 1376 4119 pro
1350 4005 1546 4118 pResp.
1599 4053 1713 4117 Op„
1802 4053 1940 4111 ἰδίως,
1978 4053 2109 4104 ἀλλὰ
2151 4052 2217 4104 εἷς
2254 4055 2345 4105 τὰς
2384 4055 2643 4113 ἐκκλησίας
2686 4053 2865 4112 ἁπλαῖς,

663 4127 784 4172 tom.
810 4123 898 4171 vii.
934 4122 1026 4170 col.
1052 4123 1163 4172 763.
1188 4120 1265 4184 0.]
1802 4120 1879 4169 καὶ
1898 4090 2056 4167 ''dv-ra
2078 4119 2191 4167 ναὸν
2212 4122 2349 4168 θεῖον.
2352 4118 2694 4182 —Theophyl
2713 4118 2865 4167 Com·

726 4188 879 4253 ⁰[013
926 4187 1022 4249 γὰρ
1067 4187 1137 4237 εἷς
1181 4185 1495 4249 εἷδωλολατρε
1501 4184 1575 4234 ίαν
1618 4184 1715 4246 ἄξει
1800 4189 1956 4233 ment.
1982 4185 2039 4232 in
2064 4187 2094 4233 2
2119 4183 2288 4233 Thess.
2316 4185 2434 4234 ii.4.
2459 4184 2571 4247 Op„
2586 4188 2708 4233 tom.
2732 4184 2788 4231 ii.
2817 4198 2868 4246 p.

662 4255 765 4302 ἐκεῖ
721 4271 853 4312 um·
898 4252 1010 4301 ἀλλ’
1059 4251 1269 4301 ἀντίθεός
1312 4269 1386 4300 τις
1441 4205 1593 4308 ἔσται,
1637 4251 1714 4298 καὶ
1805 4252 1914 4299 536.
1941 4248 2023 4312 Β.]

660 4317 842 4368 πάντας
892 4315 1154 4366 καταλύσει
1196 4316 1308 4365 τοὺς
1343 4314 1490 4373 θεοὺς,
1530 4314 1608 4363 καὶ
1647 4332 1718 4362 κε·
1869 4313 2081 4378 ς[Ναὸν
2104 4312 2154 4362 δὲ
2170 4316 2294 4362 Θεοῦ
2311 4315 2399 4364 τὰς
2417 4311 2674 4372 ἐκκλησίας
2695 4311 2868 4361 ἐκάλε-

661 4383 825 4431 λεύσει
846 4383 1125 4442 προσκυνεῖν
1146 4380 1290 4430 αὐτὸν
1324 4380 1428 4429 ἀντὶ
1461 4379 1549 4427 τοῦ
1579 4381 1716 4428 Θεοῦ.
1806 4399 1910 4438 σεν,
1947 4379 1999 4428 ἐν
2037 4376 2110 4428 ars
2248 4378 2355 4428 άσει
2384 4381 2476 4439 τὴν
2513 4377 2870 4442 'mespelium—

661 4448 739 4494 καὶ
760 4445 1103 4503 καθεσθήσεται
1134 4446 1199 4495 εἷς
1221 4446 1309 4494 τὸν
1338 4446 1453 4494 ναὸν
1474 4446 1562 4493 τοῦ
1581 4446 1718 4502 Θεοῦ,
1807 4442 1991 4493 Theod.
2017 4444 2073 4493 in
2097 4444 2127 4492 2
2200 4444 2327 4495 hess.
2353 4444 2406 4494 ii.
2432 4445 2477 4492 4.
2505 4443 2616 4507 Op.,
2641 4447 2766 4492 tom.
2789 4442 2869 4494 iii.

661 4512 714 4562 οὗ
737 4510 826 4558 τὸν
849 4512 899 4558 ἐν
921 4509 1262 4570 Ἱεροσολύμοις
1283 4509 1442 4570 μόνον,
1475 4510 1606 4558 ἀλλὰ
1639 4509 1718 4557 καὶ
1805 4523 1853 4571 p.
1882 4507 2012 4572 533]
