3165 4959
475 2658 605 2721 232

732 315 864 377 320
1353 332 1439 379 An
1483 330 1865 379 cmmmms
1910 328 2310 378 Bssnmnmixt

736 489 1013 566 Gradus,
1058 490 1138 553 de
1187 488 1458 553 suffossa
1506 489 1786 572 pulveris
1830 490 1892 551 vi
1940 495 2142 565 tanta,
2189 494 2255 549 et
2293 487 2445 569 igne
2488 486 2625 568 jam
2666 481 2946 567 jamque

732 593 1156 671 accendendO,
1217 592 1530 656 liberavit.
1622 592 1895 656 Tristior
1951 591 2065 653 iJla
2120 591 2331 673 longe,
2394 596 2462 652 et
2520 587 2948 652 formidolosa

730 696 936 778 magis
979 698 1289 777 spelunca,
1333 716 1525 778 quam
1571 695 1652 758 de
1692 716 1819 778 qua
1864 693 2098 757 Daniel
2143 700 2421 776 ereptus.
2512 693 2668 755 Non
2696 692 2947 753 Leones

728 798 800 860 in
842 805 1055 861 vestra
1103 799 1244 874 hac,
1291 799 1390 862 vel
1433 800 1698 879 viperae,·
1746 798 2037 860 homines
2089 796 2347 879 quidem
2399 795 2493 858 ibi
2539 794 2770 877 specie,
2821 793 2944 856 sed

731 900 1090 965 Cardinalis
1139 900 1433 965 doctrina
1482 901 1562 964 de
1614 900 1985 964 hominibus
2036 899 2191 963 ferae
2241 899 2420 976 facti,
2480 897 2801 980 (doctrina
2855 897 2942 959 de

729 1003 1014 1086 quolibet
1060 1005 1363 1081 audenda,
1412 1025 1550 1067 cum
1604 1006 1770 1067 vires
1821 1005 2088 1066 aderunt
2099 1014 2143 1081 ⁰,
2190 1003 2458 1066 aderant
2500 1010 2716 1065 autem
2766 1010 2938 1078 tum,

727 1107 1012 1185 aderant,
1046 1128 1189 1190 quae
1217 1108 1289 1170 in
1321 1107 1600 1190 disploso
1643 1109 1795 1190 igne
1840 1115 2013 1184 sunt,
2044 1107 2212 1170 vires
2257 1106 2550 1170 omnium
2577 1105 2928 1182 maximae,)

727 1209 879 1273 ferae
931 1210 1241 1293 (inquam)
1293 1209 1467 1287 facti,
1518 1209 1652 1273 imo
1698 1211 1849 1273 feris
1894 1210 2163 1294 pejoreS,
2210 1218 2285 1272 ut
2337 1229 2470 1292 prae
2512 1208 2660 1286 illis,
2692 1208 2940 1271 Leones

727 1334 861 1377 non
885 1312 1143 1390 Leones,
1176 1334 1297 1376 nec
1326 1314 1553 1394 vipera.»
1595 1314 1763 1393 ipsae,
1795 1313 2042 1393 viperoe.
2132 1312 2342 1395 Ecqui
2373 1311 2545 1374 enim
2576 1311 2644 1374 in
2677 1310 2934 1374 subter-

724 1437 921 1480 raneo
962 1416 1074 1480 illo
1121 1417 1413 1481 Danielis
1459 1436 1656 1498 specu
1684 1417 1920 1479 Leones
1965 1415 2174 1478 simile
2215 1415 2370 1498 quid
2415 1414 2648 1478 facturi
2693 1422 2884 1477 eraut
2900 1416 2930 1475 ’ἓ

725 1510 978 1602 Ecquid
1030 1519 1327 1598 similem,
1374 1526 1449 1582 ut
1487 1519 1603 1597 illi,
1648 1528 1928 1602 stragem
1974 1518 2212 1581 edituri
2244 1518 2273 1579 ?
2376 1516 2669 1600 (Appello
2702 1517 2932 1581 Cardi-

722 1623 958 1705 nalem)
1025 1623 1096 1686 ni
1155 1624 1335 1687 Deus
1395 1623 1747 1700 avertisset,
1807 1622 1878 1685 ni
1939 1642 2241 1686 successu
2312 1621 2620 1685 caruisset
2695 1619 2930 1684 sceluS.

724 1725 1088 1810 Utrobique
1146 1726 1406 1809 quidem
1464 1727 1760 1808 spelunca
1791 1745 1813 1783 .·
1888 1747 2109 1789 verum
2179 1726 2252 1787 in
2310 1731 2533 1788 nostra
2588 1723 2730 1802 hac,
2793 1745 2933 1787 non

721 1831 975 1908 Leones,
1035 1831 1358 1893 Daemones
1415 1830 1539 1914 ipsi
1597 1830 1829 1913 potius.
1914 1830 2276 1913 Utrobique
2328 1828 2545 1906 etiam,
2597 1828 2707 1911 qui
2759 1829 2932 1891 eruti

722 1941 892 2011 sunt,
924 1934 1272 2011 ‚Danieles,
1325 1941 1401 1997 ut
1453 1955 1587 1997 non
1639 1932 1840 2017 possit
1886 1934 1958 1996 in
2005 1932 2390 1997 oblivionem
2444 1930 2661 1995 venire
2714 1931 2930 2008 nobiS,

720 2057 1027 2119 unquam,
1060 2036 1161 2099 vel
1196 2038 1547 2117 'eoeemplum
1593 2038 1891 2100 doctrinm
1935 2036 2127 2114 illius,
2159 2036 2258 2098 vel
2306 2036 2591 2098 doctrina
2635 2037 2928 2116 exempli.

719 2141 936 2222 Atque
966 2145 1041 2201 ut
1069 2139 1349 2217 redeam,
1388 2139 1584 2220 (unde
1620 2161 1725 2203 me
1771 2139 2051 2223 abripuit
2091 2141 2391 2220 speluncae
2433 2138 2606 2201 illius
2647 2138 2920 2220 mentio)

721 2250 787 2305 et
817 2241 1109 2305 claudam
1139 2242 1375 2321 locum,
1408 2242 1521 2305 sed
1552 2243 1740 2306 aliter
1768 2250 2008 2321 tamen,
2042 2265 2234 2326 quam
2260 2241 2638 2305 CardinaIiS.
2702 2241 2926 2305 Etiam

718 2346 895 2408 Arca
946 2346 1201 2408 Domini
1250 2346 1333 2410 ad
1378 2346 1500 2410 hoc
1549 2346 1855 2410 instituta
1906 2354 2045 2425 est3
2113 2347 2310 2409 etiam
2356 2346 2707 2426 Prophetae,
2755 2344 2927 2408 addo

720 2450 918 2514 etiam
989 2450 1222 2530 Vaccae,
1296 2451 1569 2530 Balenoe,
1639 2450 1842 2529 Corvi,
1902 2450 2160 2528 Leones,
2222 2449 2653 2513 animantium
2713 2469 2920 2531 genus

719 2575 928 2632 omne,
970 2561 1046 2616 ut
1081 2554 1153 2616 in
1198 2555 1404 2618 salute
1449 2555 1669 2638 populi
1699 2555 1800 2617 sui
1829 2554 2077 2618 eluceat
2109 2553 2233 2617 Dei
2262 2561 2404 2616 tum
2434 2553 2746 2636 potentia,
2778 2559 2923 2615 tum
2975 2561 2978 2562 ’

721 2658 941 2740 gloria,
976 2677 1118 2741 quae
1162 2665 1344 2722 tanto
1384 2658 1589 2741 magis
1619 2657 1848 2736 elucet,
1884 2664 2127 2740 quanto
2156 2658 2415 2720 infirma
2436 2642 2650 2738 ’magis
2680 2656 2922 2720 instru-

718 2769 943 2825 menta
970 2768 1140 2840 sunt,
1174 2769 1416 2845 quanto
1445 2761 1649 2844 magis
1680 2761 2055 2844 despicatui,
2087 2782 2199 2844 per
2246 2781 2389 2844 quae
2434 2760 2709 2823 salutem
2753 2760 2924 2823 hanc

718 2872 1019 2947 operatur
1049 2865 1118 2927 in
1149 2864 1362 2927 medio
1400 2863 1660 2928 terraed:
1706 2863 1922 2948 idque,
1969 2885 2117 2927 cum
2160 2863 2324 2927 vires
2368 2862 2645 2926 inimicis
2694 2884 2920 2927 eorum

717 2967 953 3031 adsunt
1004 2969 1319 3047 maximae,
1371 2968 1620 3051 ipsique
1671 2967 1914 3031 viribus
1973 2968 2106 3030 suis
2158 2968 2435 3030 maxime
2487 2967 2916 3053 praefideuteS.

718 3070 956 3133 Totum
1000 3091 1148 3133 vero
1197 3071 1339 3148 hoc,
1387 3091 1514 3153 quo
1564 3071 1637 3133 in
1690 3092 1766 3134 eo
1816 3070 2161 3134 stultitiam
2210 3077 2438 3153 arguat
2486 3090 2732 3148 eorum,
2784 3072 2915 3153 qui,

714 3172 1008 3236 homines
1067 3194 1215 3235 cum
1275 3173 1423 3251 sint,
1475 3194 1679 3256 eoque
1723 3173 1934 3237 brutis
1984 3173 2234 3237 ratione
2279 3178 2608 3256 praestent,
2653 3194 2729 3236 ac
2771 3173 2921 3256 plus

714 3295 937 3358 sapere
982 3274 1311 3354 deberent,
1347 3296 1551 3359 usque
1587 3276 1747 3340 adeo
1780 3276 2108 3360 desipiunt
2140 3284 2379 3354 tamen,
2410 3281 2509 3353 ut,
2542 3295 2677 3339 non
2709 3276 2916 3354 aliter,

714 3378 797 3442 ad
840 3378 1043 3456 bruta,
1081 3399 1275 3462 quam
1316 3378 1400 3442 ad
1444 3380 1816 3461 Mayistros,
1848 3378 2192 3462 ablegandi
2236 3379 2403 3456 sint3
2455 3398 2603 3441 cum
2652 3386 2720 3442 et
2764 3379 2920 3443 ferae

710 3482 1039 3546 interdum
1086 3481 1263 3564 ipsae,
1311 3481 1437 3545 Dei
1482 3490 1672 3561 nutu,
1718 3481 2039 3546 feritatem
2086 3490 2363 3558 exuant;
2412 3481 2524 3545 ubi
2553 3482 2851 3546 homines
2881 3505 2922 3547 a

714 3587 855 3650 Deo
902 3585 1170 3650 humani
1214 3585 1371 3649 facti
1432 3585 1557 3669 ipsi
1608 3586 1680 3648 in
1731 3585 1898 3649 feras
1953 3585 2364 3668 degenerant,
2414 3585 2700 3668 adeoque
2746 3585 2918 3649 feras

710 3690 881 3773 ipsas
909 3689 1164 3753 feritate
1194 3689 1386 3774 longe
1417 3696 1741 3772 superant.

776 3869 796 3893 ⁰
834 3862 988 3926 [Bell.
1012 3862 1076 3913 de
1100 3863 1245 3913 Rom.
1272 3862 1416 3913 Pont.
1452 3862 1540 3912 lib.
1566 3878 1613 3913 v.
1656 3877 1762 3926 cap.
1916 3859 1939 3892 ‘¹
1974 3859 2077 3925 [Ps.
2102 3860 2261 3911 lxxiv.
2289 3859 2475 3922 (lxxiii.
2501 3858 2675 3924 Vulg.)
2705 3860 2815 3924 12]

711 3927 758 3978 7.
793 3927 906 3991 Op„
938 3933 1062 3980 tom.
1086 3928 1119 3978 i.
1154 3943 1203 3992 p.
1228 3931 1338 3979 235.
1366 3926 1447 3991 G.]
