3165 4959
913 316 1277 364 Aromomm
1323 316 1689 366 arsroNsm.
2279 305 2409 369 409

200 493 453 537 memor
485 470 859 535 Cardiualis„
950 470 1126 534 Alibi
1167 478 1422 535 strenue
1462 479 1750 555 negarat,
1783 471 1861 535 de
1903 493 2033 535 una
2062 472 2410 557 eademque

201 599 271 640 re
305 577 410 659 agi
440 576 510 638 in
540 575 694 657 Cap.
718 573 969 651 X1110„
1001 581 1067 637 et
1088 576 1340 638 XV110.
1375 574 1563 638 hoc¹:
1617 576 1786 639 ultro
1807 577 1947 658 jam
1978 576 2219 639 fatetur
2248 598 2405 655 rem,

199 681 361 744 dum
383 701 581 742 unam
610 677 796 743 nobis
819 679 1152 760 utriusque
1174 679 1767 762 interpretationem
1789 679 1940 758 edit,
1962 679 2116 742 dum
2139 679 2409 743 eandem

200 784 362 861 vult,
414 803 557 865 quae
603 781 672 844 in
720 782 943 845 Bestia
989 782 1079 844 ibi
1125 782 1481 865 septicipite
1530 784 1687 866 Cap.
1723 783 1975 862 XIII⁰.,
2007 783 2115 847 hic
2155 804 2409 867 quoque

200 888 360 969 Cap.
395 886 648 949 XV110.
690 885 758 948 in
809 885 1173 963 Meretrice,
1220 885 1561 966 Impiorum
1606 887 2071 950 universitatem
2117 887 2406 951 indicari.

200 991 310 1053 Ita
354 989 450 1051 illi
487 990 749 1072 languet
794 988 1120 1051 memoria.
1214 989 1256 1051 J
1260 1011 1383 1067 am,
1417 989 1471 1051 si
1498 989 1689 1067 volet,
1730 989 2050 1073 intelligat
2088 990 2158 1053 in
2201 992 2411 1054 Mere-

198 1095 362 1156 trice
392 1094 674 1156 Romam.
725 1093 824 1156 Sit
847 1092 1132 1173 Babylon
1155 1093 1472 1155 Meretrix
1499 1093 1674 1157 haec:
1728 1094 1826 1157 Sit
1850 1094 2049 1157 Roma
2080 1095 2364 1175 Babylon
2386 1123 2405 1157 :

198 1199 424 1262 Etiam
465 1197 571 1260 hic
619 1217 870 1279 quoque
911 1197 1049 1259 Rex
1097 1184 1248 1270 non,
1272 1197 1677 1280 repugnabit.
1768 1197 2050 1261 Tantum
2081 1198 2147 1260 in
2180 1199 2406 1278 Roma,

198 1303 314 1386 qui
372 1303 628 1365 Romae:
692 1300 761 1363 in
813 1300 1164 1383 Babylone,
1216 1300 1326 1382 qui
1384 1300 1706 1384 Babyloni
1766 1303 2002 1384 praesit‚
2065 1310 2406 1385 agnoscat:

208 1405 575 1487 (utrobique
622 1403 859 1466 scilicet
908 1402 1425 1487 Antichristum.)
1522 1404 1652 1467 Sed
1699 1407 1805 1487 qui
1849 1406 1926 1467 de
1963 1406 2164 1468 Roma
2212 1408 2410 1469 locum

198 1511 384 1587 hune,
429 1508 505 1570 de
544 1509 742 1570 Roma
784 1507 1058 1569 Ethnica
1086 1505 1234 1587 sere
1279 1509 1790 1589 interpretantur,
1822 1531 2053 1593 nempe
2099 1510 2220 1573 sibi
2266 1518 2406 1574 tum

199 1620 378 1690 nota,
404 1633 722 1694 quamque
753 1610 951 1675 oculis
983 1611 1266 1693 quotidie
1295 1611 1711 1694 usurpabant,
1746 1613 1947 1695 qualis
1977 1620 2145 1677 esset
2177 1614 2408 1678 saeculo

199 1737 334 1778 suo,
431 1716 604 1777 Nam
649 1714 852 1797 qualis
884 1720 1193 1796 sequente
1233 1715 1482 1792 saequO,
1516 1714 1636 1778 sub
1669 1716 2056 1778 Pontificum
2096 1716 2409 1797 regimine

197 1818 422 1881 futura
470 1826 655 1895 esset,
715 1816 784 1879 id
842 1818 1098 1900 quidem
1145 1818 1479 1881 resciscere
1527 1840 1661 1881 non
1719 1798 2033 1901 poterant.
2127 1821 2302 1883 Nam
2354 1821 2408 1884 si

198 1922 619 1999 rescivissent,
665 1922 1026 2004 Prophetiae
1076 1922 1323 2004 Spiritu
1363 1921 1605 2001 donati,
1656 1924 1736 1986 ad
1784 1924 2196 2008 Prophetiam
2238 1924 2408 1989 hanc

199 2025 658 2109 explicandam,
704 2046 1036 2108 nunquam
1087 2026 1492 2107 Intevpretes,
1513 2028 1635 2090 loci
1679 2048 1816 2091 cum
1863 2030 2178 2091 consulere
2223 2030 2404 2092 insti-

200 2135 403 2193 tueret
467 2128 842 2206 Cardinalis,
904 2130 1204 2191 inveniret
1279 2134 1370 2193 tot
1441 2133 1801 2210 sententia-3,
1856 2138 2003 2213 quot
2058 2130 2205 2213 fere
2261 2139 2406 2195 eant

197 2233 587 2295 Auctoresm.
677 2230 894 2296 Nimis
934 2231 1005 2294 in
1043 2231 1383 2296 manifesto
1430 2255 1531 2297 res
1555 2224 1694 2299 est.
1786 2235 2057 2298 Utinam
2097 2256 2180 2298 ne
2215 2243 2402 2299 esset.

203 2328 332 2398 Sed
372 2334 472 2396 vel
513 2334 619 2396 hic
660 2334 798 2416 jam
829 2333 1184 2398 Cardinalis
1230 2334 1324 2398 ita
1368 2357 1506 2399 rem
1554 2358 1622 2400 se
1664 2336 1902 2401 habere
1945 2337 2205 2416 fatetur,
2248 2338 2404 2402 dum

196 2459 435 2523 negare
464 2459 598 2501 non
626 2445 854 2521 potest,
889 2437 1196 2520 quosdam
1227 2438 1306 2503 de
1336 2440 1536 2504 Roma
1565 2440 1775 2519 modo,
1808 2440 1965 2505 alios
2006 2439 2085 2503 de
2114 2440 2404 2521 Imperia,

196 2564 328 2607 non
401 2542 814 2605 Universitate
870 2549 1009 2605 tota
1066 2543 1466 2606 Meretricem
1534 2544 2019 2627 intelligendam
2091 2544 2402 2608 confiteri.

197 2646 515 2730 Agnoscit
590 2653 805 2709 autem
877 2647 1033 2723 Rex,
1099 2645 1329 2710 lubens
1403 2646 1711 2729 agnoscit,
1770 2648 2172 2710 Meretricem
2236 2646 2406 2710 hanc

199 2750 582 2830 Babylonem
639 2770 772 2812 esse
827 2750 1173 2826 Civitatem,
1229 2770 1361 2831 quae
1412 2750 1677 2812 habebat
1728 2755 1857 2812 tum
1909 2771 2166 2832 reynum
2223 2770 2410 2832 super

201 2854 404 2935 Reyes
462 2859 664 2931 terroe,
718 2873 851 2934 quae
906 2873 1092 2934 super
1140 2853 1386 2939 Septem
1442 2860 1679 2917 montes
1728 2854 1919 2933 sedet,
1970 2855 2011 2916 J
2015 2875 2221 2918 oanne
2270 2853 2411 2937 ipso

200 2957 426 3020 eadem
456 2956 594 3020 haec
621 2955 893 3020 totidem
922 2955 1128 3020 verbis
1155 2957 1488 3021 referente.

265 3111 320 3161 Si
350 3111 536 3171 Bestia,
570 3126 684 3174 quae
714 3111 979 3161 mulierem
1012 3114 1196 3175 portat,
1218 3111 1567 3162 Antichristus
1597 3119 1688 3173 est,
1719 3112 1969 3176 quomodo
1993 3112 2103 3177 ipsa
2129 3111 2315 3162 mulier
2336 3115 2414 3162 est

329 3192 711 3243 Antichristus'ss
765 3192 889 3250 Quis
909 3192 1038 3242 ferat
1060 3192 1298 3256 Equitem
1320 3209 1434 3243 cum
1459 3194 1604 3257 Equo
1631 3194 1885 3253 confundi,
1910 3199 1970 3244 ut
1996 3194 2162 3257 Eques
2184 3209 2336 3257 supra
2357 3209 2411 3243 se

327 3273 501 3324 sedere
523 3273 752 3324 dicatur?
819 3274 1052 3337 Ignoscat
1084 3276 1244 3338 igitur
1265 3310 1278 3323 .
1303 3312 1315 3325 .
1338 3313 1350 3325 .
1375 3277 1522 3326 nobis
1544 3276 2085 3342 tardioribus—[Bell.
2126 3277 2279 3340 Apol.
2312 3291 2407 3341 pro

330 3354 505 3420 Resp]
527 3371 574 3419 p.
597 3358 704 3406 165.
730 3355 862 3420 [Op.,
886 3361 1008 3406 tom.
1031 3357 1118 3405 vii.
1142 3358 1234 3407 col.
1252 3357 1366 3409 797.
1386 3359 1449 3407 A.
1470 3357 1552 3422 Β.]

288 3482 540 3545 Verum
591 3481 745 3545 alibi
792 3483 933 3544 Reoe
991 3483 1271 3545 Bestiam
1319 3483 1473 3544 dicit
1520 3483 2024 3553 Antichristum;
2087 3480 2216 3543 Hic
2265 3501 2408 3543 vero
2435 3493 2636 3557 [Bestia

203 3587 521 3648 mulierem
564 3587 753 3648 etiam
793 3586 950 3648 dicit
989 3586 1217 3648 Bestioe
1257 3585 1640 3647 insidentem.
1730 3585 1939 3665 Atque
1979 3585 2073 3646 ita
2114 3583 2408 3665 Equitem
2431 3558 2724 3686 ffissffi‘

205 3710 344 3755 cum
393 3692 577 3774 Equo
636 3689 980 3772 confundit.
1075 3689 1211 3753 Ubi
1262 3689 1602 3751 tardiorem
1654 3710 1720 3750 se
1766 3688 1952 3770 fingit
2020 3686 2406 3766 Cardinalis,

205 3814 321 3858 nec
385 3815 453 3857 se
510 3794 639 3857 ista
697 3815 959 3876 capere:
1007 3789 1274 3857 omnino
1333 3798 1551 3855 autem
1614 3790 1844 3854 adduci
1904 3811 2039 3854 non
2075 3811 2285 3873 posse,
2339 3798 2409 3854 ut

206 3898 487 3960 Bestiam
518 3918 654 3960 cam
684 3899 1022 3961 Meretrice
1053 3894 1410 3978 confandat.
1482 3894 1658 3959 Quid
1688 3894 1892 3976 ergo?
1967 3894 2076 3957 An
2106 3893 2199 3956 ita
2225 3892 2410 3958 valde

208 4001 458 4063 tardum
505 3999 863 4083 suspicetur
908 3999 1069 4083 quis,
1102 4007 1177 4061 ut
1212 3998 1350 4080 ipse
1393 4016 1461 4059 se
1492 4018 1626 4059 non
1661 3996 1917 4079 capiat?
2009 3994 2193 4058 Idem
2236 3996 2409 4058 enim

206 4102 340 4186 ipse
370 4111 613 4187 peccat,
645 4124 767 4166 nec
797 4101 1111 4166 adductus
1143 4122 1181 4163 a
1211 4121 1550 4183 quoquam,
1584 4099 1709 4162 nisi
1747 4100 1885 4183 ipso
1928 4120 2018 4163 se.
2113 4096 2411 4178 Confudit

209 4207 489 4270 Bestiam
547 4227 685 4269 cum
744 4206 1102 4268 Meretrice.
1205 4202 1378 4270 Quid
1437 4211 1533 4266 est
1594 4202 1767 4265 enim
1820 4202 2143 4267 Cardinali
2192 4202 2412 4265 Bestia

275 4406 286 4438 ¹
335 4408 490 4471 [Bell.
531 4409 679 4473 Apol.
722 4423 812 4472 pro
845 4408 1021 4472 Resp]
1062 4422 1111 4471 p.
1161 4408 1264 4457 134.
1422 4414 1454 4436 ¹¹¹
1491 4404 1641 4469 [Bell.
1677 4404 1824 4467 Apol.
1894 4418 1949 4453 ro
1993 4402 2167 4467 Resp]
2219 4418 2264 4466 p.
2306 4405 2412 4453 152.

216 4471 352 4535 [Op.,
385 4478 505 4523 tom.
531 4475 617 4524 vii.
654 4475 745 4525 col.
768 4474 878 4526 780.
904 4473 990 4536 Β.]
1358 4470 1495 4535 [Op.,
1528 4474 1652 4519 tom.
1678 4470 1763 4518 vii.
1801 4483 1859 4519 co
1880 4505 1892 4518 .
1918 4468 2027 4522 790.
2054 4466 2140 4530 A.)
