3165 4959
392 2942 488 3006 [De
510 2956 635 2991 mer·

393 3007 620 3057 sionibus
637 3006 693 3053 in

716 307 846 367 254
1349 319 1434 365 AD
1478 317 1860 365 cumminas
1902 316 2297 363 BELLARmM

719 482 883 560 post,
916 477 1063 539 Non
1080 476 1349 557 potestis
1379 476 1634 537 calicem
1664 475 1919 536 Domini
1951 474 2170 553 bibere,
2202 480 2262 537 et
2294 475 2548 536 calicem
2569 475 2923 537 Doemonio-

717 602 856 643 rum
875 593 918 644 ¹.
1010 579 1284 643 Perinde
1330 579 1409 642 de
1454 579 1663 641 Calice
1711 578 1965 641 bibendo
2015 577 2344 655 sollicituS,
2389 599 2582 659 quam
2634 578 2712 641 de
2748 599 2924 658 pane

717 683 1169 746 manducando.
1262 681 1508 748 Quodsi
1568 689 1806 759 autem,
1859 681 1970 743 sub
2014 682 2216 762 specie
2249 682 2444 761 panis
2494 681 2603 758 sie,
2656 682 2753 763 (ut
2798 682 2916 760 ais)

718 788 1024 869 intem-um
1056 787 1528 849 Sacramentum
1555 790 1688 856 est,·
1735 804 1883 847 eum
1924 783 2006 845 ad
2053 785 2542 846 Sacramentum
2587 784 2922 847 descendit

723 889 1050 968 Sacerdos,
1093 910 1208 952 cur
1247 890 1486 970 inteyro
1539 894 1885 950 contentus
1924 908 2056 950 non
2100 887 2232 950 sit?
2278 888 2423 970 plus
2469 889 2710 969 inteyro
2762 887 2922 969 quid

718 1014 877 1076 opus
922 1000 1022 1056 est
1067 991 1327 1054 sumat?
1375 1011 1490 1053 cur
1536 990 1710 1072 quod
1756 990 1989 1073 populo
2033 992 2340 1072 integrum
2387 998 2507 1068 est,
2549 990 2646 1053 illi
2688 990 2921 1054 itidem

718 1118 850 1160 non
894 1096 1023 1160 sit?
1071 1104 1184 1158 aut
1224 1116 1350 1178 quo
1396 1093 1540 1157 illos
1589 1102 1927 1157 contentos
1976 1115 2115 1157 esse
2155 1095 2365 1178 jubet,
2410 1094 2546 1178 ipse
2592 1116 2721 1158 non
2768 1103 2865 1157 est
2885 1097 2918 1156 ’.Ρ

723 1200 916 1265 Quod
968 1200 1089 1281 (uti
1136 1198 1281 1280 scis)
1341 1198 1429 1260 ad
1477 1196 1869 1278 conflandam
1920 1198 2221 1260 invidiam
2269 1206 2536 1280 spectat.
2628 1199 2918 1261 Avarum

720 1304 897 1366 enim
928 1324 1062 1365 esse
1097 1301 1526 1377 Sacerdotem,
1560 1301 1664 1363 cui
1693 1300 1839 1382 plus
1869 1322 2027 1383 opus
2058 1301 2160 1378 sit,
2195 1323 2386 1384 quam
2418 1302 2500 1364 sit
2530 1301 2705 1363 satis,

811 1405 1075 1483 Saltem,
1124 1425 1300 1487 spem
1345 1403 1452 1465 hic
1501 1401 1656 1465 facit
1688 1403 2066 1482 Cardinalis,
2099 1425 2249 1468 cum
2293 1403 2557 1488 perinde
2601 1405 2915 1485 integrum

720 1508 804 1571 sit
838 1511 1329 1572 Sacramentum
1355 1507 1466 1569 sab
1493 1507 1694 1586 specie
1723 1508 1852 1568 vini
1877 1534 1896 1568 .·
1944 1528 2127 1591 posse
2155 1509 2297 1586 hoc,
2332 1508 2412 1571 ab
2441 1509 2681 1589 inteyro
2703 1507 2923 1590 aliquo

719 1614 1032 1676 Pontifice
1083 1612 1428 1692 impetrari,
1489 1619 1565 1673 ut
1615 1611 1878 1674 alternis
1936 1610 2200 1691 vicibus,
2264 1612 2541 1676 Missam
2598 1611 2923 1672 humidam

720 1715 1041 1779 celebrare
1070 1714 1278 1777 liceat.
1372 1714 1459 1776 Et
1494 1713 1842 1792 interdum,
1874 1714 2008 1777 vice
2048 1714 2273 1796 prima,
2310 1715 2422 1776 snb
2449 1717 2651 1795 specie
2678 1716 2874 1795 panis
2897 1742 2918 1775 .-

720 1818 1009 1900 proxima
1038 1817 1206 1894 dein,
1256 1817 1367 1878 snb
1406 1818 1608 1897 specie
1635 1817 1766 1879 vini
1787 1844 1805 1878 .·
1860 1838 2022 1880 neve
2063 1817 2520 1894 arescentibus,
2555 1817 2765 1900 quoad
2794 1819 2920 1880 sic-

720 1940 857 1982 cam
889 1918 1424 1983 communionem
1456 1940 1638 1981 suam
1672 1919 2040 1999 Catholicis,
2072 1941 2329 1984 necesse
2375 1921 2458 1984 sit
2498 1921 2582 1983 ad
2610 1922 2920 2002 inteyram

718 2022 879 2085 illud
924 2022 1036 2084 cub
1076 2042 1245 2102 pane
1291 2043 1541 2104 semper
1588 2022 1872 2105 alligari:
1944 2023 2055 2086 sed
2104 2024 2432 2087 interdum
2483 2025 2726 2104 inteyro
2771 2025 2918 2100 hoc,

717 2127 829 2188 sub
879 2127 1040 2202 vino,
1103 2132 1296 2207 atque
1342 2125 1454 2203 ita,
1504 2147 1619 2208 per
1668 2127 1836 2190 vices
1885 2128 2135 2204 saltem,
2181 2135 2457 2209 utroque
2505 2129 2745 2208 inteyro
2788 2126 2921 2190 frui

716 2229 927 2293 liceat.
1019 2229 1161 2291 Nec
1195 2227 1686 2310 desperandum,
1734 2230 1788 2292 si
1834 2230 1925 2293 sie
1956 2251 2071 2313 per
2098 2231 2269 2294 vices
2299 2230 2381 2292 ad
2411 2238 2685 2312 tempus,
2720 2230 2917 2293 alter-

716 2338 884 2409 utro,
941 2330 1206 2393 tandem
1270 2338 1335 2393 et
1393 2338 1468 2393 ut
1528 2330 1719 2394 simul
1779 2340 2053 2415 utroque
2112 2334 2304 2416 potiri
2361 2333 2552 2397 detur
2569 2359 2589 2410 ς
2656 2333 2918 2416 quando

717 2435 1075 2499 tantundem
1121 2435 1224 2498 det
1254 2435 1574 2513 tantidem,
1610 2456 1682 2499 ae
1715 2436 1833 2497 duo
1863 2438 1994 2499 haec
2025 2439 2267 2518 inteyra
2299 2459 2504 2501 unum
2535 2437 2726 2501 modo
2757 2438 2916 2500 inte-

711 2561 894 2622 yrum
924 2540 1074 2604 sint.

784 2669 960 2718 Simile
982 2675 1059 2718 est
1091 2670 1146 2717 in
1170 2668 1446 2733 Baptismo,
1480 2670 1638 2732 siquis
1670 2670 1819 2719 unica
1850 2672 2097 2719 mersione
2120 2670 2417 2733 baptizetur,
2453 2671 2710 2731 integrum
2734 2669 2918 2731 baptis-

847 2765 990 2799 mum
1016 2751 1212 2813 recipit,
1237 2755 1290 2800 et
1322 2752 1365 2799 si
1398 2750 1721 2814 [baptizetur]
1757 2750 1921 2800 tribus
1961 2751 2353 2817 [mersionibus],
2388 2751 2646 2812 integrum
2679 2751 2917 2800 etiam.—

849 2830 995 2895 [Bell.
1016 2830 1164 2894 Apol.
1186 2845 1278 2894 pro
1303 2830 1471 2895 Resp.]
1505 2847 1553 2894 p.
1580 2833 1689 2880 102.
1726 2830 1858 2895 [Op.,
1882 2835 2002 2881 tom.
2029 2833 2114 2880 vii.
2140 2832 2230 2881 col.
2257 2832 2367 2882 762.
2392 2831 2477 2894 A.]

803 2928 980 2990 Nam
1026 2928 1105 2991 de
1155 2929 1455 2991 mersione
1500 2931 1687 2991 unica
1738 2931 1837 2991 vel
1882 2930 2052 2991 trina
2093 2928 2395 2991 dissimile
2438 2935 2672 2991 totum.
2767 2929 2919 2991 Una

392 3072 654 3134 Baptismo
718 3031 892 3095 enim
955 3037 1053 3094 est
1108 3030 1459 3113 eademque
1526 3033 1693 3095 actio
1745 3034 2103 3111 MersioniS,
2166 3033 2414 3118 sibique
2484 3028 2791 3096 continua
2847 3034 2920 3096 in

392 3135 527 3185 haud
557 3135 692 3183 aimi-
716 3138 1060 3218 Baptismo.
1151 3137 1243 3200 At
1282 3136 1352 3198 in
1382 3137 1813 3215 Eucharistia,
1847 3145 1911 3201 et
1952 3138 2022 3201 in
2066 3160 2135 3201 se
2167 3138 2442 3202 discreta
2486 3138 2674 3215 acti0,
2707 3160 2918 3201 eome-

392 3202 458 3249 lis
480 3206 557 3249 est

394 3266 558 3330 ratim]

718 3239 914 3302 dendi
943 3247 1010 3301 et
1048 3238 1349 3302 bibendi:
1399 3246 1465 3301 et
1509 3260 1659 3302 vero
1701 3241 1772 3302 in
1817 3240 2089 3325 objecto,
2125 3241 2396 3316 Hostiae‚
2431 3250 2624 3323 atque
2662 3242 2918 3319 Calicis,

718 3343 901 3428 panis
953 3351 1018 3407 et
1070 3342 1221 3405 vini.
1314 3344 1501 3421 Tum,
1563 3342 1667 3406 hic
1727 3353 2118 3427 praeceptum
2136 3370 2154 3421 3
2211 3344 2302 3407 ibi
2361 3344 2634 3406 nullum.
2730 3344 2920 3407 Nihil

720 3448 1062 3533 quicquam
1092 3447 1173 3510 de
1203 3468 1470 3511 numero
1501 3448 1824 3510 mersionis
1853 3447 2153 3531 praecepit
2185 3447 2504 3525 Christus,
2537 3448 2639 3510 vel
2668 3468 2787 3510 uno
2817 3448 2919 3511 vel

721 3556 907 3631 trina,
960 3554 1030 3616 in
1082 3552 1455 3635 Baptismo:
1505 3552 1806 3635 praecepit
1856 3559 2092 3628 autem,
2142 3552 2217 3613 de
2271 3558 2534 3633 utraque
2577 3553 2796 3631 specie,
2845 3551 2917 3614 in

722 3656 1169 3722 Eucharistia:
1219 3676 1512 3739 expresse
1555 3654 1874 3738 praecepit,
1924 3653 2091 3736 apud
2139 3676 2362 3718 omnes
2407 3676 2737 3737 expresse3
2783 3664 2920 3719 tam

721 3762 933 3823 Bibite
980 3759 1159 3835 dixit,
1214 3781 1407 3842 quam
1461 3758 1788 3821 Comedite.
1892 3758 1979 3819 Et
2030 3778 2178 3821 cum
2225 3758 2435 3821 Bibite
2481 3758 2663 3836 dixit,
2717 3780 2923 3822 omnes

722 3863 1009 3939 addidit3
1060 3884 1253 3946 quam
1298 3862 1351 3924 si
1400 3863 1698 3924 Servator
1740 3881 1959 3924 vocem
2003 3860 2346 3924 addidisset
2392 3861 2472 3925 ad
2502 3862 2716 3939 Edite,
2759 3863 2920 3927 mire

720 3990 860 4034 rem
891 3976 1100 4034 vestra
1135 3968 1426 4052 juvisset,
1477 3975 1552 4030 ut
1586 3966 1939 4031 Cardinalis
1984 3975 2440 4049 argumentum
2486 3968 2854 4051 procederet
2874 3980 2918 4045 ³,

728 4076 877 4157 (quo
908 4081 1056 4158 post
1092 4095 1159 4137 se
1188 4075 1457 4153 recreat)
1494 4072 1598 4134 ubi
1628 4092 1748 4134 non
1779 4072 2047 4150 addidit,
2081 4093 2305 4149 omnes,
2353 4072 2468 4137 sed
2499 4074 2706 4136 solum
2739 4072 2918 4150 dixit,

721 4180 950 4242 Bibite.
1042 4180 1218 4241 Nam
1278 4177 1462 4242 nobis
1520 4176 1696 4240 idem
1753 4176 1985 4259 (credo)
2043 4198 2176 4240 non
2228 4177 2653 4263 permitteret,
2706 4184 2780 4240 ut
2834 4178 2921 4239 sic

723 4285 965 4349 scilicet
1011 4284 1349 4347 instituere
1395 4283 1584 4345 liceat
1620 4289 2097 4364 argumentum.
2189 4282 2396 4363 Atque
2438 4284 2567 4343 hoec
2611 4283 2779 4343 ratio
2809 4288 2921 4357 est,

784 4444 801 4465 ¹
836 4436 1019 4561 plaid]
1048 4436 1188 4486 Vers.
1209 4438 1284 4485 21.
1862 4435 1994 4501 [Op.,
2028 4439 2148 4485 tom.
2173 4437 2259 4485 vii.
2300 4437 2391 4485 eol.
2417 4435 2596 4486 7620.
2646 4434 2778 4483 Vide
2816 4434 2924 4496 ipsa

783 4507 803 4528 ⁸
873 4500 996 4548 Bell.
1046 4501 1195 4561 Apol.
1242 4516 1331 4563 pro
1369 4501 1535 4564 Resp.]
1585 4516 1634 4563 p.
1661 4503 1772 4551 103.
1862 4502 2014 4551 verba
2043 4499 2357 4561 Bellarmini,
2377 4501 2521 4560 infra,
2546 4515 2595 4565 p.
2614 4500 2754 4561 256.]
