3165 4959
986 368 1354 418 ammonui
1397 369 1767 417 mroNsm.
2353 356 2480 417 315

270 528 555 591 Caesares
578 527 616 609 z)
672 547 919 609 appone
964 533 1107 589 tum
1154 506 1736 600 nomenclaturuni‚
1787 524 1936 603 Hic,
1981 524 2091 608 qui
2141 525 2232 590 sic
2278 526 2481 590 calcat

269 631 605 693 Dominum
662 630 1089 708 Dominarum,
1146 630 1374 693 Servus
1434 629 1768 692 Servorum
1827 634 1919 691 est
1939 656 1959 691 .-
2027 630 2176 713 joco
2237 629 2480 692 dictum

268 738 524 815 putent,
554 752 676 795 nec
705 731 831 795 nisi
860 753 974 815 per
1002 733 1438 814 antiphrasim,
1470 737 1545 794 ut
1575 737 1840 793 montem
1870 752 1909 793 a
1941 731 2253 794 movendo.

339 885 537 934 Omitto
573 884 707 947 quod
730 922 743 934 .
767 922 779 935 .
806 922 817 933 .
844 884 952 935 Rex
988 884 1214 934 multum
1247 884 1445 934 laborat
1479 886 1537 933 ut.
1572 882 1765 946 probet,
1791 884 1925 947 quod
1961 898 2052 934 nos
2087 898 2191 934 uon
2224 898 2481 946 negamus,

405 967 709 1030 Apostolum
752 968 891 1031 loqui
936 966 999 1016 de
1042 966 1363 1017 Antichristo
1396 970 1609 1016 venturo
1646 969 1762 1029 post·
1805 966 1968 1016 multa
2009 964 2481 1030 tempora—[Bell.

405 1048 552 1112 Apol.
575 1064 666 1113 pro
687 1047 858 1113 Resp]
880 1065 929 1114 p.
955 1050 1064 1099 131.
1089 1048 1222 1113 [Op.‚
1246 1053 1369 1098 tom.
1393 1048 1480 1097 vii.
1504 1046 1597 1097 col.
1623 1047 1733 1098 778.
1753 1045 1829 1110 0.]

365 1156 436 1219 Si
475 1177 623 1220 vero
654 1162 804 1238 post
848 1159 1045 1220 multa
1088 1162 1364 1237 tempora
1408 1162 1705 1218 venturus
1733 1154 2184 1233 Antichristus,
2217 1176 2479 1238 parcen·
2511 1171 2726 1235 [Utrum

274 1257 432 1322 dum
462 1257 684 1336 labori,
716 1266 791 1321 ut
824 1257 1134 1341 probetur
1161 1258 1302 1321 hoc.
1399 1258 1469 1321 Si
1498 1279 1631 1321 non
1663 1256 1930 1339 negatis,
1965 1277 2048 1319 en
2088 1278 2165 1321 ex
2205 1278 2281 1321 eo
2328 1258 2479 1341 quid
2507 1238 2659 1286 Anti-

2506 1302 2723 1351 christus
2739 1302 2810 1351 sit

275 1368 601 1443 sequatur.
695 1362 842 1427 Quo
886 1361 1027 1426 loco
1056 1367 1379 1425 ventarum
1421 1362 1515 1423 sic
1546 1365 1697 1441 post
1739 1362 1934 1422 multa
1981 1366 2258 1442 tempora
2293 1362 2479 1423 Anti-
2506 1366 2680 1416 Romae
2703 1381 2769 1415 an

273 1465 596 1542 christum,
647 1464 871 1528 eodem
930 1464 1068 1549 ipso
1126 1464 1446 1546 Babylone
1505 1484 1834 1526 sessurum
1894 1462 2186 1546 legimus,
2280 1463 2483 1527 Vobis
2507 1430 2765 1559 fflffl}

272 1588 425 1630 vero
462 1567 661 1630 Roma
701 1568 1007 1650 Babylon.
1094 1568 1305 1630 Romoe
1344 1587 1496 1649 ergo
1536 1587 1878 1629 sessurum.
1968 1566 2168 1629 Roma
2197 1567 2484 1649 Babylon

275 1677 395 1749 est,
433 1671 681 1752 (dicetis
728 1671 970 1755 statim)
1022 1672 1133 1735 sed
1173 1673 1376 1733 Roma
1420 1671 1720 1733 Etlznica.
1810 1670 1955 1733 Imo
2009 1691 2085 1734 eo
2134 1670 2272 1753 ipso
2315 1678 2481 1734 tem-

276 1796 449 1858 pore,
481 1795 609 1857 quo
637 1775 1055 1858 Apocalypsis
1086 1774 1342 1858 scripta,
1376 1775 1575 1836 Roma
1597 1774 1736 1857 jam
1765 1781 1908 1836 tum
1938 1774 2237 1837 Etlmica.
2327 1775 2482 1837 Post

276 1879 471 1940 multa
531 1899 681 1942 vero
734 1884 1030 1959 tempora,
1092 1878 1372 1941 Etlmica
1432 1899 1563 1940 non
1625 1884 1783 1953 erat,
1832 1876 2109 1939 Etlznica
2168 1897 2302 1940 non
2362 1885 2480 1940 est.

279 1981 496 2048 Quare
546 2002 688 2064 quae
733 1980 804 2043 in
855 1979 1259 2064 Apocalypsi,
1308 1982 1508 2043 Roma
1559 2001 1673 2042 seu
1710 1979 1997 2061 Babylon
2042 1986 2159 2058 est,
2207 1981 2483 2043 Etlmica

276 2106 409 2148 non
454 2091 571 2163 est,
619 2083 732 2148 sed
777 2105 919 2167 quae
971 2085 1335 2147 Christiana
1372 2084 1509 2168 jam
1554 2083 1745 2161 facta,
1766 2089 1916 2165 post
1966 2084 2162 2146 multa
2208 2089 2484 2165 tempora

278 2187 511 2251 defecit
541 2186 624 2250 ad
651 2185 1078 2251 idololatriam
1091 2213 1111 2265 3
1156 2194 1232 2250 ut
1260 2193 1407 2270 post
1436 2186 1548 2249 illa
1577 2192 1869 2269 tempora
1898 2186 2083 2250 sedes
2113 2207 2253 2250 esse
2282 2187 2485 2270 possit

279 2291 680 2354 Antio-bristi.
773 2292 1001 2373 Operae
1040 2290 1319 2374 pretium
1357 2311 1510 2372 ergo
1541 2290 1684 2353 Rex
1723 2289 1792 2352 in
1823 2310 1900 2353 eo
1928 2289 2102 2368 fecit,
2136 2296 2209 2353 ut
2251 2297 2482 2354 ventu-

276 2415 424 2457 rum
473 2392 771 2477 probaret
811 2400 961 2475 post
1009 2399 1247 2475 tempus
1291 2414 1413 2455 non
1466 2393 1662 2456 breve.
1754 2392 2264 2475 Longinquitate
2311 2392 2483 2456 enim
2595 2403 2727 2467 228

276 2498 582 2582 temporis
611 2497 777 2581 perit
804 2503 1014 2561 vestra
1041 2495 1218 2561 vobis
1248 2497 1447 2559 Roma
1477 2497 1777 2559 Ethnica.
1869 2497 2117 2562 Quodsi
2144 2497 2485 2560 Etlmicam

279 2621 418 2665 esse
458 2622 602 2664 eam
648 2621 783 2664 non
824 2600 1039 2664 sinant
1082 2606 1358 2682 tempora
1395 2601 1621 2683 lonya;
1668 2597 1875 2662 facilis
1914 2606 2058 2662 tum
2099 2600 2487 2683 conjectura,

282 2725 476 2787 quam
535 2702 801 2766 tandem
868 2702 959 2766 ibi
1021 2703 1064 2766 J
1066 2724 1306 2786 oannes
1365 2702 1753 2784 Babylonem
1811 2701 2003 2780 dicat,
2058 2710 2124 2765 et
2197 2703 2340 2785 quis
2397 2702 2489 2768 ibi

272 2806 713 2870 Antichristus
783 2807 855 2870 in
911 2807 1233 2888 Babylone
1305 2827 1618 2885 sessuruS,
1681 2812 1748 2869 et
1824 2826 2014 2888 quarn
2074 2803 2157 2868 ob
2231 2826 2488 2869 causam

281 2906 558 2990 denique
587 2928 813 2971 casura
841 2908 1130 2989 Babylon
1159 2907 1289 2971 illa.

346 3060 446 3110 Sed
467 3061 655 3112 mirum
678 3067 771 3122 est,
795 3076 948 3124 quam
969 3061 1105 3112 varie
1125 3061 1308 3111 ludant
1330 3060 1620 3111 Adversarii
1647 3062 1703 3111 in
1723 3061 1878 3110 verbo
1901 3059 2126 3111 Domini.
2175 3059 2327 3111 Nunc
2350 3061 2488 3112 enim

409 3141 589 3193 dicunt.
628 3143 780 3194 verbo
823 3142 1032 3193 Domini
1076 3143 1456 3193 Antichristum
1494 3142 1920 3204 interficiendum,
1977 3158 2112 3192 nunc
2154 3158 2271 3193 vero
2313 3147 2490 3194 contra

412 3226 620 3276 verbnm
655 3225 864 3276 Domini
887 3225 952 3275 ab
985 3225 1305 3275 Antichristo
1337 3224 1987 3290 interficiendum—[Bell.
2012 3226 2159 3290 Apol.
2184 3240 2276 3290 pro
2310 3225 2487 3291 Resp.]

409 3321 457 3370 p.
485 3308 594 3356 132.
621 3306 761 3371 [Op.‚
784 3310 904 3357 tom.
931 3306 1019 3356 vii.
1040 3307 1134 3357 col.
1151 3308 1179 3359 Ἰ
1186 3308 1263 3360 78.
1282 3306 1373 3370 D.]

370 3424 649 3506 Spiritus
678 3425 809 3487 oris
836 3423 1090 3501 Christi,
1117 3423 1427 3506 quaeritur
1453 3424 1779 3487 verbumne
1800 3425 1924 3487 Dei
1951 3426 2057 3503 sit,
2082 3445 2166 3487 an
2183 3395 2489 3506 potestasi
2538 3437 2646 3515 Quo
2668 3451 2815 3486 sensu

280 3530 671 3613 Utrumque,
702 3534 848 3593 tuto
896 3527 1162 3593 concedi
1208 3534 1440 3612 potest.
1531 3529 1708 3591 Nam
1755 3536 1822 3592 et
1857 3534 2144 3609 potestas
2190 3529 2260 3592 in
2305 3529 2488 3600 verbo
2515 3503 2746 3616 Affinita-

279 3640 400 3710 est,
433 3634 599 3698 addo
634 3640 700 3698 et
728 3639 1014 3716 potestas
1056 3654 1314 3695 summa.
1405 3631 1595 3695 Nihil
1633 3653 1786 3713 ergo
1825 3631 1932 3695 hic
1961 3632 2230 3715 opponit
2266 3632 2489 3696 Cardi-
2514 3631 2760 3709 christum

279 3737 461 3800 nalis.
553 3739 708 3801 Non
756 3744 855 3800 est
885 3736 1057 3800 enim
1102 3736 1225 3800 hoc
1269 3735 1569 3812 refutare,
1601 3734 2066 3818 oppositionem
2101 3734 2311 3799 facere
2352 3736 2488 3799 sine
2514 3701 2716 3812 2¹31?ss

279 3839 698 3923 oppositione.
794 3841 923 3905 Sed
962 3850 1028 3905 et
1057 3841 1129 3904 in
1161 3863 1236 3906 eo
1266 3840 1387 3904 sibi
1429 3840 1617 3904 ludos
1646 3840 1821 3917 facit,
1862 3839 2105 3920 (vereor
2136 3847 2375 3918 autem,
2406 3860 2489 3903 ne
2515 3826 2820 3892 interficiet]

281 3965 351 4007 se
411 3945 687 4027 quoque)
747 3945 903 4008 dum
965 3945 1026 4009 ei
1089 3945 1263 4009 dicto
1324 3944 1565 4022 illudit,
1626 3943 1876 4007 verbum
1934 3944 2013 4005 ab
2072 3944 2487 4022 Antichristo,

278 4047 745 4112 Antio-hristum
794 4070 834 4112 a
877 4050 1060 4113 verbo
1104 4048 1617 4131 interficiendum.
1707 4048 1883 4112 Nam
1916 4046 2072 4130 quid
2114 4046 2404 4130 impedit,
2436 4045 2491 4109 si

279 4151 549 4214 redeant
595 4173 634 4214 a
676 4158 885 4215 morte
929 4151 1012 4215 ad
1045 4152 1244 4216 vitam
1287 4152 1375 4232 (et
1418 4151 1715 4234 redeunt)
1754 4151 1980 4214 Testes
2021 4149 2134 4229 illi,
2169 4159 2263 4226 ut,
2297 4171 2336 4212 a
2365 4170 2492 4233 quo

202 4247 215 4252 ’
279 4253 605 4319 interfecti
633 4256 835 4339 prius,
869 4276 1018 4319 eum
1048 4262 1200 4339 post
1226 4255 1491 4318 redivivi
1519 4254 1957 4318 interficiant?
2015 4254 2160 4317 Nec
2190 4261 2288 4317 est
2318 4252 2492 4317 enim

280 4362 420 4421 tam
464 4358 663 4424 hebes
706 4359 815 4424 hic
858 4359 1236 4438 CardinaIiS,
1283 4365 1357 4422 ut
1404 4359 1663 4436 sentiat,
1708 4365 2039 4441 utcunque
2089 4357 2170 4422 ad
2214 4365 2490 4442 tempus,

281 4462 549 4527 verbum
580 4465 705 4529 Dei
742 4467 979 4550 jacere,
1014 4472 1081 4529 at
1126 4464 1385 4548 penitus
1426 4464 1515 4527 sic
1543 4464 1808 4528 interire
1852 4484 1985 4527 non
2024 4484 2226 4548 posse,
2257 4471 2332 4526 ut
2360 4485 2493 4528 non

284 4565 499 4630 denuo
528 4568 882 4632 reviviscat.
