3165 4959
424 504 653 568 [Exami-

421 576 608 619 nantur
630 569 692 619 de

749 331 837 394 62
1378 345 1467 393 An
1509 343 1893 391 CARDINAms
1937 343 2335 391 emmunim

841 501 988 564 Pari
1021 509 1238 565 autem
1281 501 1407 563 fide
1452 500 1790 583 exequitur
1831 500 1923 563 ibi
1967 520 2124 563 rem.
2217 500 2362 562 Nec
2392 500 2566 563 enim
2597 520 2739 582 quae
2770 499 2958 562 affert·

424 635 515 683 hac
539 650 589 683 ro
612 640 704 683 mg,
751 604 900 682 illic,
933 605 1066 668 fere
1095 607 1193 669 vel
1222 605 1396 669 illius
1426 625 1683 668 causam
1708 605 1957 687 juvant,
1988 604 2088 666 vel
2117 610 2354 666 nostrae
2381 609 2643 666 nocent.
2733 603 2962 666 Basilii

423 700 640 749 timonis

421 764 473 812 S.
502 763 723 827 Rasum]

753 707 965 771 locum
1018 708 1225 786 affert,
1280 708 1360 771 de
1420 730 1547 791 quo
1599 707 1797 770 verbo
1846 706 2173 769 monuisse
2225 714 2325 769 sat
2377 706 2520 769 erit.
2633 706 2963 787 Reliquias

752 811 964 874 nullas
1012 811 1107 874 ibi
1159 812 1395 874 Lector
1445 811 1723 894 reperiet
1782 810 2171 893 Martyrum,
2227 808 2338 872 sed
2387 810 2712 893 Martyres
2761 809 2959 891 ipsos„

753 915 845 977 Hi
890 921 1054 993 eunt,
1097 914 1329 997 (inquit
1351 914 1390 996 z)
1458 934 1580 977 vox
1619 913 1761 995 ipsa
1801 914 1894 975 Hi
1936 912 2015 976 ad
2064 913 2388 993 Reliquias
2437 911 2659 975 referri
2708 913 2961 995 nequit.

755 1017 980 1080 Genus
1028 1017 1202 1080 enim
1250 1037 1384 1079 non
1429 1017 1696 1099 patitur,
1742 1024 1819 1078 ut
1867 1015 1947 1079 de
1975 1016 2284 1096 Reliquiz's
2332 1036 2557 1078 sensus
2593 1016 2697 1093 sit,
2746 1037 2963 1098 neque

756 1120 1008 1198 Latine,
1033 1120 1147 1183 ubi
1178 1119 1523 1183 dicendum
1545 1120 1664 1181 Hoe
1684 1147 1702 1182 .·
1751 1138 1961 1201 neque
1986 1120 2229 1196 Graece,
2259 1118 2375 1181 ubi
2406 1118 2749 1181 dicendum
2769 1119 2960 1181 Hcec:

754 1231 830 1286 ut
861 1223 941 1286 ad
957 1231 1265 1287 neutrum
1292 1220 1589 1307 λείψανα
1616 1222 1949 1285 referatur.
2040 1222 2127 1284 Et
2158 1242 2359 1304 ecqua
2388 1230 2606 1284 tamen
2638 1222 2776 1305 ejus
2806 1242 2961 1284 con-

755 1327 1089 1410 sequentia
1110 1329 1139 1389 ’.Ρ
1228 1328 1464 1389 Divisae
1497 1347 1622 1408 per
1650 1332 1845 1388 totam
1895 1327 2205 1407 reyionem
2247 1331 2412 1401 sunt,
2450 1347 2585 1387 eam
2629 1332 2961 1403 exornant,

757 1432 1024 1492 turrium
1059 1432 1264 1493 instar
1291 1436 1453 1507 sunt,
1486 1450 1639 1512 ergo
1670 1429 2023 1492 adorandae.
2115 1429 2297 1491 Num
2346 1435 2412 1491 et
2461 1434 2667 1491 turres
2711 1429 2961 1506 Romze,

757 1542 824 1596 et
855 1534 1021 1597 aedes
1052 1539 1288 1596 ornatoe
1319 1533 1580 1595 adorari
1612 1532 1821 1595 solent
1846 1532 1874 1595 ἲ

823 1643 965 1693 Idem
989 1644 1046 1692 in
1070 1643 1199 1692 Psal.
1221 1645 1331 1693 115.
1358 1642 1484 1699 ‘Qui
1508 1642 1794 1704 contingit:
1817 1641 2005 1705 inquit,
2028 1643 2044 1668 ‘
2056 1656 2167 1691 ossa
2190 1640 2474 1703 Martyrum
2499 1641 2752 1705 quandam
2776 1644 2965 1692 sancti-

883 1726 1135 1775 ficationis
1165 1726 1452 1774 societatem
1473 1724 1689 1773 assumit
1723 1738 1788 1773 ex
1819 1723 1987 1786 gratia
2018 1724 2214 1787 corpori
2238 1724 2775 1789 insidente·.'—-[Bell.
2804 1725 2963 1789 Apol.

884 1822 977 1870 pro
995 1805 1171 1870 Resp]
1196 1820 1245 1870 p.
1271 1809 1348 1856 13.
1379 1806 1517 1869 [Op.,
1540 1810 1661 1855 tom.
1685 1805 1775 1854 vii.
1798 1805 1889 1854 col.
1915 1805 2026 1857 712.
2052 1805 2141 1870 Α.]

846 1897 974 1962 Sed
991 1898 1387 1978 participare
1432 1896 1584 1959 alibi
1630 1896 1805 1973 dicit,
1839 1896 2253 1959 Sanctitatem
2294 1898 2622 1979 quandam,
2656 1899 2762 1980 qui
2798 1899 2964 1961 Ossa

754 2002 1120 2083 Martyrum
1150 2001 1529 2081 continyunt.
1614 2000 1977 2071 Quandam:
2024 2001 2304 2063 termino
2334 2002 2774 2065 diminuente:
2822 2024 2964 2067 non

755 2104 945 2187 plene
975 2125 1148 2186 erg0,
1173 2103 1272 2166 vel
1300 2102 1555 2186 proprie
1582 2104 2014 2165 Sanctitatem.
2094 2104 2270 2169 Quid
2291 2112 2431 2167 tum
2454 2107 2483 2167 P
2563 2106 2692 2171 Qui
2723 2127 2966 2188 aquam

755 2208 1108 2284 lustralem,
1153 2207 1263 2289 qui
1304 2227 1505 2289 agnos
1546 2206 1692 2284 Dei,
1737 2213 1801 2269 et
1831 2228 2031 2288 grana
2060 2213 2341 2290 tangunt
2372 2208 2543 2291 apud
2583 2230 2714 2287 VOS,
2763 2231 2965 2291 qnan-

755 2314 901 2375 dam
959 2312 1056 2393 (ut
1113 2310 1330 2391 vultis)
1395 2311 1792 2372 sanctitatem
1851 2309 2004 2373 inde
2062 2311 2485 2395 participant:
2560 2335 2679 2377 nec
2735 2322 2967 2378 tamen

756 2414 1115 2479 Cardinalis
1148 2413 1354 2496 (puto)
1391 2433 1624 2496 aquam
1666 2413 1865 2492 illam,
1909 2414 2009 2476 vel
2048 2435 2267 2496 grana,
2300 2414 2400 2478 vel
2428 2416 2654 2501 Agnos
2686 2418 2967 2482 adoran-

750 2522 863 2584 dos
923 2517 1173 2581 dixerit.
1286 2518 1477 2580 Certe
1526 2536 1671 2598 quae
1726 2517 1947 2579 Sancti
1996 2517 2180 2580 Pauli
2234 2538 2462 2601 corpus
2520 2520 2963 2604 contigerunt,

748 2633 816 2688 et
845 2623 1115 2687 virtutes
1162 2627 1426 2704 operata
1464 2626 1618 2682 sunt
1658 2620 2041 2682 semicinctia
2056 2622 2093 2699 ‘,
2136 2642 2174 2684 a
2213 2621 2392 2685 nullo
2427 2629 2650 2686 tamen
2689 2624 2966 2688 adorata

746 2727 1048 2810 legimuS.

813 2836 1005 2896 Quidni
1028 2835 1188 2898 igitur
1208 2848 1504 2884 veneremur
1532 2833 1832 2884 Sanctorum
1854 2834 2108 2897 reliquias,
2129 2834 2264 2886 unde
2287 2840 2428 2886 tanta
2451 2837 2582 2887 bona
2612 2837 2760 2887 nobis
2790 2853 2970 2901 prove-

878 2919 1031 2967 niunt
1044 2915 1275 2980 ’,ἱ-[ΒΘΗ.
1300 2915 1448 2978 Apol.
1473 2930 1564 2979 pro
1589 2914 1756 2980 Resp]
1780 2931 1829 2980 p.
1854 2918 1931 2966 13.
1959 2915 2090 2981 [Op.,
2114 2920 2236 2967 tom.
2260 2918 2348 2967 vii.
2373 2918 2466 2968 col.
2494 2919 2603 2969 712.
2633 2919 2720 2982 A.]

838 3008 999 3083 Nec,
1033 3006 1197 3068 ratio
1228 3026 1420 3087 quam
1452 3005 1542 3068 ibi
1572 3005 1792 3069 subdit
1829 3006 1909 3069 de
1946 3028 2080 3084 suo,
2113 3008 2359 3071 melior.
2454 3010 2552 3072 Eo
2583 3009 2964 3090 adorandos,

752 3110 920 3191 quod
953 3109 1098 3171 inde
1134 3108 1290 3170 bona
1335 3107 1510 3170 nobis
1543 3111 1940 3188 proveniant.
2035 3111 2182 3176 Quo
2223 3120 2625 3195 argumento,
2664 3115 2969 3179 adoraret

752 3211 953 3276 solem
996 3216 1061 3274 et
1106 3210 1429 3293 pluviam:
1493 3209 1649 3273 inde
1698 3212 1872 3275 enim
1918 3213 2089 3277 bona
2138 3215 2232 3277 illi
2270 3216 2504 3298 (credo)
2548 3219 2966 3299 proveniunt.

640 3355 653 3364 -
750 3313 1060 3378 Adoravit
1108 3312 1264 3376 olim
1313 3334 1541 3394 agrum
1590 3334 1781 3376 suum
1826 3315 2080 3378 Atheus
2125 3317 2254 3396 ille,
2307 3315 2381 3381 τὸ
2429 3315 2556 3404 *γὰρ
2608 3317 2845 3403 τρέφον
2883 3346 2971 3402 με

748 3413 916 3482 τοῦτ’
963 3413 1086 3498 ἐνγῶ
1132 3410 1312 3478 καλῶ
1360 3412 1558 3495 Osann,
1592 3418 1775 3500 cujus
1803 3418 2219 3502 Theologiam
2265 3422 2541 3505 resipere
2571 3422 2827 3486 videtur
2856 3425 2969 3489 hic

752 3519 1134 3586 CardinaIiS.

813 3623 863 3673 N
866 3638 1087 3687 yssenus‚
1122 3620 1368 3684 ‘Corpus,’
1389 3620 1574 3684 inquit,
1600 3624 1616 3648 ‘
1629 3623 1967 3673 venerandum
1986 3661 1999 3674 .
2017 3661 2029 3674 .
2052 3661 2065 3674 .
2096 3640 2212 3675 cum
2234 3627 2397 3675 multo
2416 3626 2604 3677 honore
2624 3664 2636 3675 .
2655 3664 2668 3676 .
2688 3664 2701 3676 .
2718 3631 2972 3692 composi-

876 3711 990 3755 tum
1021 3705 1077 3754 in
1113 3708 1327 3766 augusto
1351 3740 1364 3753 .
1389 3739 1402 3752 .
1427 3740 1439 3752 .
1475 3703 1586 3753 loco
1620 3705 1777 3754 situm
1813 3710 1890 3755 cst
1904 3707 2052 3755 ¹.”-
2074 3706 2231 3770 [Bell.
2264 3707 2412 3772 Apol.
2459 3724 2550 3773 pro
2587 3709 2764 3773 Resp.]
2807 3726 2856 3774 p.
2885 3716 2968 3764 13.

881 3786 1019 3851 [Op.,
1043 3791 1165 3836 tom.
1188 3785 1275 3834 vii.
1299 3785 1390 3834 col.
1416 3785 1527 3837 712.
1553 3785 1639 3848 Β.]

814 3926 832 3949 ·
866 3918 1004 3983 [Νυνὶ
1045 3915 1095 3966 δὲ
1135 3920 1160 3966 ὁ
1194 3914 1434 3978 ἁψάμενος
1480 3916 1663 3968 ὄστέων
1695 3918 1807 3981 μείρ-
1959 3920 1977 3951 ‘
2011 3919 2146 3984 [Act.
2177 3920 2349 3983 Apost.
2369 3921 2474 3970 xix.
2500 3919 2600 3985 12]

747 4001 902 4045 τυρος,
937 3981 1174 4043 λαμβάνει
1204 3982 1311 4030 τινὰ
1344 3983 1608 4041 μετουσίαν
1643 3985 1808 4044 α’γιασ-
1962 3991 1986 4016 “
2026 3983 2155 4049 [Hic
2193 3985 2331 4034 locus
2361 3985 2494 4034 haud
2528 3986 2824 4048 comparuit.
2867 3988 2969 4036 Ob-

746 4051 839 4109 μοῦ
882 4050 936 4097 ἐκ
983 4050 1070 4105 τῆς
1114 4049 1182 4109 τῷ
1219 4048 1401 4106 σώματι
1438 4047 1811 4110 παρεδρευούσης
1895 4055 2062 4099 nervat
2113 4054 2284 4099 autem
2341 4049 2652 4110 Plutarchus,
2711 4051 2967 4114 (Sympos,

746 4115 1019 4227 ἑόρίῖἕὲῐῖ
1029 4109 1375 4225 {mittans
1404 4115 1620 4238 ῗξίξξ
1641 4112 1811 4226 ’ΧΡῖἓ
1896 4114 1986 4242 ¹13¹}
2010 4115 2079 4228 1}-
2099 4114 2965 4229 Ψῖἳὲξξ;.ἑίρὲἁω.ῗ.ιῗ·.ἳιὸἒὲ·

747 4242 980 4305 Append.
1103 4213 1196 4292 ailo
1221 4238 1501 4289 Humiliam
1525 4241 1811 4301 Gameriuss,
1898 4262 2044 4292 κοντα
2095 4197 2205 4294 {aies
2256 4198 2438 4307 χρείαις
2492 4247 2568 4294 ἐπὶ
2622 4246 2681 4293 τὸ
2722 4201 2968 4295 'Atio-:cic

748 4307 824 4367 (in
850 4307 994 4355 Praef.
1018 4306 1082 4355 ad
1113 4312 1236 4355 tom.
1260 4306 1292 4354 i.
1318 4318 1423 4366 cap.
1450 4309 1526 4355 39.
1563 4321 1610 4368 p.
1635 4307 1809 4355 xxxiv.
1898 4308 2235 4370 ἐκθειάζουσιν,
2274 4312 2335 4359 ὥς
2373 4311 2432 4358 τὸ
2477 4310 2610 4372 ὕδωρ,
2646 4311 2707 4359 ὣς
2740 4311 2801 4358 τὸ
2846 4317 2966 4370 φῶς.

745 4369 867 4418 edit.
896 4370 1101 4434 Bened.)
1128 4375 1184 4420 ut
1219 4369 1441 4432 spuriam
1476 4371 1669 4433 rejicit3
1711 4371 1811 4420 Ma-
1896 4373 1986 4422 τὰς
2029 4376 2165 4437 ὥρας·
2196 4375 2289 4433 τὴν
2331 4373 2382 4422 δὲ
2416 4376 2513 4435 γῆν
2554 4375 2609 4423 οὖ
2641 4374 2786 4434 μόνον
2822 4378 2966 4435 θεῖον,

746 4448 897 4483 mnus
939 4450 1072 4493 vero,
1116 4437 1172 4484 in
1210 4436 1330 4484 vita
1375 4435 1424 4484 S.
1456 4435 1633 4485 Basilii
1682 4438 1807 4498 (cap.
1897 4436 2027 4486 ἀλλὰ
2051 4439 2127 4487 καὶ
2150 4439 2271 4486 Θεὸν
2294 4437 2716 4501 ὑπολαμβάνουσι]

744 4498 835 4573 xli.
865 4503 983 4547 sect.
1010 4502 1054 4548 6.
1094 4514 1142 4562 p.
1168 4499 1415 4562 clxxviii.)
1448 4500 1638 4550 Basilio
1672 4502 1809 4550 resti·
1962 4509 1983 4531 ¹
2022 4503 2183 4566 [Σῶμα
2201 4503 2252 4552 δὲ
2273 4505 2332 4551 τὸ
2366 4505 2540 4564 σεμνὸν
2561 4503 2641 4552 καὶ
2665 4504 2970 4561 ἀκηλῐδωτσν

746 4560 883 4622 timu]
1898 4567 2079 4627 ἐκείνης
2104 4568 2319 4631 ὄργανον,
2348 4570 2552 4629 offlano&
2579 4571 2683 4618 τοῖς
2713 4569 2849 4619 ἰδίοις
2876 4570 2969 4618 τά·
