3165 4959
981 337 1347 386 APoLofflAM
1393 335 1755 385 Rssrossm.
2338 320 2467 385 407

349 495 443 559 Ae
477 517 517 558 a
554 495 802 558 Christo
844 499 991 557 nato
1033 494 1121 556 ad
1161 493 1560 575 Bonifacium
1592 493 1719 555 III.
1759 493 1909 555 anni
1946 498 2187 555 tantum
2221 493 2466 558 DCVI.
2499 502 2603 565 [De
2624 506 2746 551 tem·
2781 567 2792 580 .

257 599 406 663 Nee
445 598 619 662 enim
656 597 736 662 ab
785 605 931 660 ortu
975 596 1193 660 statim
1240 595 1619 660 convalescit
1665 596 1929 674 titulus;
1983 596 2467 680 Praescriptione
2494 572 2797 681 {ffssfmm

257 723 420 785 opus
448 710 566 765 est.
661 700 796 765 Ubi
824 721 972 764 vero
999 721 1114 783 per
1143 700 1472 783 sexaginta
1503 700 1643 782 jam
1674 720 1874 763 annos
1905 699 2277 783 praescribit,
2309 700 2467 763 titu-
2493 696 2671 745 christi

254 804 398 868 lum
429 806 880 869 confirmatum
910 804 1094 887 gerit.
2493 765 2727 890 {1⁰03ssth

347 909 493 972 Nee
535 908 911 971 confirmato
950 906 1089 989 jam
1129 905 1339 984 titulo,
1380 907 1737 970 mutatione
1786 913 2094 989 praeterea
2131 929 2290 991 opus
2329 916 2466 970 erat
2578 914 2711 977 294

254 1012 585 1096 peculiari.
676 1012 833 1075 Non
879 1011 934 1073 is
980 1009 1284 1094 operandi
1331 1008 1577 1089 modus„
1613 1010 1685 1073 in
1730 1010 2052 1096 mysterio.
2147 1011 2337 1077 Quod
2374 1010 2467 1074 ibi

256 1116 357 1194 fit,
390 1114 625 1178 sensim
653 1115 766 1177 fit:
814 1113 1070 1191 sensim,
1103 1120 1168 1176 et
1198 1113 1334 1176 sine
1365 1135 1576 1178 sensu.
1642 1113 1776 1178 Ubi
1804 1115 1875 1177 in
1905 1121 2214 1178 strumam
2246 1136 2463 1199 perve-

255 1217 362 1280 nit
410 1216 707 1300 superbia
751 1216 915 1280 sedis
961 1216 1152 1296 illius,
1200 1217 1466 1282 crevisse
1511 1219 1649 1302 jam
1693 1217 1890 1281 sensit
1928 1218 2227 1297 mundus,
2274 1241 2466 1302 quam

255 1342 394 1384 non
438 1321 635 1384 sensit
674 1327 1081 1384 crescentem.
1145 1320 1280 1384 Ubi
1324 1342 1532 1384 massa
1573 1323 1714 1407 jam
1753 1322 2154 1401 fermentata,
2185 1330 2328 1385 tum
2357 1322 2468 1386 de-

254 1445 441 1487 mum
486 1425 875 1487 fermentum
923 1425 1257 1508 apparuit3
1322 1445 1455 1488 non
1499 1426 1567 1487 in
1594 1424 1767 1506 fieri,
1813 1432 1888 1487 ut
1927 1445 2066 1488 mos
2105 1431 2222 1503 est,
2255 1424 2367 1489 sed
2393 1424 2465 1487 in

241 1526 500 1609 sactum
529 1547 675 1591 esse.

323 1666 374 1715 A
399 1703 411 1714 .
438 1702 450 1715 .
473 1664 756 1729 direptione
780 1665 959 1729 templi
984 1702 995 1715 .
1022 1702 1033 1713 .
1058 1664 1123 1715 ad
1144 1680 1260 1716 ann.
1287 1702 1298 1713 .
1325 1702 1336 1714 .
1361 1664 1450 1715 DC
1462 1665 1563 1725 VL,
1589 1681 1688 1728 quo
1711 1665 1846 1715 sedit
1872 1666 2178 1728 Bonifaeius,
2199 1670 2319 1716 sunt
2341 1668 2463 1717 anui

392 1746 868 1812 nomon—{Rem
884 1748 1032 1811 Apol.
1056 1762 1148 1811 pro
1171 1745 1341 1811 Rssp.]
1364 1762 1412 1811 p.
1433 1749 1544 1798 163.
1580 1747 1714 1812 [Op.,
1737 1751 1858 1797 tom.
1876 1749 1964 1798 vii.
1998 1748 2094 1798 col.
2119 1750 2228 1800 796.
2253 1750 2315 1798 A.
2332 1748 2418 1812 R]

346 1866 439 1928 At
484 1886 523 1927 a
569 1866 809 1947 direpto
848 1886 972 1947 per
1017 1866 1377 1946 Pompeium
1420 1867 1665 1946 Templo
1712 1866 2026 1930 calculum
2076 1866 2131 1929 si
2178 1865 2463 1944 ordiaris,

263 1969 355 2049 (et
387 1975 502 2047 est,
538 1990 578 2031 a
608 1969 852 2050 direpto
889 1969 1152 2050 Temple,
1196 1989 1322 2031 aera
1362 1969 1512 2032 satis
1542 1969 1828 2053 illustris)
1865 1969 2211 2053 complebis
2238 1991 2468 2033 nume-

256 2092 427 2134 rum.
489 2072 635 2135 Imo
666 2071 1073 2154 quadriennio
1103 2073 1444 2153 superabis.
1506 2072 1612 2136 Ad
1643 2073 1907 2137 Baronii
1934 2073 2097 2137 forte
2128 2074 2464 2152 calculum,

257 2175 372 2257 qui
400 2176 469 2237 in
500 2175 711 2240 Probo
749 2175 965 2238 minus
1002 2175 1197 2258 probe
1227 2197 1363 2238 rem
1394 2176 1588 2260 gessit
1607 2185 1665 2239 ⁰:
1713 2176 1793 2238 ad
1823 2177 2092 2241 aliorum
2121 2199 2254 2241 non
2287 2177 2463 2255 item,

257 2278 431 2361 apud
476 2300 634 2361 quos
679 2279 785 2342 vix
834 2278 1129 2362 reperiaS,
1179 2279 1286 2361 qui
1333 2301 1372 2341 a
1417 2279 1666 2363 direpto
1704 2279 1970 2363 Templo
2017 2280 2097 2343 ad
2139 2280 2467 2344 Christum

255 2390 488 2445 natum
516 2382 659 2465 plus
689 2382 1017 2464 sexaginta
1056 2382 1241 2444 annis
1284 2390 1598 2446 numeret.
1690 2383 1796 2445 Ne
1828 2382 1906 2445 de
1935 2383 2157 2445 vestris
2186 2382 2462 2465 quidem.

256 2488 416 2551 Non
464 2487 766 2571 litigabo:
827 2508 980 2550 nam
1028 2487 1082 2550 si
1133 2487 1385 2550 animus
1431 2486 1728 2569 litigandi
1776 2487 1878 2565 sit,
1928 2509 2121 2570 quam
2166 2487 2351 2552 facile
2396 2489 2467 2551 in

254 2612 530 2654 numero
576 2598 761 2655 tanto
812 2587 1104 2672 quatuor*
1130 2590 1281 2653 anni
1327 2589 1715 2654 eliduntur?
1805 2590 1984 2666 Esto,
2039 2590 2465 2672 quadriennio·

258 2695 668 2762 Quantillum
701 2716 846 2759 vero
876 2695 1046 2759 hoc?
1138 2695 1353 2761 Quam
1380 2693 1572 2756 multi
1603 2693 1799 2756 etiam
1830 2693 2241 2776 Chronologi,
2273 2693 2469 2756 etiam

257 2798 373 2881 qui
402 2799 692 2863 Danielis
737 2798 1188 2877 hebdomadaS,
1221 2798 1333 2882 qui
1379 2819 1580 2861 annos
1626 2797 1695 2860 in
1745 2796 2059 2881 scriptura
2097 2804 2465 2880 supputant,

256 2911 326 2965 et
378 2902 634 2985 alioqui,
684 2902 806 2966 sibi
855 2902 1221 2987 peritissimi
1268 2902 1586 2981 videntur,
1642 2901 1752 2984 qui
1800 2900 1872 2963 in
1930 2901 2166 2964 minore
2216 2921 2466 2964 numero

256 3006 591 3090 scrupulos
636 3028 783 3071 suos
821 3028 956 3071 non
983 3014 1121 3070 tam
1149 3006 1485 3071 conciliare
1516 3003 1847 3070 commode
1876 3011 2162 3088 possunt,
2196 3025 2466 3087 quorum

254 3132 392 3174 non
420 3117 558 3174 tam
587 3132 782 3194 prope
811 3111 892 3174 ad
913 3109 1248 3176 veritatem
1277 3109 1502 3174 calculi
1533 3108 1879 3173 accedunt:
1939 3109 2028 3171 Et
2057 3109 2111 3172 si
2140 3107 2464 3186 accedant,

256 3214 442 3299 quasi
489 3214 656 3278 bene
702 3221 881 3298 gesta
924 3235 1014 3293 re,
1068 3214 1231 3278 serio
1280 3214 1682 3298 triumphent
1697 3214 1728 3276 ¹?
1787 3213 2035 3276 Verum
2082 3212 2465 3289 meminerit,

257 3319 509 3401 Regem
560 3317 720 3380 illud
765 3339 970 3381 unum
1015 3338 1152 3381 non
1196 3338 1503 3401 premere.
1599 3319 1845 3396 Sumat,
1896 3317 1950 3380 si
1993 3317 2162 3381 volet
2210 3317 2463 3394 Lector,

255 3421 420 3500 hoc;
469 3420 569 3484 sin
597 3421 800 3500 malit,
831 3422 1101 3484 alterum
1130 3421 1324 3485 illud:
1417 3421 1726 3485 Liberum
1758 3421 1930 3485 enim
1958 3420 2216 3502 reliquit
2245 3419 2359 3496 illi,
2390 3424 2467 3481 ut

255 3524 328 3587 in
360 3523 670 3588 alterutro
702 3524 1076 3607 acquiescat.

325 3660 475 3710 Visio
512 3663 705 3723 quarta,
741 3696 753 3709 .
787 3696 801 3709 .
842 3696 854 3709 .
886 3663 1077 3723 quanto
1115 3659 1366 3723 prolixius
1402 3661 1650 3708 tractatur
1680 3672 1710 3708 a
1746 3657 1897 3720 Rege,
1920 3660 2065 3706 tanto
2098 3655 2298 3705 brevius
2319 3668 2464 3718 expe·

388 3741 560 3791 dietur
579 3756 611 3792 a
631 3740 1008 3807 nobis—[Bell.
1032 3740 1181 3805 Apol.
1205 3755 1297 3805 pro
1320 3739 1496 3804 Resp]
1517 3753 1565 3803 p.
1584 3741 1695 3789 163.
1720 3738 1855 3805 [Op.,
1877 3741 2000 3786 tom.
2016 3737 2103 3787 vii.
2128 3736 2220 3786 col.
2246 3735 2357 3788 796.
2376 3735 2459 3800 C.]

345 3860 425 3922 In
466 3861 714 3923 V'wione
761 3864 987 3943 quarta
1035 3864 1264 3941 quanto
1303 3858 1625 3940 prolim‘or
1669 3857 1828 3934 Reae,
1879 3861 2053 3918 tanto
2104 3854 2464 3916 Cardinalis
2488 3871 2587 3937 [De
2600 3873 2792 3924 visione

257 3965 520 4027 brevior.
617 3965 798 4028 Eone
821 3965 960 4048 jam
988 3984 1089 4026 res
1116 3962 1302 4040 redit,
1334 3969 1408 4026 ut
1438 3962 1549 4045 qui
1579 3960 1660 4023 ad
1688 3961 1880 4042 Reyis
1908 3960 2248 4040 eoeemplum
2266 3955 2287 3996 f
2314 3963 2463 4020 ante
2487 3937 2708 4001 quarta]

257 4089 327 4132 se
375 4088 774 4151 componere,
834 4067 1010 4131 laudi
1068 4065 1367 4144 duxisset,
1420 4066 1559 4148 jam
1622 4064 1786 4147 Regi
1845 4063 2180 4127 advorsum
2232 4067 2336 4124 eat
2387 4080 2465 4122 ex

256 4172 540 4256 professo
557 4173 587 4234 ’ἓ
678 4172 930 4255 Injuria
966 4171 1060 4235 ibi
1091 4170 1289 4248 nulla,
1323 4169 1493 4252 quod
1526 4170 1811 4231 imitatus
1846 4168 2087 4248 Reyem.
2177 4163 2462 4229 Nullane

256 4275 385 4354 hie,
419 4274 590 4358 quod
618 4275 698 4339 ad
729 4276 1073 4357 oppositum
1101 4274 1357 4339 incedat
1385 4274 1545 4355 Reyi
1563 4275 1597 4335 ,2
1684 4270 1866 4336 Adeo
1897 4277 2047 4334 ante
2078 4274 2459 4346 commotus,

324 4455 344 4478 ⁸
382 4445 592 4510 [Baton.
616 4447 751 4496 Ann.
790 4445 922 4496 Eccl.
963 4446 1029 4497 ad
1061 4460 1179 4496 ann.
1203 4447 1311 4495 283.
1470 4443 1486 4474 ¹
1522 4443 1670 4508 [Bell.
1690 4442 1838 4506 Apol.
1853 4457 1943 4506 pro
1961 4441 2129 4506 Resp.]
2153 4456 2201 4506 p.
2221 4441 2298 4491 44.
2324 4439 2455 4506 [Op.,

260 4526 399 4560 num.
422 4510 486 4560 iv.
513 4515 565 4560 et
586 4527 631 4561 v.
668 4515 790 4562 tom.
815 4512 871 4560 ii.
905 4512 1016 4561 coll.
1043 4513 1152 4561 820.
1179 4511 1266 4561 821
1277 4509 1313 4573 .]
1404 4513 1523 4559 tom.
1544 4509 1631 4558 vii.
1655 4509 1746 4558 col.
1766 4509 1876 4560 729.
1893 4506 1970 4571 0.]
