3165 4959
975 327 1342 376 stomoma
1386 330 1750 378 RESPONSIO.
2347 318 2476 380 219

346 481 436 543 Et
467 480 772 563 quicquid
801 481 871 544 in
903 482 1367 547 Controversiis
1398 484 1648 563 dixerit,
1682 487 1876 547 multa
1910 507 1993 547 au
2023 506 2245 568 pauca,
2279 507 2479 567 quan-

259 583 622 666 docunque,
669 584 1037 668 ubicunque
1082 586 1332 665 dixerit,
1383 589 1674 670 quoniam
1733 595 2065 670 peccatum
2111 610 2233 651 non
2276 590 2480 668 habet,

259 684 464 766 ipsum
506 706 575 748 se
616 686 930 766 seducere,
986 694 1047 750 et
1092 690 1420 754 veritatem
1464 692 1533 753 in
1577 712 1647 754 eo
1700 712 1824 755 non
1874 691 2058 755 essek.
2148 692 2291 754 Nec
2335 712 2484 754 vera

262 809 416 870 ergo
450 810 593 871 quae
623 789 793 852 dioeit
822 792 891 852 in
927 791 1399 872 Controversiis,
1433 794 1487 858 si
1517 796 1656 857 haec
1686 795 1848 859 dixit
1875 822 1887 858 :
1937 815 2080 873 nec,
2105 795 2204 858 vel
2236 796 2360 871 hic,
2385 794 2486 857 vel

262 914 557 975 usquam,
602 893 683 956 ab
730 915 808 957 eo
848 897 1183 975 repetenda
1207 922 1227 969 ;
1283 918 1396 961 nec
1422 920 1593 975 vera,
1627 921 1769 981 quae
1797 900 2055 962 Jesuitae
2086 900 2359 980 quidam,
2393 920 2482 976 se,

263 995 347 1058 ab
380 996 569 1059 annis
598 996 818 1060 nescio
848 1006 1026 1079 quot,
1059 1008 1396 1081 peccatum
1426 1002 1682 1064 nullum
1715 1000 2066 1066 admisisse.

330 1149 394 1198 In
418 1150 647 1212 symbolo
671 1150 721 1200 Ν
726 1152 867 1200 iceno
905 1150 973 1214 [si
1010 1152 1118 1202 Rex
1153 1154 1282 1204 illud
1314 1154 1559 1205 admittat
1594 1170 1709 1204 cum
1743 1156 2005 1206 additione
2028 1155 2244 1205 Concilii
2279 1155 2485 1205 secundi

396 1232 674 1295 generalis]
712 1271 723 1282 .
761 1271 772 1282 .
809 1271 820 1282 .
857 1235 1084 1284 inveniet
1116 1271 1128 1283 .
1164 1272 1176 1285 .
1211 1272 1224 1284 .
1260 1239 1276 1263 ‘
1295 1236 1551 1286 Confiteor
1584 1252 1743 1286 unum
1777 1238 2031 1302 baptisma
2058 1239 2115 1287 in
2138 1238 2486 1288 remissionem

400 1315 749 1377 peccatorum!
794 1315 919 1374 Quae
941 1317 1093 1367 verba
1112 1317 1314 1368 recitari
1337 1319 1517 1378 solent,
1534 1320 1624 1369 sed
1641 1320 1777 1369 credi
1801 1335 1904 1369 non
1926 1321 2092 1370 solent
2111 1335 2142 1370 a
2160 1319 2486 1381 Gabinianis,

399 1411 614 1458 quorum
648 1396 934 1447 doctrinam
960 1397 1071 1448 Rex
1107 1400 1215 1463 ipse
1252 1400 1495 1462 sequitur.
1536 1400 1662 1465 [leg.
1692 1402 1852 1464 Angli
1879 1407 1932 1451 et
1954 1402 2093 1451 Scoti
2127 1405 2488 1465 sequuntur.—

402 1476 528 1527 Bell.
553 1478 701 1541 Apol.
719 1492 809 1541 pro
829 1478 1000 1543 Resp.]
1022 1495 1072 1543 p.
1087 1483 1166 1531 85.
1193 1481 1327 1547 [Op.‚
1348 1486 1472 1532 tom.
1490 1483 1576 1531 vii.
1605 1483 1697 1532 col.
1714 1483 1825 1534 752.
1851 1485 1914 1531 A.
1936 1482 2022 1546 Β.]

357 1593 445 1656 In
488 1594 727 1656 Nzceno
775 1596 1063 1677 Symbola
1114 1597 1280 1660 nihil
1331 1599 1608 1682 reperit:
1657 1599 1770 1662 sed
1813 1620 1934 1662 nee
1980 1597 2061 1662 ab
2109 1620 2185 1661 eo
2230 1596 2482 1684 (etiam,
2513 1615 2748 1679 [Symbm

266 1717 409 1758 cum
469 1696 790 1760 additione
854 1699 1118 1762 Concilii
1182 1702 1438 1764 secundi
1505 1703 1855 1783 Generalis)
1937 1701 2223 1765 alienum
2300 1702 2476 1784 quic·
2508 1681 2813 1806 3313}ch

265 1821 465 1882 quam
508 1799 846 1879 credimus,
880 1801 1170 1881 dicimuS,
1204 1803 1505 1868 docemus
1526 1831 1546 1882 3
1596 1806 1878 1889 ejusque,
1910 1812 1985 1867 ut
2014 1804 2211 1868 verba
2252 1805 2482 1868 recita·
2509 1812 2748 1861 missione

267 1925 435 1980 mus,
494 1902 590 1965 ita
647 1924 907 1967 sensum
966 1913 1282 1971 tenemus,
1396 1908 1681 1971 Tametsi
1754 1908 1951 1986 enim,
2020 1909 2302 1989 qratiam
2359 1908 2484 1970 Dei
2507 1881 2822 2005 ffifflzssm

270 2008 679 2070 Sacramento
722 2029 845 2071 non
889 2011 1212 2092 alliyemus
1231 2038 1252 2084 ;
1305 2019 1546 2090 tamen,
1579 2033 1773 2093 neque
1804 2010 2050 2091 salsam
2081 2013 2147 2073 in
2181 2014 2482 2092 parvulo-
2507 2005 2637 2069 m0‚]

266 2131 410 2172 rum
457 2112 854 2192 Baptismate
912 2116 1335 2178 remissionem
1383 2121 1840 2197 peccatorum5
1908 2135 2020 2177 nec
2078 2114 2259 2177 verbo
2309 2121 2486 2177 tenus

269 2214 419 2291 dici,
475 2215 589 2276 sed
627 2216 936 2277 veraciter
965 2218 1090 2298 aqi,
1124 2216 1496 2290 credimus¹;
1544 2220 1687 2281 Nec
1732 2219 1921 2280 aliter
1965 2218 2053 2280 ad
2085 2218 2486 2299 om‘yinalium

256 2323 664 2398 peccatorum
722 2319 1192 2400 indulyentiam‚
1246 2323 1347 2383 vel
1404 2321 1481 2383 ab
1540 2320 1904 2401 infantibus,
1956 2322 2056 2382 vel
2112 2321 2189 2382 ab
2250 2320 2487 2383 adultis

258 2422 603 2502 per-venia,
636 2442 822 2504 quam
852 2424 910 2485 si
941 2444 1146 2486 omnes·
1183 2426 1427 2487 omnino
1475 2424 1734 2487 abluant
1767 2429 2037 2505 peccata
2081 2444 2197 2486 sua
2232 2425 2484 2486 lavacro

267 2526 614 2587 salutarim.
713 2528 975 2590 Poterat
1006 2548 1180 2611 erg0‚
1215 2527 1294 2591 de
1325 2529 1481 2590 Fide
1510 2528 1617 2590 hic
1648 2535 1887 2606 nostra,
1909 2527 2271 2591 Cardinalis
2287 2526 2486 2607 fidem

266 2649 405 2691 non
449 2629 688 2693 habere
735 2630 1105 2694 hominibus
1149 2639 1284 2695 tam
1330 2631 1500 2694 laesae
1531 2632 1734 2708 Fidei,
1767 2638 1960 2713 atque
1990 2631 2084 2693 ita
2112 2630 2331 2693 labore
2360 2630 2485 2693 hoc

269 2752 391 2794 suo
422 2738 556 2793 tam
589 2754 980 2815 supervacuo
1012 2734 1446 2817 supersedere.

338 2884 568 2947 Symboli
602 2886 743 2935 tertii
773 2886 1061 2946 articulum,
1100 2887 1163 2937 de
1198 2886 1396 2937 ratione
1432 2884 1706 2942 reddenda,
1739 2885 1802 2935 de
1835 2886 2055 2949 propriis
2088 2885 2234 2935 factis
2256 2884 2364 2934 Rex
2386 2899 2484 2935 cre-

403 2968 520 3017 dere
559 2983 662 3018 non
696 2970 898 3032 poterit.
969 2970 1281 3019 Confitemur
1308 2969 1565 3033 judicium
1591 2968 1939 3028 novissimum,
1963 2969 2019 3017 in
2050 2983 2149 3032 quo
2187 3004 2198 3016 .
2235 3003 2247 3016 .
2282 3003 2295 3017 .
2320 2966 2484 3029 judex

403 3066 493 3114 pro
532 3052 774 3114 qualitate
809 3054 1054 3102 factorum
1090 3053 1266 3102 reddet
1299 3053 1417 3102 aliis
1457 3065 1694 3101 coronam
1731 3050 1968 3114 justitias,
2003 3051 2121 3100 aliis
2153 3086 2165 3099 .
2202 3088 2213 3099 .
2250 3087 2261 3099 .
2298 3050 2485 3113 suppli-

404 3134 539 3183 cium
583 3136 962 3199 sempiternum.
1032 3136 1168 3186 Nam
1202 3137 1245 3185 si
1282 3150 1385 3185 non
1425 3150 1515 3199 pro
1554 3135 1756 3183 meritis
1794 3148 2019 3197 operum,
2059 3133 2146 3183 sed
2179 3135 2234 3183 in
2263 3134 2484 3196 gratiam

404 3215 539 3276 fidei,
566 3222 618 3265 et
653 3217 770 3281 [leg.
793 3218 901 3281 vel]
937 3218 1157 3282 justitiae
1187 3217 1423 3284 [Christi]
1459 3217 1855 3267 misericorditer
1889 3218 2155 3280 imputatne
2192 3215 2485 3281 [fidelibus],

403 3298 510 3348 vita
544 3302 735 3349 aeterna
766 3298 985 3360 daretur,
1009 3315 1111 3349 non
1144 3305 1274 3350 esset
1306 3314 1432 3364 opus
1459 3299 1673 3363 judicio,
1696 3313 1858 3361 neque
1881 3299 2188 3348 discussione
2210 3298 2485 3347 factorum:

406 3394 569 3441 neque
604 3385 856 3443 oporteret
893 3381 924 3430 J
928 3381 1127 3431 udicem
1169 3381 1383 3445 justum,
1423 3381 1509 3431 sed
1554 3380 1759 3430 Patrem
1803 3380 2178 3430 misericordem
2213 3379 2484 3433 advenire:

404 3477 565 3526 neque
598 3466 848 3514 rationem
883 3464 944 3514 de
978 3467 1124 3516 sactis
1158 3503 1168 3514 .
1206 3503 1217 3515 .
1254 3502 1265 3514 .
1301 3465 1528 3524 reddere,
1552 3463 1639 3514 sed
1665 3463 1857 3513 Christi
1873 3463 2132 3526 justitiam
2155 3464 2302 3512 nobis
2325 3465 2485 3527 impu-

403 3550 564 3595 tatam
597 3581 610 3593 .
646 3583 658 3595 .
694 3583 705 3595 .
748 3547 1007 3596 ostendere
1045 3546 1605 3611 deberemus.—[Bell.
1637 3544 1786 3608 Apol.
1825 3559 1918 3608 pro
1955 3543 2124 3607 Resp]
2155 3558 2207 3606 p.
2231 3546 2309 3595 87.
2348 3544 2484 3607 [Op.‚

402 3629 635 3678 tamaii.
673 3630 766 3678 col.
791 3629 901 3680 753.
927 3628 1009 3693 Β.]

365 3745 717 3826 Symbolum
771 3767 1023 3828 quoque
1071 3747 1323 3808 tertium
1369 3745 1449 3807 ab
1496 3742 1856 3807 Athanasio
1902 3742 2337 3823 conscriptum
2382 3762 2480 3804 re·
2509 3756 2583 3869 {et
2608 3756 2815 3819 Symbo-

273 3849 547 3932 cipimus
590 3850 859 3932 integre.
954 3850 1055 3913 De
1099 3851 1372 3927 Judicio,
1422 3847 1588 3911 nihil
1635 3846 1786 3908 inde
1832 3866 1990 3927 opus
2033 3844 2175 3922 fuit,
2208 3844 2480 3908 mentio·
2509 3819 2820 3944 3323}ss

274 3973 424 4015 nem
469 3953 627 4031 fieri,
661 3974 808 4016 cum
855 3960 921 4016 et
964 3953 1035 4016 in
1065 3954 1426 4035 Apostolico
1461 3951 1749 4032 Symbolo
1781 3969 2151 4031 expressum
2182 3946 2284 4026 sit,
2317 3956 2383 4011 et
2411 3949 2482 4011 in
2508 3949 2818 4063 ffissmffiju‘

288 4040 305 4053 ο
2507 4052 2677 4143 οἰρὶι.’]

342 4156 363 4186 ¹
401 4157 456 4219 [1
480 4157 625 4207 Joan.
648 4158 682 4205 i.
710 4156 782 4219 8.]
1489 4165 1522 4187 ¹¹¹
1560 4156 1619 4219 [“
1634 4155 1756 4204 Noli
1793 4152 2008 4210 credere,
2042 4169 2135 4203 nec
2172 4154 2352 4212 dicere,
2390 4169 2481 4203 nec

341 4220 351 4251 ¹
401 4222 595 4286 [“Non
630 4227 707 4271 est
740 4223 881 4271 enim
918 4222 1057 4281 falsa,
1094 4222 1250 4271 etiam
1282 4222 1338 4270 in
1426 4222 1617 4279 docere,
1653 4220 1890 4279 Infantem
1923 4224 2192 4282 antequam
2232 4220 2483 4282 baptizen-

274 4287 598 4349 parvulorum
620 4287 942 4350 baptismate,
977 4287 1207 4336 remissio
1230 4302 1337 4349 pec-
1425 4290 1524 4346 tur,
1548 4290 1711 4335 morte
1733 4290 2029 4347 praeventos.
2058 4298 2202 4347 posse
2224 4284 2483 4347 pervenire

274 4356 515 4410 catorum,
538 4366 630 4401 nec
654 4352 807 4402 verbo
829 4357 977 4401 tenus
1010 4351 1213 4409 dicitur,
1248 4352 1337 4401 aed
1424 4352 1488 4400 ad
1514 4350 1843 4413 originalium
1866 4349 2242 4410 indulgentiam
2265 4353 2486 4413 peccato-

275 4418 519 4465 veraciter
541 4416 872 4478 agitur.”-S.
892 4418 1024 4479 Aug.
1050 4416 1211 4479 Epist.
1228 4432 1333 4466 cxc.
1424 4417 1581 4465 rum.”
1599 4444 1664 4451 —
1688 4414 1739 4463 S.
1763 4415 1893 4475 Aug.
1944 4413 2006 4463 de
2047 4415 2250 4475 Anima,
2295 4414 2382 4463 lib.
2408 4415 2482 4465 iii.

277 4481 363 4535 (al.
381 4482 536 4543 clvii.)
556 4482 620 4531 ad
645 4482 905 4545 optatum.
930 4485 1049 4543 §23.
1076 4481 1186 4545 Op..
1213 4486 1333 4531 tom.
1424 4496 1531 4544 cap.
1559 4482 1628 4530 ix.
1674 4480 1811 4542 (sect.
1836 4480 1934 4543 12.)
1986 4478 2096 4544 Op„
2141 4484 2263 4529 tom.
2298 4495 2350 4529 x.
2391 4479 2484 4530 col.

274 4546 327 4594 ii.
362 4546 455 4596 col.
480 4549 622 4597 1060.
650 4546 735 4610 Β.]
1425 4547 1537 4599 747.
1566 4546 1654 4608 Β.]
