3165 4959
405 510 498 622 '[ut
519 521 587 557 re-

425 576 575 622 erunt

406 637 628 700 Scotus,]

731 331 774 393 8
1284 404 1287 413 ¹
1359 345 1445 394 AD
1488 345 1872 394 cABDmALls
1914 342 2314 392 nmmum

731 501 906 566 enim
934 508 1206 585 poterat.
1297 503 1517 568 Vestri
1543 503 1841 568 homines
1871 501 2218 585 praeierunt
2244 500 2341 563 illi
2370 498 2560 563 viam.
2654 497 2885 560 Scotus
2908 494 2938 534 ἃ

729 607 888 691 ipse,
921 614 1073 671 ante
1113 628 1315 671 annos
1344 614 1693 672 trecentos.
1781 607 2151 683 Dicendum,
2185 605 2351 687 quod
2385 603 2686 667 Ecclesiae
2722 601 2931 664 decla·

731 711 904 773 ravit
942 711 1130 772 istum
1168 711 1548 774 intellectum
1585 730 1716 773 esse
1761 710 1838 772 de
1873 706 2141 772 veritate
2155 706 2336 789 fidei,
2366 706 2434 769 in
2478 706 2588 768 illo
2622 703 2935 785 Symbolo,

733 813 900 876 edito
929 813 1043 876 cub
1076 813 1437 877 Innocentio
1466 814 1596 878 III.
1628 815 1696 877 in
1742 814 2017 877 Concilio
2044 809 2481 874 Lateranensi.
2569 808 2715 871 Nec
2750 827 2939 870 secus

733 915 985 998 reliqui.
1075 916 1319 980 Audin’
1354 918 1713 999 Symbolum
1755 917 2106 980 Innocentii
2133 915 2261 977 ΙΙΙ.
2287 915 2341 992 ἓ,
2384 911 2558 996 quod
2595 911 2770 975 inter
2807 911 2942 973 tria

742 1019 977 1102 (credo)
1016 1020 1310 1102 Symbola
1353 1042 1487 1085 non
1527 1028 1645 1085 est.
1740 1022 1970 1104 Caput,
2002 1020 2302 1083 Firmiter
2336 1017 2644 1080 credimus
2661 1017 2714 1093 ?,
2761 1014 2942 1098 quod

735 1130 836 1186 est
875 1124 1111 1203 Extra,
1144 1124 1406 1202 scilicet,
1438 1124 1508 1187 in
1549 1123 2001 1189 Decretalibus
2037 1121 2450 1186 Pontificum.
2536 1120 2619 1181 In
2658 1120 2939 1182 Concilio

732 1226 1150 1289 Lateranenei
1173 1236 1196 1265 ⁰
1210 1227 1244 1289 ,⁹
1289 1226 1461 1310 quod
1490 1248 1695 1291 annos
1715 1228 1865 1309 plue
1893 1227 2311 1308 septinyentoc
2339 1222 2483 1299 fuit,
2516 1229 2659 1305 post
2688 1241 2938 1284 annum

736 1328 982 1393 Christi
1012 1331 1579 1412 quingentesimum.
1651 1331 1799 1397 Qua
1829 1331 1908 1394 de
1936 1351 2027 1408 re,
2057 1350 2143 1393 ne
2172 1328 2419 1392 nescias
2450 1326 2704 1402 Lector,
2735 1322 2939 1388 habe-

737 1454 883 1496 mus
908 1434 1314 1497 cardinalem
1338 1434 1549 1516 ipsum
1578 1436 2031 1499 confitentem:
2079 1435 2347 1497 Scotum
2367 1451 2599 1512 nempe
2629 1449 2938 1507 asserere,

737 1537 908 1599 Ante
949 1537 1373 1600 Lateranense
1417 1538 1778 1617 Concilium,
1809 1559 1931 1601 non
1944 1536 2151 1619 fitis-se
2178 1537 2401 1617 doymo
2423 1534 2587 1616 fidei
2621 1532 2938 1595 stan-mb-

736 1639 1244 1703 stantiationem‘.
1341 1642 1654 1713 Quomodo
1690 1663 1836 1723 erqo
1864 1641 2108 1705 novitia
2135 1661 2268 1703 non
2299 1644 2416 1716 est,
2447 1639 2505 1699 ei
2534 1642 2679 1699 ante
2708 1657 2942 1698 annwm

736 1745 1126 1806 millesimum
1165 1744 1645 1808 ducentesimum
1685 1747 1985 1809 decimum
2028 1746 2309 1827 quintum
2351 1742 2524 1805 edita
2569 1741 2669 1803 vel
2712 1740 2941 1802 audita

736 1868 861 1910 non
889 1854 981 1910 eet
999 1858 1025 1897 ⁸
1038 1850 1071 1912 ?

410 1956 486 2069 Bet
502 1955 710 2018 quidam
823 1951 1065 2014 Nomen
1093 1951 1271 2033 (scio)
1307 1953 2019 2016 Dan-‹substantiationis
2049 1950 2229 2015 dabit
2254 1948 2658 2014 inauditum:
2706 1953 2776 2010 at
2802 1965 2941 2009 rem

447 2021 623 2069 esuitae

412 2084 619 2147 Angli.]

541 2261 581 2322 7

735 2053 943 2138 ipsam
995 2054 1132 2119 sine
1183 2056 1446 2120 nomine
1497 2057 1827 2135 creditam,
1877 2056 1978 2119 vel
2029 2078 2069 2119 a
2119 2053 2438 2119 Patribus.
2531 2052 2677 2115 Imo
2724 2070 2940 2132 neque

736 2179 896 2235 rem,
933 2158 1283 2222 Hodiernae
1313 2159 1573 2242 quidem
1603 2166 1847 2223 vestrae.
1927 2160 2155 2223 Nescit
2195 2158 2370 2222 enim
2405 2156 2678 2220 fortasse
2708 2153 2938 2219 Cardi-

737 2261 922 2339 nalis,
954 2260 1108 2345 quid
1137 2261 1242 2325 hic
1270 2284 1477 2345 nuper
1507 2262 1678 2345 apud
1708 2284 1825 2326 nos
1866 2263 2243 2326 conclusum
2271 2259 2506 2324 fuerit:
2558 2258 2939 2322 conclusum

739 2372 956 2429 autem
986 2365 1159 2429 inter
1187 2367 1419 2429 Patres
1449 2367 1806 2443 Societatis,
1837 2366 2238 2448 (Compatres
2268 2364 2406 2447 ejus
2434 2362 2663 2444 nuper)
2701 2360 2938 2443 quibus

738 2468 882 2552 quis
921 2490 1056 2531 non
1088 2467 1356 2532 credat?
1403 2468 1781 2552 praesertim,
1814 2489 1963 2532 cum
2001 2466 2070 2531 in
2099 2467 2238 2550 ipso
2266 2472 2410 2529 tum
2439 2486 2691 2529 carcere
2720 2472 2940 2528 essent

724 2572 852 2656 ·(ad
902 2571 1269 2652 minimum)
1328 2571 1756 2635 Confessores.
1856 2572 2189 2635 Nimirum
2246 2570 2463 2654 (verba
2507 2571 2649 2653 ipsa
2696 2569 2931 2650 refero)

737 2679 893 2740 Rem
930 2675 1639 2738 Tiansubstantiationis
1669 2677 1899 2738 Patres
1942 2697 2018 2738 ne
2055 2677 2338 2757 attiyisse
2365 2675 2610 2756 quidem
2627 2684 2631 2688 '
2651 2674 2754 2757 [ne
2785 2675 2937 2736 atti-

728 2779 1046 2864 ,qm-anth]
1122 2781 1229 2859 Et,
1264 2780 1516 2863 qualem
1557 2801 1712 2863 ergo
1743 2779 2099 2842 Cardinalis
2130 2778 2236 2842 hic
2271 2778 2458 2840 nobis
2496 2778 2709 2860 pingit
2736 2777 2935 2841 fidem

736 2887 1193 2964 Christianam,
1226 2887 1410 2969 cujus
1439 2886 1663 2949 Patres
1692 2905 1901 2966 neque
1929 2903 2060 2946 rem
2090 2884 2452 2964 attiqemzt,
2477 2902 2688 2964 neque
2717 2902 2940 2945 nomen

737 2990 1069 3052 audierunt
1086 2991 1120 3050 ‚9

824 3090 1023 3169 Quin,
1056 3089 1207 3153 audi
1250 3110 1387 3153 rem
1425 3111 1661 3166 veram,
1695 3110 2011 3173 quamque
2057 3111 2194 3153 non
2237 3087 2573 3172 negabunt
2622 3088 2801 3171 (scio)
2855 3089 2937 3153 de

797 3261 821 3293 ‘¹
856 3261 917 3310 In
943 3261 1086 3325 [lib.]
1112 3261 1179 3311 iv.
1217 3259 1408 3337 [Qent]
1442 3260 1505 3310 D.
1532 3261 1604 3310 xi.
1639 3261 1698 3319 Q.
1722 3261 1797 3310 iii.
1887 3259 2038 3337 [cap]
2055 3261 2131 3310 23.
2159 3264 2182 3322 ς
2209 3259 2410 3310 ‘Unum
2426 3259 2631 3319 tamen,’
2655 3257 2789 3324 [Op.‚
2807 3264 2932 3311 tom.

735 3330 758 3388 ς
786 3329 863 3376 15.
889 3325 1029 3400 [Op.‚·
1046 3331 1166 3374 tom.
1192 3327 1297 3374 vin.
1322 3340 1369 3389 p.
1396 3323 1529 3389 618.]
1883 3327 1957 3375 iii.
1983 3340 2031 3389 p.
2058 3327 2166 3374 160.
2194 3324 2271 3389 C.]

795 3404 816 3427 ⁰
858 3391 917 3455 [“
940 3391 1093 3453 Cujus
1147 3405 1326 3453 eorpus
1372 3394 1424 3439 et
1473 3390 1680 3454 sanguis
1737 3391 1795 3440 in
1946 3398 1972 3430 Β
2005 3389 2197 3453 [Verba
2221 3389 2520 3440 Bellarmini
2546 3387 2609 3438 de
2639 3387 2799 3450 Regio
2837 3391 2940 3452 pri-

734 3459 1046 3504 sacramento
1075 3454 1250 3504 altaris
1283 3455 1375 3502 sub
1404 3455 1664 3517 speciebus
1695 3470 1793 3518 pa—
1878 3459 2036 3514 matu,
2054 3454 2201 3517 Apol.
2225 3469 2317 3517 pro
2330 3451 2502 3518 Resp.]
2525 3468 2575 3517 p.
2594 3456 2637 3503 8.
2659 3453 2935 3517 [Op.,tom.

732 3520 815 3567 nis
836 3524 889 3569 et
910 3519 1017 3567 vini
1036 3520 1279 3568 veraciter
1300 3520 1637 3577 continentur.
1651 3523 1785 3569 tran·

732 3584 1099 3642 substantiane,
1125 3598 1252 3646 pane
1286 3584 1342 3632 in
1375 3598 1568 3647 corpus,
1592 3589 1643 3633 et
1665 3585 1784 3634 vino

732 3648 1179 3763 ¹00⁸³⁰12⁰2⁰3⁰32
1196 3652 1461 3775 {3⁶⁸3th
1489 3648 1788 3762 ’ἳῗέἓζιῖ

732 3778 1231 3828 στεάἰωιιε.’-Οοηο.
1246 3782 1369 3826 tom.
1386 3777 1456 3825 xi.
1476 3777 1685 3827 col.143.
1702 3777 1762 3826 B.
1772 3794 1785 3837 ;

732 3847 785 3891 et
832 3842 1075 3892 Decretal.
1122 3842 1269 3904 Greg.
1296 3841 1391 3890 IX.
1426 3842 1515 3891 lib.
1547 3842 1580 3889 i.
1629 3842 1727 3891 Tit.
1750 3842 1784 3892 i.

733 3907 838 3955 ‘De
863 3908 1071 3956 Summa
1093 3907 1291 3956 Trinit?
1329 3920 1433 3968 cap.
1452 3907 1486 3955 i.
1520 3906 1790 3956 ‘Firmiter

733 3969 1211 4035 credimusl—Corp

735 4035 828 4084 col.
856 4038 932 4084 10.

797 4099 815 4136 5
837 4101 888 4177 [“
948 4114 1070 4149 num
1089 4103 1260 4149 tamen
1280 4099 1426 4150 addit
1448 4098 1639 4159 Scotus,
1657 4099 1791 4161 quod

732 4165 948 4215 mimine
981 4164 1293 4228 probandum
1329 4170 1434 4225 est3
1467 4164 1606 4213 Ante
1645 4163 1785 4214 Late-

733 4245 941 4280 ranense
978 4229 1261 4280 Concilium
1295 4244 1398 4279 non
1426 4229 1577 4278 fuisse
1601 4228 1786 4291 dogma

734 4294 852 4344 fidei
875 4295 1498 4344 Transubstantiationem.
1560 4293 1622 4341 Id
1645 4294 1782 4343 enim

733 4358 820 4408 illc
847 4358 997 4418 dixit,
1021 4360 1138 4422 quia
1161 4374 1264 4408 non
1286 4360 1475 4421 legerat
1498 4357 1782 4407 Concilium

732 4421 877 4471 Rom.
890 4423 982 4471 sub
999 4423 1145 4485 Greg.
1162 4423 1470 4485 VII.‚neque
1485 4438 1783 4473 consensum

732 4486 877 4535 mum
911 4487 1115 4536 Petrum
1138 4503 1286 4550 quem
1310 4503 1402 4537 nos
1422 4503 1573 4552 supra
1593 4488 1784 4537 addux-

731 4551 1123 4614 imus!'—Bell.]
1163 4552 1225 4601 de
1271 4553 1480 4602 Euchar.
1529 4552 1661 4617 [lib.]
1705 4553 1780 4601 iii.

1214 4008 1228 4021 .
1269 3970 1377 4019 Jur.
1415 3969 1536 4021 Can.
1575 3976 1698 4020 tom.
1732 3971 1788 4021 ii.

1869 3520 1959 3568 vii.
1982 3520 2076 3569 col.
2092 3519 2203 3570 709.
2221 3519 2313 3578 A.;
2334 3518 2435 3567 nisi
2458 3518 2592 3580 quod
2615 3518 2688 3566 ibi
2713 3518 2934 3579 legatur,

1870 3588 1905 3613 ‘⁶'
1915 3583 2382 3710 quinJgentesimum
2416 3583 2737 3645 trigesimum
2790 3584 2938 3646 quin-

1871 3649 2014 3699 tum!

1936 3711 1960 3744 ⁸
1992 3712 2215 3762 Discum.
2246 3710 2459 3762 modest.
2499 3726 2549 3773 p.
2582 3713 2659 3760 18.
2715 3711 2774 3773 [i.
2799 3725 2845 3762 e.
2885 3713 2932 3762 A

1871 3777 2081 3841 spei-ing
2134 3775 2421 3826 Diseoverie
2476 3776 2531 3825 of
2579 3790 2670 3825 ovr
2715 3775 2935 3838 English

1875 3843 2071 3896 Iesuita
2106 3840 2205 3890 and
2246 3841 2301 3890 of
2330 3840 2417 3891 Fa.
2454 3841 2668 3890 Parsom
2703 3840 2935 3902 proceed-

1874 3907 1990 3969 ings
2012 3906 2171 3955 vnder
2190 3911 2424 3968 pretence
2445 3905 2501 3955 of
2527 3906 2822 3968 promoting
2845 3905 2934 3955 the

1876 3969 2116 4020 Catholik
2151 3971 2303 4019 Faith
2346 3971 2403 4019 in
2443 3969 2694 4031 England.
2762 3969 2865 4019 For
2900 3985 2933 4020 a

1876 4040 2050 4086 caueat
2072 4040 2126 4084 to
2157 4035 2226 4084 all
2261 4039 2372 4085 true
2397 4034 2674 4090 Catholiks,
2698 4048 2792 4083 our
2814 4049 2935 4097 very

1877 4101 2056 4162 louing
2075 4099 2316 4149 bretbren
2335 4099 2436 4150 and
2456 4098 2646 4148 friends
2680 4098 2789 4147 how
2811 4099 2937 4161 they

1871 4165 2099 4215 embraee
2115 4163 2238 4213 such
2253 4179 2372 4227 very
2383 4163 2724 4220 uncatholike,
2734 4163 2935 4226 though

1871 4229 2148 4279 Iesuitieall
2190 4227 2580 4291 deseignments.
2595 4254 2659 4264 -—
2673 4226 2861 4277 Eccles.
2885 4231 2933 4278 4.

1873 4294 1998 4344 Vidi
2015 4294 2293 4343 calumnias
2307 4309 2420 4357 quoe
2438 4293 2529 4342 sub
2547 4293 2650 4342 sole
2667 4297 2933 4354 geruntur,

1870 4363 1922 4409 et
1965 4358 2248 4420 lachrymas
2283 4358 2647 4413 innocentium.
2685 4362 2740 4405 et
2774 4359 2934 4407 nemi·

1870 4438 1986 4472 nem
2009 4424 2388 4551 {canolam-em.
2426 4422 2606 4486 Newly
2627 4421 2934 4485 Imprinted.
