3165 4959
940 374 1305 423 stomoma
1349 375 1709 425 RESPONSIO.
2296 370 2427 431 469

217 524 335 592 h'oc
363 548 591 610 neyare
607 534 841 610 potest.
890 529 1101 594 Quam
1125 530 1387 613 jejune!
1446 530 1636 593 Certe
1665 530 1771 594 hic
1794 539 1979 613 neyat
2000 560 2019 595 .·
2067 555 2187 597 nec
2214 535 2423 615 nobis,

218 629 375 713 quid
389 629 614 711 facere
631 632 854 710 possit,
890 630 1156 712 quaestio
1188 639 1304 708 est,
1337 631 1447 695 sed
1479 631 1634 714 quid
1650 631 1905 719 fecerit.
1957 634 2174 699 Quare
2203 645 2424 702 autem

216 754 353 795 non
398 739 614 815 potest
634 734 663 794 ’.Ρ
760 733 923 805 Quia
978 726 1450 813 Chrysostomus
1497 735 1673 812 dicit,
1701 733 1956 814 factum
2000 757 2131 799 esse
2161 739 2421 802 Petrum

222 835 429 914 Caput
457 834 779 910 Ecclesiae,
812 840 873 896 et
903 840 1098 897 totum
1128 836 1186 897 ei
1216 835 1439 898 Orbem
1469 838 1855 898 commissum
1878 835 1925 899 ¹³.
2016 839 2205 902 Dicet
2249 840 2421 904 idem

216 936 343 999 hoc
374 936 454 1000 de
483 937 746 1019 reliquis
776 936 1313 1021 Theophylaetus,
1348 945 1414 1000 et
1444 937 1570 1001 illis
1607 938 2019 1002 commissum
2050 941 2312 1019 Orbem,
2356 952 2421 1007 et

214 1038 361 1102 illos
390 1041 506 1101 hoc
518 1038 744 1119 fixisse,
778 1039 944 1120 quod
967 1040 1180 1119 utique
1192 1038 1331 1119 fuit
1360 1045 1422 1102 et
1446 1040 1695 1117 Petrus,
1716 1042 1872 1122 pari
1909 1045 2217 1106 consortio
2248 1066 2418 1125 proe-

215 1141 403 1216 ditos,
437 1161 558 1202 non
588 1142 841 1203 honoris
871 1142 1068 1218 mode,
1111 1142 1226 1203 sed
1261 1147 1322 1202 et
1348 1143 1689 1221 potestatis
1708 1140 1741 1204 ¹.
1837 1143 2027 1206 Certe
2060 1145 2420 1228 Cyprianus

213 1242 493 1305 fidenter
540 1243 662 1306 hoe
693 1243 947 1305 diceret.
1043 1243 1277 1319 Quare,
1319 1263 1439 1307 nec
1469 1243 1616 1307 illos
1649 1245 1968 1327 simplices
2000 1247 2417 1331 Presbyteros

210 1343 433 1421 fuisse,
468 1343 699 1426 quibus
731 1344 1044 1407 sufficeret
1071 1350 1359 1424 potestas
1386 1347 1744 1408 remittendi
1761 1348 2014 1427 peccati
2024 1368 2149 1427 per
2178 1351 2414 1412 Sacra-
2526 1358 2656 1419 340

211 1452 467 1509 menta:
513 1446 626 1509 sed
670 1453 737 1510 et
765 1468 1024 1510 omnem
1054 1454 1439 1528 potestatem
1483 1448 1789 1526 solvendi,
1822 1456 1889 1511 et
1933 1449 2176 1532 ligandi
2215 1451 2415 1515 fuisse

210 1550 305 1611 eis
356 1548 802 1626 necessariam,
853 1556 918 1612 et
971 1549 1121 1632 quia
1170 1549 1619 1627 necessariam,
1673 1572 2036 1616 concessam
2064 1576 2078 1615 ε
2144 1552 2231 1616 Et
2283 1575 2415 1617 non

212 1652 485 1714 Petrum
541 1651 790 1727 solum3
835 1650 981 1713 illos
1027 1672 1279 1733 quoque
1330 1651 1559 1714 missos
1614 1673 1651 1715 a
1692 1652 1972 1730 Christo,
2019 1673 2153 1717 non
2197 1661 2416 1719 autem

208 1754 451 1830 minus,
484 1760 596 1815 aut
626 1752 831 1829 aliter,
865 1774 1057 1836 quam
1087 1754 1250 1814 sicut
1283 1754 1598 1816 Christum
1627 1756 1799 1816 misit
1828 1755 2103 1817 Paterm.

275 1879 551 1928 Anselmus
573 1877 777 1942 quidem
800 1878 943 1938 dicit,
964 1914 975 1927 .
1003 1915 1015 1927 .
1040 1915 1052 1927 .
1077 1878 1164 1927 sed
1186 1878 1348 1940 addit,
1376 1878 1544 1928 Unum
1564 1879 1770 1928 Petrum
1794 1880 1982 1929 sactum
2005 1895 2109 1930 esse
2131 1882 2415 1945 principem

342 1961 701 2023 Apostolorum
715 1960 971 2024 ⁰.-[Bell.
995 1960 1143 2022 Apol.
1168 1975 1260 2023 pro
1283 1959 1451 2023 Resp.]
1477 1975 1529 2023 p.
1547 1961 1657 2010 194.
1696 1960 1817 2024 [Op.
1841 1965 1964 2010 tom.
1983 1962 2068 2010 vii.
2092 1963 2184 2011 col.
2205 1965 2314 2012 813.
2333 1962 2414 2026 Β.]

295 2060 644 2123 Anselmus
676 2059 828 2142 quid
857 2059 949 2123 ibi
974 2059 1342 2143 subjungat,
1365 2081 1496 2122 non
1519 2059 1703 2122 valde
1732 2060 1949 2136 refert,
1973 2081 2140 2139 cum,
2174 2062 2253 2124 de
2286 2082 2412 2144 quo
2441 2071 2516 2150 [s.
2543 2072 2717 2122 Ansel-

207 2162 541 2245 quaeritur,
587 2161 655 2224 id
704 2160 957 2224 disertis
997 2159 1206 2224 verbis
1243 2161 1544 2224 fateatur.
1634 2162 1822 2224 Hanc
1856 2168 2232 2243 potestatem
2281 2165 2411 2226 cla·
2435 2136 2553 2199 ω’]

209 2264 380 2337 vium
409 2283 533 2325 non
560 2263 677 2324 soli
698 2263 892 2324 Petro
924 2262 1159 2340 datam,
1190 2263 1305 2324 sed
1330 2263 1398 2324 in
1430 2262 1624 2324 Petro
1647 2263 1924 2325 omnibus
1948 2265 2163 2326 datam
2182 2288 2207 2326 .·
2249 2266 2412 2328 unde

192 2371 347 2446 post
358 2367 716 2447 passionem
747 2365 1000 2442 dictum,
1023 2365 1324 2436 ‘Quorum
1353 2365 1739 2441 remiseritis,
1763 2366 1888 2447 ξε]
1943 2366 2098 2440 Non
2128 2366 2234 2429 hic
2258 2387 2412 2449 ergo

206 2469 456 2551 colligit
477 2468 843 2545 Anselmus,
870 2466 1112 2550 aliquid
1142 2466 1231 2531 ibi
1261 2466 1580 2549 peculiare
1601 2467 1792 2532 Petro
1823 2487 2214 2546 concessum,
2241 2468 2413 2551 quod

210 2594 347 2635 non
381 2578 447 2634 et
474 2573 752 2653 reliquis.

274 2705 432 2768 Hugo
460 2743 472 2756 .
493 2742 506 2755 .
531 2742 543 2754 .
569 2742 580 2754 .
606 2705 735 2755 dicit
760 2706 1079 2769 (potestatem
1103 2704 1399 2754 remittendi
1426 2705 1645 2767 peccata)
1669 2705 1968 2768 promissam
1983 2741 1994 2753 .
2016 2742 2027 2752 .
2048 2704 2197 2754 Matt.
2217 2706 2337 2765 xvi„
2360 2710 2414 2755 et

337 2786 511 2836 datam
533 2786 678 2836 Joan.
703 2802 811 2845 xx.;
844 2787 930 2836 sed
967 2800 1070 2836 non
1100 2790 1254 2847 negat
1280 2785 1434 2834 aliam
1463 2799 1660 2847 quoque
1693 2789 1994 2847 potestatem
2028 2785 2324 2847 promissam
2360 2790 2413 2835 et

338 2866 511 2916 datam
547 2867 711 2926 Petro,
744 2882 857 2948 qum
895 2881 998 2915 non
1032 2870 1110 2915 est
1143 2880 1377 2929 expressa
1407 2865 1553 2914 Joan.
1586 2864 1928 2928 n⁰.—[Bell.
1948 2864 2102 2928 Apol.
2125 2879 2215 2928 pro
2240 2865 2411 2928 Resp]

338 2963 390 3012 p.
415 2950 525 2997 194.
551 2947 689 3011 [Op.,
712 2952 834 2997 tom.
860 2947 948 2996 vii.
970 2946 1062 2996 col.
1088 2948 1197 2996 813.
1220 2945 1278 2995 B.
1300 2945 1386 3008 C.]

294 3047 397 3109 De
414 3047 697 3127 peccatis
725 3045 1131 3123 remittendis,
1160 3045 1358 3125 Hugo
1387 3064 1521 3105 non
1550 3042 1856 3125 loquitur.
1928 3042 2103 3108 Quid
2133 3044 2411 3106 Cluvium
2437 3054 2703 3168 BHugonis

203 3169 360 3213 voce
389 3148 882 3230 intelligendum
913 3148 1147 3225 veniat,
1181 3147 1508 3209 edisserit:
1555 3152 1749 3227 atque
1801 3146 1965 3207 idem
2009 3146 2224 3208 haberi
2256 3147 2411 3210 dicit
2472 3119 2738 3184 escum]

203 3252 249 3312 J
253 3271 399 3313 oan.
424 3272 526 3312 xx.
597 3250 955 3314 Cardinalis
986 3255 1201 3312 autem
1232 3269 1354 3310 non
1383 3254 1568 3329 neyat
1599 3250 1811 3310 aliam.
1899 3249 2098 3330 Hugo
2126 3256 2190 3311 et
2222 3251 2413 3312 aliam

202 3358 415 3434 neyat,
449 3359 513 3414 et
544 3353 737 3430 aliud,
770 3352 825 3413 si
853 3352 1023 3414 idem
1049 3357 1311 3413 asserat.
1361 3351 1503 3412 Nec
1532 3370 1667 3412 uno
1698 3349 2049 3431 eodemque
2078 3351 2409 3432 promissO,

202 3475 341 3517 una
363 3454 497 3516 vice
526 3454 717 3530 facto,
736 3459 1120 3536 potestatem
1154 3452 1345 3514 aliam
1376 3459 1569 3532 atque
1593 3451 1803 3527 aliam,
1831 3450 1997 3512 hanc
2027 3471 2405 3530 expressam,

203 3557 387 3620 illam
418 3577 540 3618 nen
568 3576 942 3637 expressam,
975 3554 1086 3618 sed
1117 3554 1372 3616 eandem
1402 3552 1743 3615 contineri.

271 3690 430 3740 Ferus
450 3727 463 3738 .
489 3726 502 3739 .
526 3704 629 3739 non
651 3690 842 3739 confert
864 3688 1013 3738 Matt.
1032 3688 1135 3736 xvi.
1154 3702 1269 3736 cum
1287 3687 1320 3736 J
1323 3701 1433 3736 oan.
1450 3700 1559 3742 xx.;
1584 3685 1771 3733 frustra
1792 3684 1961 3744 itaque
1984 3684 2182 3732 citatur.
2234 3683 2414 3748 Neque

338 3776 512 3821 tantus
537 3775 617 3820 est
649 3777 837 3830 auctor,
868 3775 928 3819 ut
955 3769 1063 3832 ejus
1095 3768 1444 3818 testimonium
1467 3780 1667 3815 movere
1699 3779 1792 3814 nos
1813 3763 2067 3813 debeat.—
2079 3764 2229 3828 [Bell.
2266 3767 2415 3830 Apol.

340 3867 432 3917 pro
455 3852 632 3915 Resp]
658 3866 707 3914 p.
726 3852 835 3901 194.
865 3851 1005 3914 [Op.,
1027 3856 1150 3899 tom.
1174 3849 1259 3898 vii.
1284 3848 1376 3898 col.
1401 3850 1510 3897 813.
1534 3847 1616 3909 C.]

270 4036 294 4133 ἴ
355 4036 488 4085 Vide
510 4050 676 4098 supra,
699 4050 747 4097 p.
772 4036 886 4110 3025
910 4037 1014 4082 not.
1037 4033 1100 4145 ἧι]
1353 4031 1473 4107 est-1⁹
1500 4029 1704 4080 &se—S.
1724 4029 1950 4106 Anselm.
1988 4027 2163 4080 Enarr.
2187 4030 2244 4078 in
2265 4029 2413 4080 Matt.

354 4101 404 4150 S.
450 4100 597 4162 Cypr.
649 4098 713 4148 de
775 4097 918 4146 Unit-
973 4096 1070 4146 Eec
1093 4132 1106 4145 .
1154 4096 1266 4159 Op„
1355 4110 1455 4143 xvi.
1483 4095 1595 4158 Op„
1617 4100 1739 4143 tom.
1760 4108 1791 4142 1.
1810 4108 1857 4155 p.
1875 4092 1951 4144 74.
1977 4092 2050 4156 b.]

203 4182 293 4231 pp.
315 4165 426 4225 107,
452 4162 586 4226 108.]
1419 4168 1442 4191 ⁰
1479 4159 1528 4223 [⁸⁸
1546 4159 1722 4208 claves
1743 4161 1864 4206 sunt·
1952 4157 2113 4206 tentia
2133 4161 2187 4206 et
2205 4158 2419 4207 scientia

272 4238 307 4260 ¹·
351 4228 498 4276 Joan.
523 4242 608 4275 xx.
633 4225 735 4290 21.]
1355 4221 1692 4278 discernendi,
1733 4235 1833 4283 qua
1908 4221 2052 4282 ignes
2087 4221 2323 4284 recipere,
2363 4227 2418 4270 et

272 4301 297 4324 ¹·
332 4228 387 4356 θ’
399 4291 695 4340 Notandum
721 4294 811 4347 est,
832 4288 964 4351 quod
985 4288 1094 4337 hoec
1111 4291 1269 4351 potes-
1356 4286 1598 4348 indignos
1619 4284 1884 4334 excludere
1914 4283 2066 4333 debet
2094 4300 2125 4334 a
2162 4299 2333 4348 regno.
2363 4290 2418 4335 et

204 4364 286 4407 tas
306 4370 415 4405 non
430 4356 592 4404 solum
611 4354 759 4403 Petro
783 4354 902 4403 data
922 4357 1015 4412 est,
1029 4351 1115 4400 sed
1138 4353 1270 4401 sieut
1356 4349 1493 4399 idem
1549 4349 1765 4400 habetur
1823 4347 1857 4396 J
1860 4348 2037 4397 oannis
2082 4348 2417 4411 xx.”—Hugo

207 4422 392 4471 Petrus
428 4434 559 4468 unus
593 4432 684 4482 pro
723 4417 959 4467 omnibus
997 4414 1272 4479 respondit,
1361 4413 1506 4464 Card.
1547 4415 1603 4463 in
1659 4413 1806 4462 Matt.
1845 4412 1946 4460 xvi.
1984 4410 2177 4463 Postill.
2227 4417 2349 4462 tom.
2368 4428 2417 4463 v.

207 4487 281 4535 sic
304 4486 362 4533 in
381 4484 530 4533 Petro
557 4482 794 4532 omnibus
816 4481 946 4531 hane
969 4483 1272 4543 potestatem
1359 4479 1442 4528 fol.
1476 4481 1551 4529 52.
1575 4478 1640 4527 K.
1664 4477 1817 4527 Paris.
1846 4477 1937 4526 164
1946 4475 2012 4539 5.]

206 4549 368 4599 dedit.
445 4546 588 4596 Unde
623 4550 737 4610 post
771 4546 1056 4608 passionem
1080 4544 1273 4592 dictum
1344 4578 1348 4582 .
