3165 4959
394 1245 463 1310 [S.
492 1244 643 1306 Chry-

396 1313 514 1360 sost.
516 1308 555 1374 ,]

405 1954 476 2018 [et
494 1953 700 2004 Pseudo-

403 2019 677 2068 Ambrosii.
680 2017 701 2082 ]

722 347 847 406 118
1346 357 1428 403 AD
1472 355 1853 404 CARDINAms
1896 354 2294 403 BELLARMINI

722 517 1112 599 Gregorius,‘
1173 523 1238 577 et
1300 515 1559 597 Agatho
1582 524 1632 591 ¹¹,
1698 514 2042 576 Pontifices
2117 520 2182 574 et
2255 513 2398 596 ipsi,
2474 515 2923 594 Imperatorem

720 621 1053 682 Dominum
1095 640 1272 680 suum
1316 640 1465 694 esse,
1498 624 1558 680 et
1604 637 1672 679 se
1711 617 2119 679 obedientiam
2150 617 2207 678 ei
2239 617 2457 679 debere
2479 642 2497 678 .-
2544 638 2663 680 nec
2693 617 2924 700 aequali

721 724 1068 806 Majestate
1107 743 1255 804 pum
1288 722 1535 786 Caesare
1580 721 1878 804 componi
1923 741 2130 802 posse,
2164 728 2230 782 et
2262 720 2430 784 hanc
2459 728 2598 784 tam
2627 722 2921 784 inflatam

722 826 1081 891 Cardinalis
1113 826 1654 906 comparationem,
1686 844 1909 887 omnes
1939 823 2442 887 exhorruissent.

785 963 834 1012 S.
859 963 1198 1024 Chrysostom.
1221 998 1232 1009 .
1259 999 1270 1010 .
1297 999 1307 1009 .
1336 960 1682 1011 ‘Sacerdotem
1715 964 1858 1010 tanto
1891 959 2134 1022 majorem
2156 974 2187 1008 a
2209 959 2314 1009 Deo
2339 963 2640 1023 potestatem
2661 960 2927 1022 accepisse,

849 1049 1037 1109 quanto
1066 1045 1250 1094 coelum
1284 1043 1680 1107 terrae.’—[Bell.
1717 1042 1865 1106 Apol.
1898 1056 1989 1105 pro
2022 1040 2191 1105 Resp.]
2226 1059 2273 1105 p.
2299 1044 2375 1091 32.
2412 1042 2545 1106 [Op.,
2579 1046 2700 1090 tom.
2721 1042 2808 1090 vii.
2833 1041 2926 1091 eol.

851 1129 880 1180 7
885 1129 963 1177 22.
986 1126 1063 1191 C.]

811 1228 1000 1290 More
1059 1247 1172 1290 suo
1228 1225 1725 1309 Chrysostomus
1743 1233 1788 1301 V,
1851 1223 2007 1286 dum
2067 1243 2135 1285 se
2193 1222 2274 1286 ad
2333 1222 2631 1306 Episcopi
2690 1244 2927 1284 munus

723 1332 1034 1413 imparem
1092 1327 1363 1412 probare
1420 1329 1581 1406 vult,
1645 1335 1958 1411 tanquam
2025 1326 2264 1390 Orator
2322 1326 2687 1404 vehemens,
2740 1326 2927 1389 effert

726 1435 906 1498 miris
952 1433 1163 1498 modis
1209 1433 1596 1516 dignitatem
1642 1434 1779 1515 ejus
1798 1457 1816 1508 3
1864 1431 2064 1494 etiam
2108 1430 2400 1513 quaedam
2445 1451 2632 1511 posse
2675 1430 2744 1491 in
2789 1429 2927 1492 ani-

727 1560 884 1617 mas,
917 1558 1061 1621 quae
1087 1558 1209 1601 nec
1243 1539 1453 1620 Reges
1480 1537 1625 1619 ipsi.

791 1676 841 1725 S.
856 1675 1115 1724 Ambros..
1143 1711 1153 1722 .
1179 1710 1190 1721 .
1215 1673 1279 1723 do
1301 1672 1403 1735 dig.
1428 1671 1624 1723 Sacer-d.
1649 1688 1689 1721 c.
1714 1675 1758 1722 3.
1787 1676 1802 1698 ‘
1818 1671 1869 1720 N
1874 1671 1999 1731 ihil,'
2021 1672 2204 1734 inquit,
2229 1675 2242 1697 ⁴
2261 1674 2338 1720 est
2368 1671 2425 1719 in
2446 1669 2540 1720 hoe
2565 1670 2750 1719 saeculo
2772 1669 2932 1719 exeol-

857 1757 1046 1806 lentius
1067 1755 1348 1815 Sacerdote,
1369 1753 1500 1804 nihil
1523 1754 1771 1817 Episcopo
1802 1753 2071 1802 sublimius
2102 1752 2353 1816 reperitur
2364 1750 2633 1815 ¹.'—[Bell.
2660 1751 2807 1815 Apol.
2832 1765 2928 1815 pro

860 1835 1028 1901 Resp]
1052 1853 1099 1899 p.
1124 1837 1200 1886 32.
1239 1836 1372 1900 [Op.,
1394 1839 1516 1885 tom.
1541 1836 1627 1883 vii.
1652 1835 1743 1884 col.
1770 1835 1878 1885 722.
1905 1833 1957 1883 C.
1976 1832 2060 1897 D.]

815 1934 1198 2000 Ambrosius
1244 1934 1492 2010 itidem,
1525 1932 1680 1995 dum
1720 1955 1837 2016 pro
1884 1932 2199 2015 dignitate
2230 1931 2516 1994 muneris
2546 1933 2927 1995 confirmare

726 2061 794 2103 se
824 2038 1005 2121 cupit
1048 2038 1119 2100 in
1167 2036 1540 2101 Sacerdotio
1580 2044 1754 2099 caste
1801 2036 2179 2117 integreque
2225 2035 2526 2116 gerendO,
2575 2035 2758 2116 ponit
2803 2034 2925 2096 sibi

726 2149 877 2206 ante
900 2140 1117 2203 oculos
1143 2141 1481 2223 (quantum
1511 2139 1750 2222 potest)
1778 2138 1982 2221 ipsius
2013 2137 2478 2201 excellentiam.
2532 2137 2681 2202 Quo
2710 2136 2928 2199 animo

725 2245 899 2308 hoc?
944 2251 1018 2307 ut
1072 2245 1475 2308 Caesaremne
1521 2242 1888 2325 deprimant
1909 2268 1929 2320 3
1978 2263 2063 2304 an
2107 2248 2181 2303 ut
2234 2240 2358 2323 ipsi
2409 2260 2477 2302 se
2523 2240 2603 2302 ad
2648 2239 2930 2302 officium

725 2348 1058 2412 excitent?
1133 2349 1226 2411 At
1268 2347 1391 2429 ipsi
1420 2349 1739 2411 Caesarem
1785 2345 1938 2409 alibi
1968 2351 2284 2434 quantum
2315 2343 2596 2430 eyehunt
2623 2344 2637 2406 l
2717 2343 2931 2406 Alior-

727 2473 871 2515 sum
903 2472 1056 2534 ergo
1086 2450 1436 2514 trahuntur
1465 2450 1624 2529 haec,
1659 2471 1853 2534 quam
1885 2471 2012 2533 quo
2039 2447 2494 2533 permitterent
2526 2448 2752 2512 Patres
2781 2446 2926 2531 ipsi,

726 2556 780 2618 si
826 2555 896 2617 in
934 2555 1092 2619 vivis
1137 2560 1390 2629 essent;
1441 2564 1507 2617 et
1538 2553 1919 2632 CardinaIiS,
1950 2552 2146 2616 verba
2192 2552 2463 2614 Patrum
2510 2550 2809 2629 recitans,
2859 2550 2932 2614 in

729 2661 996 2722 Patrum
1025 2657 1374 2723 committit
1404 2658 1814 2721 sententiam.

818 2764 945 2827 Sed
984 2763 1180 2829 mitto
1216 2762 1624 2825 sententiam.
1713 2748 1876 2844 ‘Non
1916 2759 2197 2836 enim,a
2159 2757 2240 2821 ab
2279 2757 2533 2839 Objecto
2572 2764 2747 2821 recte
2777 2779 2931 2821 con-

728 2866 966 2945 cludas,
1000 2866 1080 2929 ad
1113 2865 1465 2929 Facultatis
1496 2846 1990 2945 praestantiam:
2047 2856 2191 2926 Nec
2222 2883 2298 2925 eo
2327 2860 2702 2923 honoratior
2746 2861 2935 2943 proin

731 2971 769 3031 J
778 2968 1201 3033 unsconsulto
1255 2968 1575 3044 MedicuS,
1610 2967 1783 3050 quod
1830 2967 1936 3030 hic
1980 2965 2260 3043 morbOS,
2306 2965 2416 3028 ille
2460 2964 2607 3027 lites
2652 2985 2933 3027 summo-

728 3078 911 3134 veat:
976 3071 1170 3154 hujus
1232 3072 1569 3152 Objectum,
1624 3090 1876 3152 corpuS,
1933 3070 2338 3152 corporisque
2398 3068 2673 3132 sanitas:
2737 3068 2936 3145 illius,

729 3174 1003 3237 fortunae
1043 3173 1236 3238 modo
1266 3181 1333 3236 et
1363 3194 1585 3236 earum
1613 3172 1966 3255 tranquilla
2003 3172 2336 3256 possessio.
2430 3171 2560 3234 Sed
2600 3192 2831 3253 neque,
2877 3171 2932 3233 si

728 3342 917 3391 sitnisi
939 3342 1073 3390 solus
1091 3341 1239 3403 Deua,
1264 3343 1351 3404 qui
1373 3341 1491 3391 fecit
1514 3341 1788 3405 Imperato·
1875 3342 2088 3391 famulos
2108 3344 2305 3389 nostros
2327 3377 2337 3388 .
2365 3377 2376 3388 .
2406 3376 2418 3389 .
2438 3354 2553 3389 cum
2583 3339 2801 3403 supplici
2834 3354 2936 3389 cor·

729 3421 850 3455 rem.
853 3406 993 3455 ”—S.
1020 3406 1188 3470 Optat.
1235 3411 1410 3456 contra
1449 3406 1677 3456 Pax-men.
1724 3405 1788 3455 de
1877 3407 1957 3455 dis
1990 3406 2260 3455 devotione
2282 3404 2569 3454 curavimus
2590 3404 2939 3454 demandare?

732 3471 943 3520 Schism.
968 3471 1151 3521 Donat.
1174 3472 1264 3520 lib.
1281 3471 1354 3519 iii.
1379 3486 1485 3533 cap.
1505 3475 1549 3521 3.
1575 3487 1622 3533 p.
1636 3469 1744 3546 56.]
1875 3471 2100 3534 —Epist
2158 3471 2272 3531 Aga
2275 3470 2345 3518 th.
2401 3468 2466 3517 ad
2520 3467 2937 3532 Imperatores.—

798 3539 813 3568 ‘
850 3537 909 3601 [“
922 3535 1032 3598 Ego
1055 3536 1259 3599 quidem
1283 3535 1502 3599 jussioni
1537 3535 1790 3598 subiectus
1878 3535 2025 3585 Cone.
2049 3540 2170 3584 tom.
2190 3535 2258 3583 vi.
2207 3485 2391 3583 εει,0011
2410 3534 2524 3582 631.
2538 3532 2780 3583 D.—634.
2800 3533 2886 3597 A.]

731 3600 942 3651 eandem
966 3601 1127 3663 legem
1163 3616 1252 3664 per
1283 3599 1506 3650 diversas
1540 3606 1787 3649 terrarum
1937 3600 2215 3664 ’[Ἐχουσι
2234 3599 2324 3660 μὲν
2354 3598 2448 3662 γὰρ
2469 3599 2518 3647 ol
2534 3600 2824 3661 κρατοῦντες
2855 3598 2935 3647 ἐπὶ

733 3671 900 3742 partes
942 3667 1220 3715 transmitti
1263 3665 1389 3725 seci3
1445 3671 1498 3714 et
1541 3666 1663 3728 quia
1704 3664 1788 3714 lex
1873 3668 1960 3722 τῆς
1981 3668 2071 3724 ’γῆς
2091 3667 2178 3713 τοῦ
2211 3666 2386 3723 δεσμοῦ
2421 3662 2648 3725 ἐξουσίαν,
2685 3662 2815 3711 ἀλλὰ
2839 3682 2936 3712 σω-

733 3731 844 3794 ipsa
882 3730 1232 3794 Omnipotenti
1271 3730 1378 3780 Deo
1420 3730 1635 3781 minimo
1679 3744 1790 3779 con·
1872 3733 2039 3789 μάτων
2072 3727 2233 3808 μόνον·
2275 3727 2415 3778 οὗτος
2449 3727 2502 3777 δὲ
2534 3730 2560 3776 ό
2581 3728 2756 3788 δεσμὸς
2791 3730 2940 3786 αὐτῆς

733 3796 922 3856 cordat,
967 3810 1079 3845 ecce
1134 3810 1224 3858 per
1265 3795 1606 3858 suggestionis
1660 3809 1787 3843 1110ae
1873 3794 2077 3843 ἅπτεται
2111 3796 2199 3851 τῆς
2235 3795 2407 3856 ψυχῆς,
2446 3792 2524 3842 καὶ
2563 3792 2793 3847 διαβαίνει
2825 3794 2940 3842 τους

735 3860 974 3922 paginam
1018 3860 1348 3909 serenissimis
1388 3859 1622 3908 Dominis
1666 3873 1790 3907 nun·
1873 3859 2130 3921 οὐρανοὺς.
2233 3858 2298 3906 ,ὁ
2332 3855 2384 3905 δὲ
2417 3857 2543 3919 παρὰ
2565 3857 2686 3906 Θεοῦ
2699 3856 2940 3941 ’,τοσούτῳ

735 3925 874 3973 tiavi.
967 3924 1247 3987 Utrobique
1303 3939 1423 3986 ergo
1476 3939 1592 3987 quae
1636 3922 1789 3972 debui
1875 3922 2069 3985 μείζονα
2089 3893 2305 3984 lemicae
2326 3923 2505 3980 λαβὼν,
2538 3922 2634 3983 ὅσῳ
2655 3921 2748 3981 ’γῆς
2772 3919 2936 3981 τιμιω-

736 3988 942 4048 exsolvi,
956 3989 1114 4051 quiet
1128 3989 1429 4053 Imperatori
1451 3989 1793 4038 obedientiam
1875 4007 2009 4047 τερος
2039 3989 2065 4035 ό
2099 3986 2306 4050 οὐρανὸς,
2343 3987 2423 4035 καὶ
2453 3986 2684 4048 σωμάτων
2705 3985 2940 4047 ψυχαί.-

735 4054 946 4138 praebui,
963 4058 1015 4102 et
1036 4068 1127 4117 pro
1144 4053 1251 4103 Deo
1268 4051 1401 4116 quod
1423 4054 1554 4102 sensi
1578 4052 1793 4101 minime
1878 4054 1926 4103 S.
1953 4050 2205 4112 chrysost.
2249 4050 2313 4100 de
2356 4007 2557 4100 Βαοοιᾱμ
2585 4050 2674 4100 lib.
2715 4050 2789 4099 iii.
2825 4049 2942 4114 Op„

738 4119 900 4167 tacui!
902 4117 1029 4166 '.—S
1068 4117 1203 4231 Gli-eg
1205 4118 1397 4179 ‚Mag.
1443 4117 1484 4166 E
1590 4116 1680 4165 lib.
1717 4117 1790 4165 iii.
1879 4123 2000 4167 tom.
2023 4117 2090 4164 vi.
2113 4130 2161 4179 p.
2183 4118 2259 4165 16.
2285 4115 2375 4164 lin.
2399 4117 2478 4175 25,
2502 4115 2673 4175 et35.]

741 4182 922 4232 ludict.
968 4182 1037 4230 xi.
1231 4183 1332 4230 lxv.
1377 4180 1442 4231 ad
1487 4132 1792 4229 {iauriciuni
1942 4181 2050 4245 ¹“[
2076 4180 2148 4229 Ut
2169 4153 2544 4230 ostendet-euius
2577 4178 2709 4229 nihil
2741 4193 2845 4228 esse
2883 4180 2940 4228 in

741 4248 955 4308 August.
957 4182 1137 4310 -ΟΡΕ
1138 4197 1279 4296 ptom.
1297 4247 1349 4296 ii.
1373 4245 1464 4296 col.
1481 4247 1590 4296 677.
1617 4244 1674 4294 B.
1695 4244 1771 4308 0.]
1880 4245 1974 4294 hoc
2006 4245 2189 4294 saeculo
2223 4244 2551 4294 excellentius
2582 4243 2938 4303 sacerdotibus,

806 4311 918 4375 ““[
934 4310 1153 4373 Ideoque
1178 4310 1599 4360 Christianissimi
1623 4310 1793 4359 Domi·
1879 4310 2011 4359 nihil
2039 4309 2308 4359 sublimius
2327 4309 2589 4373 Episcopis
2622 4308 2873 4371 reperiri?
2872 4336 2941 4344 -

742 4376 796 4423 ni
854 4380 907 4424 et
965 4374 1104 4434 Filii,
1170 4376 1445 4425 secundum
1508 4374 1791 4438 piissimam
1881 4375 2152 4424 Gerbertus
2194 4372 2258 4423 de
2291 4373 2488 4435 Dignit.
2529 4373 2726 4425 Sacerd.
2760 4387 2866 4435 cap.
2892 4375 2937 4422 3.

734 4440 1013 4501 jussionem
1058 4455 1089 4488 a
1132 4440 1238 4490 Deo
1280 4439 1602 4503 protegendae
1656 4452 1793 4487 man-
1879 4439 2013 4503 apud
2036 4439 2084 4486 S.
2102 4438 2333 4487 Ambros.
2352 4440 2463 4502 Op„
2495 4442 2620 4487 tom.
2632 4438 2685 4488 ii.
2707 4437 2943 4501 Append.

740 4502 1022 4551 suetudinis
1087 4509 1266 4553 vestras
1334 4518 1425 4567 pro
1490 4504 1793 4564 obedientia,
1881 4505 1971 4553 col.
1990 4507 2100 4554 359.
2127 4502 2216 4566 D]

742 4580 892 4627 quam
937 4567 1233 4616 debuimus.
1334 4573 1642 4631 ,proesentes
1685 4583 1795 4617 con-
