3165 4959
415 1002 595 1052 Utrum

414 1068 569 1117 iluvio

378 1130 628 1194 perierit]

693 328 824 389 356
1322 343 1405 389 An
1451 340 1834 389 emmaus
1879 338 2276 386 Bnfflmm

696 496 1089 560 Cardinalis:
1164 496 1269 560 vix
1324 495 1503 560 enim
1561 496 1733 559 tueri
1785 494 2022 578 poterit
2083 491 2459 556 Paradisum
2521 511 2712 554 suum
2762 490 2914 574 jam

695 599 1127 684 superstitem,
1158 599 1284 662 nisi
1314 620 1462 663 eum
1494 605 1771 662 tueatur.

760 734 1066 785 Terrestrem
1106 772 1118 784 .
1156 772 1168 784 .
1203 734 1495 797 paradisum
1516 735 1725 784 omnino
1747 748 1854 784 esse
1882 733 2195 783 destructum
2220 769 2233 781 .
2261 769 2274 781 .
2300 768 2312 780 .
2348 730 2657 781 contrarium
2676 733 2756 780 est
2776 743 2917 779 com·

825 817 971 866 muni
996 817 1262 866 sententiae
1285 816 1492 865 Petrum
1526 853 1539 864 .
1575 851 1591 865 .
1615 853 1630 875 ,
1656 820 1708 865 et
1737 816 2072 865 recentiorum
2100 812 2620 875 Doctorum—[Bell.
2640 812 2793 875 Apol.
2816 825 2917 875 pro

828 897 1005 962 Resp]
1031 912 1080 961 p.
1099 899 1209 946 146.
1234 897 1368 962 [Op.,
1385 901 1509 948 tom.
1533 898 1621 946 vii.
1645 898 1738 947 col.
1756 899 1782 948 ἰ·
1790 900 1868 947 86.
1893 895 1987 961 D.]

787 997 1061 1060 Periisse
1093 1003 1308 1059 autem
1340 995 1581 1059 diluvio
1612 1002 1968 1059 terrestrem
1995 995 2401 1072 Paradisum,
2433 1015 2517 1057 ne
2547 993 2615 1057 id
2645 992 2914 1076 quidem

700 1102 969 1164 Patr-um
1011 1100 1329 1162 sententioe
1375 1102 1762 1162 contrarium
1804 1105 1920 1163 est.
2007 1100 2185 1162 Nam
2228 1097 2284 1161 si
2323 1119 2494 1161 unus
2537 1097 2591 1160 is
2630 1097 2918 1180 paradisi

702 1224 860 1268 usus
891 1209 1050 1280 erat,
1082 1223 1199 1265 cur
1228 1202 1568 1265 Paradisus
1604 1201 1966 1265 conservari
1995 1201 2240 1278 debuit,
2271 1207 2343 1264 ut
2382 1202 2604 1263 Enoch
2631 1206 2693 1263 et
2721 1201 2920 1261 Elias

703 1311 1134 1389 conyruentem
1176 1326 1286 1368 suo
1336 1307 1534 1368 statui
1576 1305 1781 1368 sedem
1826 1305 2150 1368 Ιιιιόενεηίι
2200 1304 2516 1387 (agnoscit
2561 1303 2754 1367 verba
2794 1324 2922 1366 sua

705 1408 1108 1490 cardinalis)
1150 1410 1374 1471 Patres
1401 1430 1552 1472 vero
1596 1407 1829 1471 incerti
1873 1408 2026 1485 sint,
2056 1407 2157 1470 vel
2187 1428 2272 1470 an
2316 1427 2394 1470 eo
2421 1406 2548 1470 loci
2582 1408 2724 1491 jam
2755 1405 2918 1483 sint,

705 1512 806 1578 vel
835 1511 1130 1576 translati
1174 1511 1329 1575 olim
1358 1511 1602 1575 fuerint
1643 1512 1872 1575 Enoch
1915 1518 1980 1573 et
2021 1511 2233 1574 Elias:
2279 1532 2413 1574 non
2440 1510 2624 1573 valde
2665 1509 2912 1592 (credo)

708 1614 963 1678 solliciti
1003 1613 1082 1677 de
1124 1613 1266 1677 loco
1306 1621 1518 1692 erunt,
1556 1635 1680 1676 usu
1721 1612 1848 1676 loci
1890 1620 2159 1676 remoto,
2249 1613 2360 1676 An
2397 1632 2547 1676 vero
2582 1633 2659 1675 eo
2698 1619 2917 1673 trans-

705 1717 878 1780 latus
900 1715 1147 1795 Enoch,
1165 1716 1451 1780 incertus
1476 1716 1857 1800 CyprianuS‚
1884 1716 2251 1778 Translatus
2273 1720 2385 1792 est,
2409 1714 2516 1778 ubi
2532 1716 2705 1777 Deus
2732 1716 2858 1777 scit
2869 1724 2920 1791 ¹¹,

709 1821 905 1883 etiam
937 1819 1434 1903 Chrysostomus
1444 1830 1491 1897 ¹,
1523 1828 1666 1882 tum
1694 1817 2188 1896 Theodoretusy,
2215 1818 2599 1900 Gregorius*
2639 1839 2921 1901 quoque,

710 1922 820 2003 qui
849 1921 1084 1998 Elium,
1116 1922 1184 1982 in
1211 1928 1452 1985 secreta
1489 1923 1704 2003 aliqua
1733 1923 1983 2003 reqione
2011 1922 2253 1984 versari
2293 1920 2470 1999 dicit,
2501 1922 2571 1983 in
2599 1921 2922 1984 Paradiso

711 2045 842 2087 non
893 2044 1088 2086 ausus
1138 2022 1366 2087 dicere.
1470 2025 1650 2090 Quin
1697 2025 2139 2107 Augustinus⁸
2181 2024 2339 2107 ipse,
2371 2032 2462 2087 'eo
2512 2023 2672 2106 ipso,
2723 2044 2922 2106 quem

713 2126 959 2189 notavit
991 2125 1350 2188 Cardinalis
1380 2127 1541 2205 loco,
1573 2127 1740 2190 ibine
1778 2128 1906 2190 sint
1935 2129 2005 2190 in
2035 2128 2373 2205 Paradiso‚
2405 2147 2488 2189 an
2518 2126 2690 2204 alibi,
2725 2129 2927 2208 qum-i

712 2229 870 2292 dicit
924 2233 1109 2309 atque
1157 2228 1473 2310 disputari
1513 2250 1722 2311 posse.
1815 2230 2006 2296 Quod
2067 2237 2285 2293 autem
2345 2250 2485 2292 esse
2544 2229 2925 2291 Paradisum

716 2330 951 2395 alicubi
998 2331 1230 2393 dixerit
1283 2333 1712 2415 AugustinuS‚
1759 2332 1827 2396 id
1872 2334 1969 2397 ita
2018 2335 2212 2397 Pater
2264 2333 2559 2396 Pererius
2609 2332 2926 2416 explicat:

718 2434 878 2497 Esse
920 2435 1138 2512 locum,
1185 2454 1562 2516 corporeum,
1597 2436 2051 2518 aspectabim,
2086 2457 2208 2500 non
2250 2441 2320 2499 ut
2357 2437 2670 2518 Oriyenes‚
2703 2437 2927 2518 mysti-

718 2560 855 2603 cum
902 2539 1080 2602 modo
1126 2545 1186 2602 et
1227 2541 1669 2622 imayinarium
1687 2539 1748 2603 b:
1818 2542 1975 2604 Non
2023 2548 2243 2604 autem
2289 2561 2620 2623 superesse
2663 2542 2806 2624 jam
2857 2551 2929 2604 ct

718 2651 970 2708 exstare
1017 2643 1272 2707 alicubi.
1365 2646 1497 2708 Cur
1545 2644 1769 2708 enim?
1829 2651 1904 2708 ut
1951 2651 2285 2708 versentur
2330 2644 2402 2707 in
2447 2666 2523 2708 eo
2575 2645 2803 2708 Enoch
2857 2654 2928 2708 et

719 2751 943 2813 Elias?
1001 2750 1134 2834 (qui
1164 2749 1492 2813 Cardinali
1523 2749 1668 2811 finis
1699 2749 1816 2826 est)
1858 2762 1926 2812 at
1955 2748 2021 2811 id
2056 2770 2132 2812 eo
2160 2749 2298 2832 ipso
2329 2748 2399 2811 in
2429 2747 2570 2813 loco
2599 2750 2926 2812 incertum

721 2853 894 2918 facit.
989 2852 1234 2920 Quodsi
1280 2852 1424 2916 ideo
1475 2853 1824 2915 Paradisus
1861 2854 2079 2934 perire
2122 2875 2258 2917 non
2301 2852 2544 2931 debuit,
2587 2861 2662 2916 ut
2704 2875 2928 2936 super-

722 2963 889 3020 esset
934 2957 1153 3020 Enoch
1206 2963 1269 3018 et
1316 2956 1478 3017 Elice
1527 2958 1696 3018 Iomw
1733 2957 1929 3019 statui
1971 2978 2081 3020 suo
2134 2977 2438 3040 congruus
2456 2982 2476 3030 ,·
2544 2979 2664 3021 nec
2713 2959 2778 3021 id
2825 2967 2930 3022 tot

789 3121 806 3150 ³
852 3117 1006 3180 [Bell.
1036 3117 1098 3169 de
1123 3118 1261 3168 Grat.
1294 3119 1442 3182 prim.
1478 3118 1631 3168 Hom.
1671 3134 1777 3183 cap.

725 3184 823 3231 xiv.
862 3183 973 3245 Op.,
1007 3187 1128 3232 tom.
1153 3185 1217 3232 iv.
1253 3198 1301 3246 p.
1329 3187 1403 3234 13.
1430 3183 1506 3247 0.]

790 3256 814 3278 “
848 3247 908 3322 [“
925 3247 1055 3297 Item
1071 3248 1259 3302 Enoch.
1278 3249 1364 3311 qui
1387 3253 1505 3298 ante
1528 3248 1781 3298 diluvium

726 3312 834 3361 Deo
848 3316 1019 3374 Justus
1040 3312 1359 3376 complacuit,
1381 3318 1434 3362 et
1456 3313 1569 3362 ideo
1591 3312 1655 3362 de
1685 3314 1782 3363 isto

725 3376 917 3425 mundo
950 3379 1006 3426 in
1027 3378 1191 3427 carnis
1212 3393 1316 3426 suae
1351 3378 1619 3426 nativitate
1640 3379 1785 3426 vivus

726 3441 998 3491 translatus
1032 3448 1110 3492 est
1143 3443 1198 3490 in
1230 3442 1355 3503 loco,
1378 3442 1467 3491 ubi
1492 3442 1627 3491 Deus
1660 3443 1786 3502 scit;

728 3520 791 3555 ex
813 3520 912 3569 qno
932 3508 1042 3557 loco
1075 3508 1131 3556 in
1152 3507 1582 3557 consummatione
1605 3507 1786 3555 mundi

728 3572 959 3623 innovari
997 3572 1149 3622 habet
1182 3575 1238 3620 in
1269 3572 1363 3622 hoc
1396 3571 1588 3621 mundo
1606 3588 1620 3630 3
1653 3571 1787 3620 unde

728 3637 884 3686 etiam
904 3638 1177 3692 translatus
1195 3641 1273 3686 est
1292 3637 1353 3686 ad
1379 3636 1786 3686 confundendum

729 3706 781 3748 et
816 3700 1183 3753 devincendum
1207 3699 1787 3765 Antichristum.”]—De

1864 3117 2000 3180 μένα*
2046 3118 2268 3181 στέργειν
2289 3119 2340 3169 δὲ
2372 3121 2601 3184 προσήκει
2634 3118 2696 3169 τὸ
2718 3137 2930 3181 γεγραμ-

1864 3183 2281 3248 μένα-Τὴθοὰ.]
2307 3184 2494 3241 Quaest.
2514 3186 2595 3249 [in
2620 3184 2773 3247 Gen-J
2800 3185 2931 3234 xlix.

1871 3249 1992 3311 [leg.
2017 3249 2118 3298 xIV.
2144 3248 2254 3312 Op„
2277 3255 2398 3297 tom.
2422 3250 2454 3298 i.
2480 3264 2529 3312 p.
2557 3247 2656 3312 52]

1932 3321 1951 3343 ²
1989 3312 2047 3376 [“
2066 3313 2127 3363 In
2150 3314 2307 3363 veteri
2340 3313 2662 3364 Testamento
2694 3314 2936 3375 cognovi-

1870 3392 1985 3491 rsnetas
2007 3377 2149 3491 qpodl
2164 3377 2301 3427 Elias
2332 3379 2402 3491 sitl-
2433 3386 2608 3442 raptus
2642 3380 2698 3427 in
2727 3378 2936 3492 cusslnm‘i

1871 3456 2159 3556 oethegeiiin.
2186 3447 2490 3557 estboecffigm
2498 3449 2935 3571 quipeptemaeteiiin

1873 3575 2021 3620 terroe
2063 3577 2140 3620 est
2174 3573 2491 3634 proximum;
2542 3572 2675 3620 unde
2719 3576 2772 3620 et
2816 3586 2938 3622 aves

1873 3636 1986 3684 coeli
2010 3635 2243 3694 dicimus,
2264 3636 2384 3698 quia
2405 3651 2488 3687 eos
2509 3636 2719 3686 volitare
2742 3637 2797 3685 in
2818 3643 2938 3687 aere

1873 3699 2116 3750 videmus.
2184 3699 2246 3750 In
2288 3700 2474 3750 coelum
2516 3702 2686 3764 itaque
2728 3706 2938 3751 aereum

732 3765 895 3815 Mont.
916 3768 1039 3817 Sina
1061 3773 1113 3817 et
1135 3767 1271 3816 Sion.
1315 3766 1453 3829 Opus
1476 3766 1658 3815 incerti
1679 3779 1787 3814 auc·

732 3830 858 3879 toris
874 3832 940 3882 ad
963 3834 1047 3882 fin.
1071 3833 1183 3896 Op„
1205 3832 1253 3881 S.
1319 3846 1428 3893 ypr.
1451 3846 1499 3893 p.
1523 3829 1624 3894 36.]

798 3902 820 3924 ¹
855 3896 989 3961 [“Ὀτι
1022 3899 1119 3959 ’γὰρ
1159 3895 1422 3955 μετέθηκεν
1460 3893 1618 3954 αὐτὸν,
1659 3893 1787 3943 εἶπεν

732 3962 763 4021 ἠ
794 3963 895 4011 θεία
928 3963 1108 4025 γραφὴ,
1135 3962 1214 4010 καὶ
1247 3961 1321 4009 ὅτι
1354 3959 1506 4021 §Gna
1535 3957 1785 4017 μετέθηκε,

733 4027 814 4076 καὶ
830 4031 998 4089 πεῖραν
1011 4028 1077 4085 μὴ
1094 4026 1314 4082 λαβόντα
1326 4025 1542 4083 θανάτου,
1556 4025 1688 4074 ἀλλὰ
1711 4023 1787 4073 διὰ

734 4094 822 4149 τῆς
843 4092 1016 4142 οἰκείας
1029 4091 1377 4154 εὐαρεστήσεως
1397 4089 1632 4153 ἀνότερον
1646 4106 1785 4150 γεγο-

736 4157 853 4207 νότα
884 4159 969 4214 τῆς
1007 4154 1331 4218 ἐξενεχθείσης
1357 4152 1638 4217 ἀποφάσεως
1659 4155 1785 4204 κατὰ

739 4225 824 4271 τοῦ
844 4224 942 4270 τῶν
963 4217 1211 4284 ἀνθρῶπων
1230 4219 1412 4281 γένους·
1457 4221 1549 4267 τοῦ
1568 4217 1620 4268 δὲ
1638 4218 1787 4268 αὐτὸν

735 4285 986 4345 μετέθηκε,
1018 4286 1095 4335 καὶ
1117 4285 1238 4333 ὅπως
1260 4286 1344 4332 νῦν
1365 4283 1530 4344 διάγει,
1565 4285 1712 4332 τοῦτο
1732 4284 1787 4333 οὖ

735 4349 1159 4413 'pedenna—S.
1191 4346 1388 4410 Chrys]
1412 4347 1566 4396 Hom.
1601 4347 1707 4397 xxi.
1733 4348 1788 4397 in

738 4414 858 4463 Gen.
876 4414 1010 4479 [Op.,
1033 4419 1154 4462 tom.
1174 4414 1207 4461 i.
1230 4427 1279 4477 p.
1300 4414 1409 4462 149.
1433 4413 1521 4461 lin.
1541 4411 1642 4476 19.]

798 4486 821 4516 -'
858 4479 985 4539 [nofe
1017 4476 1279 4536 μετέθηκεν
1311 4480 1337 4524 ὀ
1379 4479 1476 4525 τῶν
1504 4477 1630 4525 ὅλων
1668 4476 1786 4526 Θεὸς

733 4540 824 4586 τὸν
859 4541 1043 4602 ‘araim
1079 4542 1147 4590 Οὔ
1188 4543 1263 4589 δεῖ
1296 4540 1457 4601 ζητεῖν
1488 4543 1550 4589 τὰ
1593 4558 1788 4603 σεσιγη-

1875 3764 2014 3814 Elias
2051 3764 2338 3815 sublevatus
2377 3770 2469 3825 est,
2505 3769 2565 3814 ut
2600 3766 2655 3814 in
2688 3771 2937 3815 secretam

1872 3829 2143 3891 quamdam
2166 3834 2314 3879 terrae
2336 3831 2592 3893 regionem
2619 3834 2828 3893 repente
2850 3830 2945 3880 du·

1872 3899 2081 3957 ceretur,
2115 3895 2202 3943 ubi
2236 3895 2292 3943 in
2327 3909 2513 3957 magna
2536 3893 2649 3957 jam
2682 3895 2853 3945 carnis
2885 3901 2943 3944 et

1871 3959 2080 4021 spiritus
2117 3961 2286 4023 quiete
2328 3961 2534 4020 viveret,
2568 3974 2827 4022 quousque
2871 3960 2942 4009 ad

1872 4023 2024 4073 finem
2042 4024 2223 4073 mnndi
2244 4024 2430 4085 redeat,
2438 4030 2492 4074 et
2506 4025 2688 4074 mortis
2703 4023 2943 4074 debitum

1872 4088 2192 4138 solvat.”—-·S.
2233 4088 2382 4151 Greg.
2428 4088 2498 4138 M.
2533 4089 2625 4137 lib.
2665 4089 2723 4138 ii.
2760 4088 2942 4153 Hom]

1871 4153 2014 4202 xxix.
2038 4154 2093 4202 in
2117 4152 2304 4215 Evang.
2351 4157 2375 4214 5
2401 4157 2447 4205 5.
2471 4155 2583 4217 Op„
2604 4158 2729 4203 tom.
2761 4153 2795 4201 i.
2825 4154 2942 4204 coll.

1873 4219 2014 4268 1571.
2035 4218 2090 4268 Ε.
2117 4220 2259 4269 1572.
2282 4219 2344 4268 A.

1939 4291 1961 4313 ⁸
1993 4282 2062 4346 [S.
2080 4283 2234 4347 Aug.]
2251 4283 2313 4332 de
2378 4299 2474 4333 ecc.
2492 4282 2630 4345 Orig.
2654 4297 2764 4347 cap.
2789 4284 2944 4333 xxiii.

1876 4347 1942 4412 [(§
1976 4350 2075 4411 27.)
2100 4347 2208 4410 Op..
2235 4355 2355 4397 tom.
2386 4364 2436 4397 x.
2466 4348 2557 4398 col.
2586 4349 2698 4398 581.
2721 4349 2787 4397 A.
2826 4349 2946 4398 vide

1875 4426 2039 4508 supra,
2063 4427 2109 4475 p.
2131 4414 2241 4463 352.
2270 4418 2372 4462 not.
2395 4412 2455 4477 ¹.]

2003 4477 2217 4541 [Bened.
2243 4477 2499 4540 Pererius]
2526 4476 2587 4525 In
2611 4476 2738 4526 Gen.
2763 4477 2841 4528 lib
2866 4479 2946 4528 iii.

1877 4541 2044 4605 [Proef.
2083 4547 2201 4591 tom.
2230 4543 2263 4591 i.
2291 4558 2340 4605 p.
2365 4545 2474 4592 123.
2498 4542 2590 4592 ool.
2615 4541 2692 4605 2.]
