3165 4959
1412 1041 1518 1104 AD
1564 1042 1785 1106 CAPUT
1832 1040 2171 1106 QUINTUM.

761 1256 904 1314 Quod
920 1258 1202 1309 cardinalis
1215 1260 1555 1312 Bellarminus
1575 1262 1717 1311 nulla
1737 1261 1925 1326 injuria
1941 1262 2131 1324 Regem
2154 1261 2337 1322 affecit,
2355 1274 2472 1312 cum
2497 1260 2907 1325 Apostolicorum

826 1339 1081 1402 Brevium,
1102 1345 1156 1391 ct
1189 1342 1434 1406 Epistola>
1467 1359 1571 1393 suoe
1606 1343 1948 1394 defensionem
1984 1343 2436 1407 suscepit—[Bell.
2461 1343 2612 1407 Apol.
2636 1357 2729 1407 pro
2756 1342 2905 1407 Resp.

824 1435 874 1483 p.
893 1423 970 1472 43.
1007 1423 1120 1486 Op.,
1143 1428 1265 1473 tom.
1284 1425 1372 1474 vii.
1395 1424 1489 1473 col.
1510 1425 1622 1477 729.
1642 1423 1733 1487 A.]

703 1546 885 1619 Quod
910 1549 1209 1630 Pontifex
1238 1551 1476 1631 injuria
1499 1551 1729 1631 Reyem
1759 1550 1990 1630 affecit,
2017 1570 2154 1612 cum
2182 1550 2436 1628 Brevia,
2462 1551 2906 1629 Bellarminus,

782 1672 920 1713 cum
967 1654 1323 1733 Epistolam
1374 1654 1630 1733 scripsit
1669 1655 1881 1734 primo
1901 1682 1920 1716 .·
1998 1654 2254 1733 Itmm,
2301 1675 2440 1716 cum
2484 1655 2798 1732 Brevium,
2846 1661 2911 1716 et

780 1756 1084 1834 Epistola»
1114 1755 1522 1836 defensionem
1550 1758 1841 1836 suscepit.

758 2100 835 2149 De
856 2098 1140 2163 pulveraria
1172 2098 1514 2161 conjuratione
1538 2134 1551 2146 .
1589 2135 1601 2146 .
1636 2135 1649 2150 .
1685 2096 1820 2161 quod
1854 2098 1983 2147 mihi
2019 2096 2293 2147 dicendum
2328 2097 2611 2158 videbatur,
2635 2099 2811 2164 scripsi
2850 2100 2908 2149 in

821 2182 924 2232 alio
944 2180 1353 2244 libella—[Bell.
1377 2180 1525 2244 Apol.
1550 2196 1641 2245 pro
1665 2179 1834 2244 Resp.]
1857 2195 1905 2244 p.
1930 2181 2006 2231 43.
2034 2180 2168 2244 [Op.‚
2192 2184 2315 2230 tom.
2339 2181 2426 2231 vii.
2448 2181 2541 2230 col.
2562 2181 2672 2232 729.
2690 2180 2775 2245 A.]

373 2309 476 2372 [De
503 2311 670 2373 pulve-
693 2299 905 2362 NIHIL
944 2298 1283 2381 quicquam
1329 2295 1519 2360 credo
1557 2296 1811 2359 tristius
1856 2294 2144 2358 accidere
2181 2316 2393 2378 posse,
2427 2302 2539 2359 aut
2578 2296 2751 2379 quod
2792 2318 2907 2379 pe-

358 2375 654 2505 ssssssiffgg']
686 2401 847 2487 joris
890 2401 973 2464 sit
1020 2400 1255 2464 ominis
1304 2398 1655 2476 Cardinali,
1710 2420 1903 2481 quam
1949 2397 2003 2460 si
2049 2419 2324 2481 usquam
2367 2397 2612 2462 incidat
2658 2399 2909 2464 mentio

458 4163 585 4229 113

695 2506 775 2570 de
820 2506 1195 2568 Pulverarz'a
1241 2504 1719 2587 Conjuratione:
1774 2503 1881 2564 Ita
1915 2501 2154 2584 refugit
2196 2522 2482 2587 semper:
2535 2502 2630 2565 ita
2675 2525 2908 2586 parcus

693 2608 1036 2672 verborum
1093 2606 1374 2670 transilit
1434 2604 1673 2668 statim.
1786 2605 2064 2668 Solenne
2123 2604 2247 2668 hoc
2307 2612 2374 2673 et
2422 2604 2706 2688 reliquis·
2811 2607 2909 2671 At

695 2733 1134 2797 numquamne
1163 2710 1504 2774 resciscere
1546 2707 1824 2785 dabitur,
1858 2728 2001 2790 quae
2030 2707 2210 2771 vobis
2240 2707 2467 2771 Romae
2505 2707 2586 2771 de
2615 2708 2906 2774 facinore

694 2822 833 2878 tam
891 2823 1059 2879 tetro
1118 2834 1304 2877 mens
1325 2814 1355 2875 ⁶?
1433 2813 1876 2895 Nunquamne
1935 2809 2015 2874 de
2075 2831 2151 2874 eo
2209 2811 2430 2874 feretis
2489 2812 2904 2891 sententiam,

698 2918 903 3000 deque
931 2918 1011 2980 iis
1041 2917 1152 3000 qui
1183 2916 1242 2979 ei
1270 2916 1480 2979 facem
1512 2914 1982 2997 praetulerunt?
2036 2913 2166 2976 Sed
2196 2933 2311 2977 cur
2340 2914 2463 2978 hoc
2485 2915 2626 2999 jam
2657 2924 2907 2999 quaerat

696 3020 882 3101 quis?
972 3019 1137 3082 Cum
1171 3019 1383 3102 Caput
1414 3018 1691 3081 alterum
1723 3016 2205 3101 conjurationis
2253 3018 2694 3083 Greenwcllus
2712 3030 2756 3099 ⁸,
2793 3021 2908 3102 qui

693 3143 832 3183 rem
877 3121 1135 3185 rescivit
1179 3142 1459 3198 omnem,
1493 3128 1560 3183 et
1606 3142 1645 3182 a
1684 3143 1811 3204 quo
1854 3121 1989 3205 ipse
2037 3121 2398 3185 Gamettus
2425 3106 2583 3185 'rem
2629 3124 2904 3205 rescivit,

700 3225 988 3307 (scilicet)
1044 3223 1154 3306 qui
1197 3231 1296 3286 tot
1344 3223 1713 3288 Proditores
1759 3225 2141 3288 absolutione
2192 3246 2311 3287 sua
2357 3224 2629 3289 absolvit
2673 3248 2712 3289 a
2755 3228 2904 3308 fide,

674 3329 1036 3409 juramento
1074 3325 1421 3390 obstrinxit
1451 3326 1534 3390 ad
1572 3326 1929 3410 perfidiam,
1960 3328 2375 3390 Eucharistia
2418 3327 2780 3393 obfirmavit
2820 3330 2906 3394 ad

695 3431 925 3509 sceluS,
986 3430 1183 3499 etiam
1240 3429 1402 3493 tuba
1458 3437 1609 3514 post
1670 3431 1904 3495 cecinit
1965 3430 2048 3493 ad
2096 3431 2342 3513 (aperto
2396 3432 2640 3514 Marte)
2695 3432 2903 3497 rebel-

692 3536 953 3612 lionem,
1002 3541 1153 3617 post
1212 3539 1310 3597 tot
1364 3534 1621 3612 scelera,
1675 3533 1834 3597 adeo
1897 3533 2197 3597 Pontifici
2247 3554 2382 3597 non
2429 3534 2780 3619 displiceat,
2826 3545 2905 3600 ut

695 3660 845 3702 eum
891 3637 1116 3700 Romae
1159 3635 1416 3715 habeat,
1446 3636 1517 3699 in
1568 3636 1720 3699 sinu
1761 3636 1995 3713 foveat,
2026 3642 2340 3719 tanquam
2389 3636 2469 3700 de
2517 3636 2691 3701 bono
2730 3637 2907 3703 facto

694 3747 1142 3806 remuneratus
1173 3741 1276 3818 sit,
1309 3740 1391 3804 ad
1426 3742 1490 3803 S.
1517 3739 1716 3819 Petri,
1745 3739 2308 3804 Poenitentiarium
2332 3741 2471 3824 jam
2500 3740 2748 3820 fecerit,
2780 3742 2906 3807 hoc

694 3846 804 3910 ille
834 3846 1116 3929 pretium
1146 3845 1404 3910 sceleris
1435 3867 1473 3907 a
1503 3845 1817 3909 Pontifice
1846 3844 2091 3908 tulerit.
2160 3845 2250 3907 Et
2279 3844 2502 3908 abesse
2532 3844 2636 3908 vix
2663 3854 2903 3929 potest,

697 3951 857 4033 quin
887 3950 1174 4034 ejusdem
1204 3948 1484 4013 hominis
1516 3949 1619 4027 sit,
1653 3948 1764 4031 qui
1805 3955 2106 4030 agentem
2134 3946 2385 4030 probet,
2417 3948 2740 4012 actionem
2770 3971 2905 4014 non

696 4053 1095 4138 improbare3
1145 4053 1257 4136 qui
1285 4052 1471 4116 illum
1500 4052 1735 4130 foveat,
1766 4051 1919 4114 huic
1948 4051 2181 4119 favere.

788 4159 1175 4239 Quanquam
1214 4155 1295 4218 de
1339 4155 1577 4218 scelere
1614 4154 1739 4219 hoc
1776 4153 2158 4238 pulverariO,
2191 4153 2324 4217 dies
2355 4154 2518 4217 diem
2562 4156 2739 4220 docet
2755 4154 2805 4235 ¹³,
2836 4164 2905 4221 et

698 4282 836 4325 rem
875 4259 1080 4341 magis
1126 4258 1458 4341 magisque
1488 4255 1744 4339 profert
1782 4258 1851 4320 in
1893 4257 2180 4338 apricum
2196 4265 2239 4318 0.
2332 4257 2511 4320 Dum
2546 4258 2685 4323 haec
2728 4259 2905 4323 enim

759 4434 781 4456 ⁸
813 4426 918 4490 [Al.
934 4426 1174 4475 Greenwa
1209 4424 1584 4485 ,al.'1*esmond.
1616 4423 1752 4474 Vide
1904 4421 1927 4454 b
1959 4422 2071 4552 {Pa
2098 4422 2298 4487 xix.2.]

693 4489 945 4539 Jardine's
970 4490 1125 4538 Crim.
1194 4491 1329 4551 tiele,
1351 4494 1474 4540 tom.
1491 4490 1545 4539 ii.
1569 4505 1618 4554 p.
1637 4492 1750 4548 285,
1905 4496 1924 4519 ⁶
1987 4487 2116 4538 Vide
2140 4487 2267 4537 Hor.
2291 4488 2382 4553 Ep.
2410 4489 2451 4538 Ι.
2472 4493 2521 4542 6.
2543 4489 2643 4554 24.]

696 4557 750 4600 et
773 4553 917 4601 Praef.
955 4568 1004 4617 p.
1027 4554 1162 4615 xiii]
