3165 4959
686 320 775 381 34
1312 334 1397 379 AD
1442 333 1825 380 caanmams
1868 332 2267 379 Bmmmm

686 511 945 568 summa,
978 488 1339 554 venetiisn:
1385 511 1519 553 non
1551 490 1631 553 de
1664 490 1986 571 temporali
2025 488 2156 569 ejus
2196 485 2464 550 dominio
2511 484 2765 559 directe,
2798 478 2905 541 vel

692 597 936 674 Romae,
967 594 1039 657 in
1066 594 1206 677 ipso
1239 595 1680 658 cardinalium
1710 592 2157 658 Consistori00.

756 748 903 799 Certe
937 749 1179 799 Romanae
1216 749 1454 799 Ecclesiae
1482 750 1623 809 fides,
1659 753 1718 799 ut
1746 764 1859 798 vere
1890 747 2190 811 proprieque
2221 743 2497 801 catholica,
2532 739 2708 790 cadem
2742 741 2822 787 est
2847 737 2907 786 in

824 831 1038 895 Europa,
1061 832 1236 881 eadem
1259 869 1271 881 .
1298 868 1310 881 .
1336 870 1347 880 .
1368 833 1423 880 in
1441 832 1580 891 Asia,
1596 830 1770 881 eadem
1794 831 1851 879 in
1873 830 2060 887 Africa,
2084 827 2258 876 eadem
2283 827 2337 874 in
2360 825 2478 875 orbe
2499 837 2660 887 nuper
2676 822 2905 877 invento,

822 913 997 964 eadem
1019 914 1076 962 in
1098 917 1272 963 monte
1294 914 1504 974 Libano,
1526 913 1703 963 eadem
1726 913 1781 962 in
1804 912 2054 969 America‚
2077 909 2252 959 eadem
2276 908 2413 972 apud
2435 908 2645 956 ultimos
2664 904 2696 954 J
2700 917 2906 968 apones.

823 995 1048 1061 -—[Bell.
1074 995 1223 1058 Apol.
1247 1010 1339 1059 pro
1361 995 1537 1058 Resp]
1563 1009 1612 1058 p.
1640 997 1683 1045 9.
1713 994 1852 1059 [Op.,
1877 998 1999 1042 tom.
2015 992 2101 1042 vii.
2127 991 2220 1041 col.
2245 992 2273 1043 7
2278 994 2355 1039 09.
2381 988 2460 1053 0.]

787 1129 934 1207 Sed,
954 1128 1068 1191 ubi
1096 1150 1247 1212 ergo
1275 1129 1387 1192 illa
1417 1136 1515 1192 est
1544 1136 1680 1191 tam
1712 1127 1941 1190 diffusa
1977 1127 2252 1188 Romana
2280 1123 2439 1186 fides
2470 1121 2726 1185 vestra?
2773 1119 2907 1182 Hic

687 1231 829 1314 jam
887 1232 1313 1295 rhetoricatur
1361 1231 1740 1307 CardinaIiS,
1795 1238 1879 1308 et,
1940 1228 2144 1311 (quasi
2194 1235 2439 1309 septem
2491 1226 2629 1308 jam
2688 1231 2907 1307 partes

698 1335 894 1400 Orbis
938 1335 1299 1419 reperisset)
1336 1336 1458 1399 Est
1501 1337 1569 1397 in
1598 1337 1778 1412 Asia,
1809 1334 2040 1416 inquit,
2073 1334 2194 1395 Est
2224 1339 2285 1395 et
2315 1333 2381 1393 in
2410 1337 2612 1393 monte
2639 1330 2905 1407 Libane,

700 1439 882 1521 quasi
926 1460 1112 1502 mons
1141 1440 1419 1502 Libanus
1460 1440 1530 1501 in
1559 1440 1721 1501 Asia
1750 1460 1883 1500 non
1914 1437 2016 1499 sit.
2115 1437 2236 1497 Est
2272 1437 2338 1496 in
2375 1435 2691 1497 America.
2780 1434 2909 1495 Est

697 1549 759 1605 et
803 1544 871 1604 in
920 1542 1080 1605 Orbe
1116 1562 1309 1624 nuper
1353 1544 1616 1620 invente,
1666 1541 1845 1623 quasi
1889 1539 2071 1601 Orbis
2106 1559 2300 1619 nuper
2326 1539 2607 1599 inventus
2649 1556 2779 1599 non
2820 1536 2907 1599 sit

701 1646 1014 1709 America.
1103 1647 1228 1707 Est
1268 1651 1328 1707 et
1372 1645 1544 1725 apud
1582 1646 1833 1706 ultimos
1873 1643 2163 1725 JaponeS,
2198 1650 2264 1704 at
2307 1649 2371 1705 et
2413 1641 2454 1703 J
2458 1661 2694 1724 apones
2734 1639 2802 1702 hi
2834 1640 2907 1701 in

702 1749 860 1811 Asia
903 1759 1074 1826 sunt,
1106 1747 1207 1810 vel
1255 1747 1309 1810 si
1354 1755 1534 1810 extra
1561 1747 1803 1826 Asiam,
1835 1747 1905 1809 in
1948 1745 2268 1811 America.
2359 1746 2502 1808 Nec
2552 1764 2705 1807 sane
2747 1744 2909 1807 satis

705 1850 1038 1914 Catholica
1075 1850 1201 1912 fide
1244 1849 1350 1912 bic
1394 1849 1731 1913 nobiscum
1774 1849 1929 1932 agit.
2019 1850 2198 1913 Nam
2242 1849 2366 1911 hoc
2409 1849 2702 1910 Romanoe
2731 1847 2906 1925 fidei,

699 1955 938 2037 ubique,
973 1975 1163 2037 quam
1199 1975 1363 2037 pene
1403 1976 1722 2037 nusquam
1765 1961 1884 2032 est,
1916 1953 1985 2015 in
2027 1953 2292 2015 Africa?
2341 1951 2725 2034 quantillum
2755 1972 2911 2014 vero

697 2057 1079 2140 ubiquitatis
1110 2058 1266 2140 eju8‚
1298 2057 1371 2120 in
1409 2058 1588 2135 Asia,
1620 2057 1746 2120 nisi
1789 2057 1842 2119 si
1872 2079 2056 2120 mons
2103 2056 2389 2119 Libanus
2437 2055 2800 2118 summittat
2848 2055 2912 2118 ei

698 2162 1058 2226 Monachos
1099 2162 1391 2244 aliquot?
1440 2164 1524 2225 In
1564 2164 1826 2245 Europa
1856 2183 2021 2239 vcr0,
2056 2160 2307 2224 decoxit
2349 2161 2428 2223 ad
2458 2159 2699 2223 medias
2717 2184 2736 2236 3
2785 2181 2931 2222 nec-

696 2262 767 2331 i'n
797 2267 1099 2331 America
1126 2268 1407 2331 multum
1437 2289 1646 2351 operae
1675 2266 1884 2350 pretii,
1911 2267 1963 2329 si
1995 2267 2251 2330 Acostae
2282 2264 2620 2328 credimus.
2681 2264 2914 2347 Bapti-

696 2372 826 2436 zati
872 2372 1038 2435 forte
1080 2371 1361 2433 infantes
1405 2371 1496 2434 ibi
1546 2371 1826 2453 aliquot:
1885 2369 2071 2433 Indis
2125 2369 2279 2452 ipsis
2332 2368 2477 2451 plus
2523 2368 2730 2431 multo
2775 2366 2916 2430 veri

697 2474 829 2540 odii
859 2482 955 2539 est
998 2474 1069 2537 in
1113 2473 1511 2538 Professores
1554 2474 1849 2536 Romame
1886 2470 2065 2553 fidei,
2104 2494 2297 2556 quam
2343 2471 2577 2535 amoris
2606 2470 2708 2535 vel
2751 2471 2912 2551 ficti,

697 2579 769 2641 in
786 2577 983 2660 fidem
1023 2579 1242 2659 ipsam.
1334 2578 1571 2655 Quare,
1606 2597 1827 2640 secum
1856 2575 2106 2639 habitet
2149 2574 2527 2653 Cardinalis,
2562 2582 2626 2638 et
2657 2574 2917 2638 desinat

702 2683 940 2747 dehinc
969 2683 1062 2746 ita
1089 2703 1334 2765 pennas
1380 2682 1715 2764 explicare.
1805 2682 1986 2744 Nota
2015 2680 2275 2762 quidem
2308 2680 2447 2743 haec
2478 2681 2636 2764 ejus,
2667 2679 2913 2761 ubique,

707 2787 912 2869 magis
943 2792 1009 2850 et
1053 2785 1268 2850 minus
1318 2784 1564 2868 recipit,
1598 2793 1663 2848 et
1693 2784 1843 2847 fidei
1884 2806 2135 2868 semper
2164 2784 2453 2861 debetur,
2487 2805 2740 2867 semper
2778 2805 2918 2847 non

709 2891 1037 2972 competit.
1131 2890 1321 2954 Certe
1353 2888 1631 2973 quidem,
1663 2908 1784 2952 nec
1815 2894 2049 2969 tempus
2092 2887 2186 2950 ita
2213 2888 2466 2970 proprie
2501 2887 2760 2970 respicit
2789 2910 2919 2951 vox

716 2994 1056 3070 Catholica,
1096 2992 1172 3074 (si
1217 2993 1378 3056 serio
1410 2992 1551 3074 quis
1580 2992 1711 3054 vim
1743 2991 1912 3055 vocis
1953 2990 2312 3073 expendat,)
2354 2998 2426 3054 ut
2457 2993 2654 3053 locum
2677 3019 2698 3053 .·
2746 2999 2812 3055 et
2842 2991 2918 3054 in

710 3097 862 3174 loco,
895 3096 961 3158 id
992 3096 1205 3178 potius
1243 3095 1475 3159 necubi
1505 3096 1605 3158 vel
1639 3096 2007 3159 includatur
2035 3097 2134 3159 vel
2175 3095 2569 3175 excludatur,
2604 3118 2797 3179 quam
2835 3105 2918 3160 ut

710 3201 930 3283 ubique
981 3199 1289 3263 obtineat.
1394 3200 1710 3264 Nondum
1768 3200 1943 3264 enirn
1993 3201 2214 3282 ubique
2261 3199 2545 3263 obtinuit
2602 3200 2915 3280 Ecclesia,

718 3307 874 3388 (non
920 3304 1111 3368 modo
1153 3306 1356 3384 simul,
1407 3303 1518 3368 sed
1565 3326 1776 3388 neque
1820 3327 1933 3388 per
1979 3306 2469 3387 successionem)
2522 3306 2589 3368 in
2631 3307 2919 3370 universo

712 3410 956 3492 quidem
1005 3410 1251 3474 mundo,
1348 3410 1532 3472 Genti
1570 3411 1708 3493 jam
1755 3409 1872 3473 uni
1916 3430 2049 3472 non
2100 3416 2216 3487 est,
2263 3410 2363 3472 vel
2407 3410 2538 3472 loco
2590 3411 2686 3492 (ut
2730 3410 2914 3493 olim)

713 3513 1010 3592 astricta3
1079 3515 1209 3578 late
1256 3521 1456 3597 patet,
1507 3511 1650 3576 καθ’
1698 3511 1857 3576 ὅλου
1903 3534 2017 3596 per
2068 3513 2439 3577 universum
2492 3534 2630 3577 esse
2679 3521 2920 3598 potest,

718 3622 885 3703 (eam
916 3619 1088 3684 enim
1118 3619 1248 3682 vim
1291 3618 1488 3681 habet
1519 3640 1641 3681 vox
1670 3618 1783 3681 illa
1827 3614 1972 3681 καθ’
2016 3615 2195 3700 ὅλου)
2237 3619 2361 3682 etsi
2403 3640 2538 3682 non
2581 3619 2701 3682 sit:
2751 3620 2924 3684 addo

710 3724 928 3802 etiam,
985 3723 1109 3787 etsi
1155 3722 1365 3786 adhuc
1409 3743 1747 3805 nunquam
1797 3720 2011 3800 fuerit,
2062 3721 2163 3785 vel
2211 3722 2503 3801 fortasse,
2551 3744 2670 3786 nec
2723 3724 2926 3789 simul

710 3850 999 3911 unquam
1028 3830 1248 3892 futura
1277 3828 1377 3906 sit,
1404 3848 1532 3890 uno
1564 3826 1823 3910 quidem
1852 3833 2162 3908 tempore.

777 3962 1008 4013 Haereses
1044 3965 1346 4015 Lutheranoe
1394 3963 1768 4026 Septentrionis
1801 3963 2048 4026 angulum
2082 3963 2362 4027 possident,
2396 3978 2536 4014 mare
2571 3950 2676 4014 uon
2710 3969 2925 4017 transie-

841 4052 978 4108 runt,
1000 4047 1176 4098 Asiam
1199 4051 1251 4098 et
1274 4047 1500 4096 Africam
1521 4061 1627 4095 non
1649 4046 1950 4108 attigerunt,
1978 4070 2037 4090 =

775 4213 799 4236 ¹¹
838 4204 1001 4268 [Vide
1063 4203 1311 4254 Lconardi
1367 4203 1525 4252 Ducis
1580 4201 1769 4252 Veneti
1859 4203 2004 4252 Pauli
2024 4202 2088 4252 V.
2117 4204 2259 4262 (ibid.
2284 4219 2334 4268 p.
2357 4206 2516 4268 325.)]

713 4268 949 4317 Edictum
966 4274 1139 4319 contra
1156 4269 1356 4318 Bullam
1374 4269 1517 4317 Pauli
1536 4270 1594 4315 V.
1618 4268 1770 4330 (apud
1923 4278 1946 4300 ⁰
1985 4263 2149 4332 [vido
2174 4270 2298 4318 Bell.
2324 4271 2387 4319 de
2411 4271 2553 4320 Rom.
2584 4271 2730 4320 Pont.
2757 4273 2848 4323 lib.
2876 4290 2929 4339 r,

713 4332 937 4382 Goldast.
979 4333 1237 4382 Monarch.
1283 4339 1404 4383 tom.
1422 4334 1495 4383 iii.
1541 4349 1592 4396 p.
1633 4334 1772 4395 231.)
1863 4348 2004 4396 capp.
2023 4333 2164 4384 1-6.
2191 4334 2302 4397 Op..
2331 4339 2457 4384 tom.
2480 4336 2513 4385 i.
2539 4351 2623 4399 pp.
2643 4339 2754 4385 231.
2781 4353 2886 4403 seq.
2908 4358 2926 4401 ;

714 4396 858 4445 Pauli
885 4396 1069 4445 Veneti
1105 4398 1542 4448 considerationes
1571 4399 1778 4447 Censur-
1864 4398 2130 4447 et'Portur.
2155 4399 2311 4448 Torti.
2376 4437 2386 4448 .
2409 4403 2487 4449 36.
2513 4400 2647 4449 Edit.
2672 4403 2862 4464 nesta]

710 4475 853 4509 arum
882 4460 1025 4510 Pauli
1043 4461 1103 4510 V.
1126 4463 1267 4521 (ibid.
1306 4478 1351 4525 p.
1379 4467 1510 4528 286.)
1550 4471 1602 4511 et
1627 4463 1780 4512 Theo-
1932 4472 1953 4502 Ρ
1992 4462 2154 4526 [Vide
2179 4464 2303 4513 Bell.
2360 4480 2387 4513 e
2413 4464 2564 4514 Notis
2585 4465 2721 4516 Eos-1.
2745 4469 2834 4517 lib.
2856 4470 2928 4520 iv.

710 4524 939 4586 logorum
968 4525 1146 4575 Venet.
1170 4528 1385 4576 Tractat.
1417 4528 1480 4577 dc
1521 4529 1779 4578 Interdict.
1869 4543 1974 4593 cap.
1995 4529 2039 4580 7.
2065 4528 2174 4593 Op„
2200 4535 2321 4578 tom.
2338 4531 2371 4579 i.
2396 4545 2443 4594 p.
2465 4531 2574 4579 288.
2598 4530 2684 4594 Β.]
