3165 4959
966 336 1334 384 stomoma
1379 336 1746 385 nesroNsio.
2340 317 2468 379 223

246 491 549 574 Denique
602 491 791 555 aliter
848 492 919 554 in
966 492 1174 556 Missa
1225 492 1588 557 Cardinalis
1636 492 1943 575 loquitur,
2000 490 2189 553 aliter
2232 489 2341 552 hic
2399 489 2472 551 in

244 595 585 679 Apologia.
682 596 767 658 In
798 596 1021 674 Missa,
1064 597 1144 658 Ut
1174 618 1298 660 non
1327 599 1668 660 oestimator
1696 597 1925 672 meriti,
1957 596 2071 658 sed
2115 595 2305 657 veniae
2342 595 2474 655 lar-

236 697 450 781 yitori
471 726 491 760 .·
546 699 676 763 Hic
716 699 874 782 jam,
915 720 1032 782 per
1073 696 1536 786 ἀντιστροφὴν,
1568 709 1644 763 ut
1674 721 1797 764 non
1832 699 2023 762 venioe
2055 700 2326 781 largitor
2365 697 2470 774 sit,

245 805 364 868 sed
392 806 739 867 ‹estimator
766 806 996 883 meriti,
1030 805 1334 868 audacter
1364 807 1669 888 postulat.

339 908 487 970 Nec
528 928 680 989 ergo
712 907 1000 970 delemus
1031 909 1411 972 articulum:
1459 930 1580 972 nec
1613 911 1655 972 J
1660 908 1944 972 udicium
1975 910 2283 972 ultimum
2323 928 2465 970 eva-

250 1032 523 1074 cuamus
536 1038 555 1089 3
600 1018 666 1073 et
696 1011 1024 1074 reddenda
1053 1012 1218 1076 ratio
1251 1012 1330 1075 de
1361 1012 1682 1096 operibuS,
1707 1022 1772 1076 et
1797 1014 2026 1096 cuique
2051 1013 2472 1089 reddendum,

254 1114 613 1177 secundum
658 1135 871 1197 opera.
966 1114 1324 1178 Reddenda
1368 1116 1534 1179 ratio
1585 1116 1665 1179 de
1706 1115 2025 1198 operibus,
2075 1137 2210 1179 non
2255 1124 2475 1178 tamen

255 1219 544 1299 impuris,
569 1219 683 1281 sed
712 1240 826 1301 per
856 1219 1304 1302 poenitentiam
1335 1226 1649 1297 nostram,
1673 1241 1787 1302 per
1818 1220 1942 1282 Dei
1973 1221 2266 1302 gratiam,
2300 1219 2477 1303 prius

257 1323 586 1404 depuratis
612 1349 631 1383 .·
700 1321 1128 1386 Reddendum
1182 1323 1413 1406 cuique
1463 1322 1820 1387 secundum
1874 1344 2087 1404 opera,
2134 1321 2245 1385 sed
2292 1342 2371 1384 ex
2413 1321 2478 1384 vi

257 1425 577 1508 promissi,
609 1447 742 1489 non
771 1425 984 1490 valore
1014 1425 1252 1488 meriti.

326 1576 478 1626 Conc-
502 1576 757 1626 Nicenum
791 1614 804 1628 .
829 1613 842 1627 .
868 1615 879 1626 .
905 1579 1130 1641 primum
1154 1615 1166 1627 .
1194 1612 1205 1625 .
1231 1615 1241 1625 .
1268 1577 1462 1626 duabus
1486 1576 1853 1641 [potissimum]
1877 1577 1940 1626 de
1964 1577 2127 1627 causis
2148 1579 2477 1626 convocatum

391 1664 485 1718 est,
507 1664 565 1708 ut
588 1660 801 1722 quaestio
825 1660 888 1709 de
923 1660 1021 1709 fide
1045 1660 1347 1709 Divinitatis
1380 1659 1501 1709 Filii
1524 1660 1640 1720 Dei,
1662 1665 1716 1709 et
1738 1659 2074 1710 dissensiones
2095 1658 2157 1708 de
2181 1658 2478 1708 celebrando

394 1740 637 1790 Paschatc
671 1740 1217 1790 definirentur.—Bell.
1242 1741 1392 1804 Apol.
1415 1756 1506 1804 pro
1531 1741 1706 1804 Resp.]
1743 1756 1793 1804 p.
1818 1744 1895 1790 88.
1940 1740 2074 1805 [Op.,
2111 1747 2232 1789 tom.
2258 1741 2344 1788 vii.
2384 1740 2477 1789 col.

394 1822 505 1872 754.
531 1822 621 1886 A.]

354 1920 720 1984 Dicendum
768 1926 834 1982 et
880 1919 960 1982 de
1006 1919 1230 2003 primis
1285 1927 1561 2002 quatuor
1620 1921 1915 1985 Conciliis
1937 1948 1955 1982 :
2013 1919 2127 1982 sed
2165 1916 2480 2000 «γλώσσης
2506 1936 2603 2001 [De
2628 1935 2753 1985 Con-

263 2020 532 2109 χάριν,
565 2043 647 2085 ne
680 2022 845 2084 nihil
897 2023 1089 2100 dieat,
1145 2044 1292 2085 cum
1348 2023 1511 2086 nihil
1563 2032 1784 2087 tamen
1831 2024 2175 2086 dicendum
2223 2022 2475 2086 habeat.
2504 2001 2672 2064 <mm

272 2128 684 2199 Quaestionem
728 2126 819 2188 ibi
850 2126 1029 2207 fidei,
1074 2127 1149 2189 de
1197 2127 1431 2189 Christi
1470 2127 1817 2205 divinitate,
1857 2149 1935 2189 eoe
1976 2127 2316 2189 traditione
2360 2148 2482 2188 non

266 2231 509 2310 scripta
559 2229 877 2310 definitam
922 2250 1052 2291 esse
1070 2256 1091 2302 ;
1154 2230 1371 2292 Etiam
1421 2231 1687 2292 alteram
1737 2250 1990 2311 quoque,
2047 2231 2121 2292 de
2167 2231 2484 2291 Paschate

268 2333 656 2396 celebrando,
746 2333 958 2397 Nobis
989 2333 1205 2415 itaque
1243 2332 1377 2416 (qui
1409 2333 1818 2396 Traditiones
1860 2333 2102 2396 scilicet
2125 2333 2477 2416 rejicimus)

273 2458 423 2501 cum
456 2436 708 2500 Nicena
735 2435 997 2520 Synodo
1026 2457 1159 2499 non
1190 2436 1547 2501 convenire.

341 2581 416 2631 De
449 2581 736 2639 Quaestione
772 2580 893 2631 fidei
934 2581 1079 2631 testis
1118 2586 1195 2630 est
1231 2580 1589 2631 Theodoretus.
1626 2582 1716 2631 lib.
1753 2581 1787 2629 i.
1826 2580 2008 2645 [nisu]
2045 2595 2153 2644 cap.
2191 2582 2235 2629 8.
2276 2595 2388 2629 eam
2421 2595 2486 2629 ex

408 2667 721 2716 sermonibus
744 2682 847 2715 non
869 2667 1071 2728 scriptis
1093 2666 1245 2714 fuisse
1270 2663 1841 2728 terminatam.-[Bell.
1869 2664 2018 2727 Apol.
2037 2678 2128 2726 pro
2152 2662 2318 2727 Resp]
2342 2678 2392 2726 p.
2409 2666 2488 2712 88.

413 2747 550 2811 [Op.,
576 2752 699 2796 tom.
721 2748 806 2796 vii.
833 2747 924 2796 col.
952 2747 1062 2797 754.
1087 2747 1149 2795 A.
1172 2745 1253 2809 B.]

364 2859 465 2920 Ex
496 2857 897 2920 Theodoreto
935 2856 1160 2920 docere
1209 2856 1368 2933 vult,
1413 2855 1806 2936 quaestionem
1836 2853 1996 2935 fidei
2037 2874 2115 2916 ex
2151 2853 2491 2916 traditione
2520 2866 2788 2930 [Quaestio-

275 2984 414 3026 non
453 2963 692 3042 scripta
742 2962 1161 3023 terminatam.
1252 2958 1696 3023 Theodoretus
1726 2957 1792 3020 id
1831 2979 1908 3022 eo
1947 2958 2088 3021 loco
2129 2978 2260 3020 non
2292 2956 2487 3020 dicit:
2517 2933 2685 2981 ”⁰⁸⁶⁰
2719 2931 2821 2979 fide

2517 2996 2768 3061 quomodo

275 3066 671 3129 contrarium
702 3064 879 3127 dicit.
948 3066 1123 3127 Nam
1155 3071 1219 3125 et
1253 3063 1722 3127 Constantinus
1751 3062 1862 3140 ibi,
1886 3062 2038 3125 dum
2063 3061 2230 3123 viam
2265 3061 2489 3144 aperit,
2519 3064 2573 3111 in
2599 3064 2748 3111 Cone.

280 3191 475 3253 quam
506 3169 714 3231 teneri
744 3169 902 3246 vult,
925 3168 1005 3231 ad
1031 3168 1449 3251 quaestionem
1481 3167 1658 3230 illam
1685 3166 2136 3244 definiendam,
2170 3166 2258 3229 sic
2288 3166 2493 3248 loqui·
2519 3127 2786 3253 Ξῖξᾈῖζζ]

279 3281 413 3335 tur.
503 3272 873 3354 Evanyelici
904 3273 1085 3348 enim,
1119 3277 1180 3333 et
1215 3272 1569 3351 Apostolici
1602 3270 1769 3348 libri,
1803 3291 1916 3333 nec
1944 3292 2066 3333 non
2097 3271 2496 3350 antiquorum

285 3377 746 3456 Prophetarum
788 3377 1064 3453 oracula,
1086 3377 1280 3456 plane
1320 3375 1638 3436 instruunt
1668 3395 1797 3452 nos,
1832 3375 1907 3436 de
1945 3395 2128 3436 sensu
2159 3374 2454 3435 Numinis
2476 3400 2494 3434 .-

273 3480 569 3561 proinde,
626 3481 841 3542 hostili
880 3481 1095 3561 posita
1150 3479 1488 3553 discordia,
1550 3498 1868 3540 sumamus
1914 3498 1994 3539 eoe
2045 3478 2234 3538 dictis
2279 3476 2500 3538 Divini

289 3585 570 3665 Spiritu-3
630 3585 1074 3664 explicationes
1135 3580 1604 3665 quaestionum12
1682 3583 1779 3644 Ea
1841 3581 2042 3659 igitur
2090 3580 2499 3643 Constantini

286 3710 490 3765 menS,
522 3695 597 3751 ut
643 3687 722 3750 de
763 3687 945 3750 libris
992 3687 1334 3771 explicatio
1366 3693 1697 3760 sumatur;
1746 3691 1811 3747 at
1861 3684 1939 3747 de
1983 3684 2324 3745 traditione
2365 3704 2500 3745 non

285 3794 527 3873 scripta
576 3813 661 3854 ne
710 3791 1008 3854 meminit
1058 3791 1339 3874 quidem.
1433 3788 1609 3855 Quid
1656 3789 1882 3850 Patres
1917 3786 2061 3849 ibi?
2112 3808 2301 3868 quam
2332 3785 2501 3847 viam

286 3895 558 3978 ingressi
589 3897 786 3959 sunt?
863 3896 1324 3958 Animadversa
1340 3892 1785 3975 fraudulentia
1824 3890 2041 3973 (Arii)
2082 3891 2505 3971 allegaverunt

289 3999 591 4079 Episcopi
609 4020 688 4061 eoe
708 3999 1063 4079 Scriptura,
1087 3995 1511 4077 ἀπαύγασμα,
1517 3994 1783 4077 fontem,
1798 3994 2054 4077 flumen,
2080 3995 2503 4055 characterem

286 4104 673 4167 substantiae.
742 4103 830 4165 Et
860 4102 1002 4180 hoc,
1035 4102 1114 4165 In
1144 4103 1369 4163 lumine
1394 4107 1498 4163 tuo
1528 4099 1868 4162 videbimus
1898 4100 2118 4174 lumen,
2149 4098 2256 4175 Et,
2282 4098 2500 4171 Pater,

358 4305 369 4337 ¹
414 4305 620 4355 Collect.
648 4305 724 4370 [in
748 4305 868 4354 Can.
895 4303 1106 4367 Missae]
1445 4304 1531 4351 τοῦ
1554 4304 1678 4350 Θεοῦ
1698 4302 1887 4363 φρονεῖν
1911 4297 2255 4349 ἑκταιδεὺουσι·
2310 4299 2403 4356 τὴν
2425 4317 2504 4348 πο·

358 4370 380 4402 ¹‘
416 4371 647 4436 [Hesiod.
674 4371 767 4433 Op.
792 4374 843 4420 ct
868 4368 1004 4427 Dies,
1030 4369 1169 4432 707]
1446 4366 1703 4425 λεμοτοιὸν
1726 4365 1808 4414 οὖν
1830 4364 2158 4414 ἀπελάσαντες
2183 4363 2291 4427 ἔριν,
2327 4365 2380 4411 ἐκ
2409 4364 2507 4412 τῶν

357 4434 370 4467 ¹
406 4436 761 4500 [Εὖαγγελικαὶ
784 4436 894 4496 γάρ,
919 4447 1056 4497 φησι,
1084 4434 1264 4491 βίβλοι,
1281 4434 1359 4482 καὶ
1447 4432 1776 4481 &maian-v
1799 4431 1961 4491 λόγων
1981 4429 2209 4488 λάβωμεν
2231 4431 2329 4477 τῶν
2346 4428 2507 4489 (mov-

293 4502 632 4559 ὰποστολικαὶ,
658 4502 736 4550 καὶ
754 4504 850 4549 τῶν
870 4503 1087 4549 παλαιῶν
1106 4501 1362 4562 προφητῶν
1446 4495 1601 4556 μένων
1629 4497 1722 4554 τὴν
1747 4495 1960 4544 λύσιν.-
1971 4493 2155 4543 Theod.
2182 4493 2317 4543 Hist„
2343 4493 2506 4557 Ech]

294 4566 357 4615 τὰ
381 4566 702 4626 θεσπίσματα,
727 4567 895 4625 σαφῶς
929 4565 1051 4623 ἡμᾶς
1074 4563 1104 4613 ἃ
1134 4565 1230 4625 χρὴ
1254 4564 1361 4626 περὶ
1449 4562 1538 4610 lib.
1566 4562 1598 4609 i.
1625 4576 1730 4624 cap.
1758 4561 1802 4612 7.
1835 4561 1944 4624 [pp.
1973 4562 2051 4620 26,
2077 4559 2183 4623 27.]
