3165 4959
969 345 1327 394 APOLOGIAM
1376 344 1739 392 RESPONSIO.
2328 328 2455 389 305

246 497 404 579 quid
434 519 779 563 commune
811 500 895 564 sit
924 499 1071 577 illis,
1105 500 1259 583 quid
1289 521 1441 578 non,
1474 500 1533 562 ei
1564 498 1776 563 adhuc
1808 498 2224 580 exploratum.
2291 474 2461 560 'Panss-

241 608 466 665 tamne
496 602 567 665 in
600 602 944 667 Cardinale‘
968 604 1318 667 vanitatem
1345 604 1358 665 ἔ

310 742 563 794 Praeterea
588 759 690 794 non
714 760 872 810 pauca
894 760 1082 801 eorum.
1106 759 1219 809 quae
1244 745 1354 795 Rex
1374 745 1591 795 adduxit
1613 744 1724 809 [leq.
1742 743 1986 807 adducit],
2011 744 2297 793 invenimus
2319 744 2454 807 apud
2567 729 2690 792 22].

374 825 500 875 Tho.
546 826 979 889 Brigbtmsnnum
1024 829 1078 877 in
1123 828 1464 892 explicatione
1509 827 1845 891 Apocalypsis
1862 825 1889 874 ¹.
1905 854 1968 862 —
1983 823 2134 890 [Bell.
2172 826 2320 889 Apol.
2361 840 2452 890 pro

374 905 546 971 Resp.]
574 922 623 971 p.
643 909 753 960 127.
782 909 921 974 [Op.,
944 915 1066 959 tom.
1090 911 1178 959 vii.
1203 910 1295 960 col.
1321 910 1431 961 776.
1453 908 1539 973 A.]

326 1013 371 1075 J
374 1033 477 1076 am
516 1020 582 1077 et
614 1013 1129 1098 Brightmannus
1169 1039 1303 1081 non
1342 1017 1613 1081 dubium
1659 1017 1817 1100 quin
1848 1016 2012 1098 Regi
2042 1015 2250 1079 multa
2278 1036 2450 1079 com·-
2477 1028 2693 1143 &nedum
2721 1046 2752 1082 a

235 1115 536 1196 modat-it,
575 1119 759 1201 cujus
787 1126 1009 1183 tamen
1038 1140 1173 1183 non
1195 1119 1323 1182 nisi
1354 1126 1498 1202 post
1536 1119 1777 1182 editam
1796 1120 1988 1200 Reqis
2006 1118 2452 1198 Proefationem
2476 1094 2707 1222 mffffxlig]

237 1218 405 1282 liber
444 1219 574 1283 huc
626 1221 896 1303 appulit.
988 1223 1148 1285 'Pam
1198 1244 1450 1305 semper
1498 1221 1899 1304 temporibus
1953 1220 2286 1285 commode
2336 1243 2454 1284 sua

237 1342 377 1385 non
426 1322 651 1385 dividit
671 1334 717 1387 8.
814 1324 941 1387 Sed
989 1346 1111 1388 non
1146 1346 1360 1406 pauca
1403 1326 1598 1408 Reyis
1638 1325 1809 1406 apud
1835 1345 1970 1386 eum
2000 1325 2253 1386 invenit.
2344 1325 2451 1387 Ne

236 1424 476 1488 clamet
514 1432 737 1490 tamen
781 1423 1035 1513 εὕρηκα..
1126 1428 1301 1491 Nam
1347 1428 1501 1511 quid
1537 1428 1776 1490 mirum
1794 1429 1823 1489 P
1917 1426 2023 1488 Sic
2053 1426 2273 1489 lucent
2303 1447 2453 1489 vera

238 1527 555 1610 quaedam,
586 1536 661 1592 ut
690 1550 811 1593 nec
840 1530 1050 1594 luscos
1078 1530 1353 1613 fugiant.
1435 1529 1581 1608 Sed,
1611 1531 1717 1611 (ne
1747 1528 1991 1592 nesciat
2024 1528 2247 1611 quanti
2278 1529 2451 1611 apud

235 1651 359 1694 nos
390 1632 634 1696 Auctor
660 1633 794 1717 ille)
831 1633 1028 1697 homo
1057 1633 1202 1712 fuit,
1236 1633 1392 1697 dum
1428 1633 1606 1711 vixit,
1643 1631 1939 1715 proclivis
1972 1631 2053 1694 ad
2084 1631 2448 1710 schismata,

237 1756 362 1798 nec
420 1736 532 1818 qui
589 1743 837 1817 saperet
895 1738 985 1798 ad
1030 1737 1425 1799 sobrietatem
1447 1734 1475 1774 ¹¹
1500 1764 1519 1798 .·
1591 1756 1794 1817 eoque
1856 1736 2138 1811 nomine,
2195 1756 2272 1796 ex
2320 1755 2447 1817 quo

237 1838 518 1922 suscepit
557 1839 663 1902 hic
707 1841 1011 1923 Regnum
1054 1841 1214 1919 Rex,
1249 1847 1314 1904 et
1349 1840 1418 1903 in
1458 1840 1528 1903 id
1570 1861 1779 1922 genus
1826 1839 2164 1903 hominum
2212 1838 2450 1921 inquiri

226 1942 444 2027 jussit,
485 1943 618 2006 lata
660 1965 777 2026 pro
827 1943 1153 2006 Tribunali
1197 1944 1541 2023 sententia,
1581 1951 1813 2007 exutus
1860 1950 1960 2006 est
2000 1964 2076 2006 eo
2108 1963 2235 2025 quo
2270 1942 2447 2025 prius

236 2046 580 2129 gaudebat,
637 2047 1028 2125 SacerdotiO,
1081 2069 1156 2112 ac
1206 2049 1348 2113 loco
1394 2056 1632 2127 motus,
1687 2056 1881 2131 atque
1950 2048 2129 2111 omni
2175 2046 2449 2111 docendi

235 2170 542 2212 munere:
589 2171 711 2213 nec
749 2151 958 2213 multo
995 2159 1140 2234 post
1184 2150 1355 2214 diem
1400 2151 1582 2215 obiit.
1674 2152 1815 2214 Nec
1846 2150 2073 2214 excudi
2115 2150 2221 2214 hic
2265 2159 2445 2232 pote-

233 2260 385 2315 rant
444 2274 588 2335 quae
646 2254 921 2337 scripsit,
980 2275 1127 2318 cum
1188 2255 1359 2337 apud
1418 2277 1566 2318 eum
1627 2277 1758 2318 ncn
1827 2256 2017 2338 longe
2080 2255 2296 2318 absint
2362 2255 2448 2318 ab

232 2357 491 2439 &cephis
546 2358 859 2441 quandam,
911 2358 1203 2442 quaedam
1264 2379 1385 2422 nec
1446 2357 1526 2422 ab
1579 2360 1817 2420 haeresi.
1908 2360 2192 2421 Tantum
2241 2357 2443 2435 abest,

232 2468 311 2525 ut
338 2462 691 2527 illiusmodi
719 2463 984 2528 homine
1010 2464 1149 2527 Rex
1179 2485 1414 2527 usurus
1443 2463 1661 2539 fuerit,
1695 2461 1776 2526 ad
1806 2461 2221 2545 Theologiam
2253 2462 2334 2526 ab
2365 2484 2441 2526 eo

233 2567 682 2631 mutuandam.
777 2570 890 2644 At,
930 2567 986 2629 si
1025 2587 1130 2630 me
1176 2565 1415 2642 audiat,
1452 2572 1673 2628 mutus
1715 2566 1798 2627 sit
1839 2565 1918 2628 de
1958 2572 2187 2628 mutuo
2218 2566 2442 2630 Cardi-

229 2670 419 2748 nalis,
467 2671 650 2754 cujus
710 2672 961 2734 intactoe
1004 2671 1276 2752 relinqui
1323 2677 1596 2753 possunt
1653 2669 2113 2745 Controversiae,
2164 2669 2238 2745 si,
2302 2690 2446 2751 quae

228 2780 442 2837 mutuo
472 2781 734 2859 sumpta
762 2783 935 2854 sunt,
968 2776 1162 2837 tactio
1192 2794 1326 2837 non
1359 2774 1464 2835 sit.
1554 2773 1679 2834 Tot
1711 2771 1885 2834 enim
1915 2771 2005 2835 ibi
2046 2778 2277 2849 mutua,
2310 2780 2376 2835 et
2405 2794 2445 2835 a

227 2884 353 2956 tot,
399 2886 476 2942 ut
527 2878 581 2942 si
626 2885 1027 2961 recoynoscat
1076 2877 1236 2960 quis,
1283 2883 1350 2940 et
1398 2898 1588 2939 suum
1636 2876 1867 2959 cuique
1905 2876 2153 2955 reddat,
2186 2898 2445 2953 versura
2493 2933 2502 2940 .

226 2981 530 3045 facienda
569 2982 653 3046 sit
702 2981 1064 3061 Cardinali;
1111 2988 1177 3044 et
1215 2981 1792 3043 Controversiarum
1822 3000 2107 3043 crassum
2148 3002 2307 3063 opus
2340 2981 2443 3044 vix

226 3086 482 3151 ossibus
509 3085 857 3150 haesurum.
948 3086 1210 3149 Parcius
1238 3086 1363 3149 ista
1392 3106 1546 3168 ergo
1578 3085 1814 3149 dehinc
1845 3085 1922 3148 de
1948 3091 2178 3148 mutuo,

236 3198 263 3224 0

293 3238 527 3302 Denique
549 3238 605 3288 in
626 3238 721 3289 hac
737 3239 1078 3304 disputatione
1100 3239 1209 3289 Rex
1230 3254 1334 3289 non
1351 3242 1511 3289 certas
1531 3238 1998 3301 demonstrationes,
2021 3237 2107 3289 sed
2130 3239 2439 3304 conjecturas

359 3334 488 3378 suns,
512 3319 592 3370 vel
615 3334 816 3374 sensum
839 3336 1011 3370 suum.
1035 3358 1048 3370 .
1073 3357 1085 3370 .
1101 3321 1341 3385 proponit
1358 3356 1370 3369 .
1395 3357 1408 3369 .
1434 3355 1448 3369 .
1476 3319 1684 3370 Poterat
1705 3320 1866 3383 igitur
1885 3356 1898 3369 .
1924 3355 1936 3369 .
1964 3355 1976 3369 .
1999 3320 2141 3371 facile
2163 3323 2436 3384 praeterire.

362 3400 464 3451 Sed
485 3402 652 3451 voluit
671 3406 845 3452 tamen
874 3403 1095 3454 breviter
1115 3403 1320 3465 singula
1340 3404 1588 3467 persequi,
1610 3407 1664 3453 et
1686 3404 1951 3453 sententiis
1974 3403 2128 3465 Regis
2160 3405 2437 3454 sententias

359 3486 587 3531 veterum
613 3481 822 3532 Patrum
845 3483 1330 3548 opponere.-—[Bell.
1350 3482 1499 3545 Apol.
1523 3497 1616 3545 pro
1640 3481 1807 3546 Resp.]
1829 3499 1878 3547 p.
1901 3484 2011 3535 127.
2048 3484 2180 3547 [Op.,
2199 3489 2321 3532 tom.
2347 3485 2435 3535 vii.

358 3563 452 3613 ool.
478 3562 588 3614 776.
614 3561 677 3611 Δ.
704 3561 784 3627 B.]

312 3673 535 3735 Potuit
563 3692 714 3735 vero
743 3674 941 3736 etiam
971 3673 1320 3754 praeterire,
1365 3670 1515 3754 quia
1555 3673 1737 3733 nulloe
1779 3672 1866 3733 ibi
1909 3678 2052 3734 sunt
2100 3679 2282 3734 certae
2330 3674 2435 3736 de-
2460 3681 2542 3747 [In
2555 3683 2762 3747 Apoeal.

221 3761 735 3840 monstrationem
769 3776 880 3840 sed
910 3778 1276 3859 conjecturoe
1305 3777 1503 3856 modo,
1525 3783 1586 3839 et
1616 3778 1771 3857 quid
1789 3777 1929 3839 Rex
1949 3775 2223 3839 sentiati.
2289 3778 2432 3842 Nec
2457 3748 2761 3863 Ξξξξὲζζῖῗζ

222 3880 383 3944 libet
431 3880 764 3966 Cardinali
806 3881 1039 3945 luctari
1080 3902 1230 3944 cum
1275 3880 1666 3962 conjecturis.
1758 3880 2004 3943 Verum
2048 3879 2170 3944 hoc
2214 3881 2431 3945 mode·
2456 3877 2733 3991 2³22oe

222 3981 367 4046 stiae
398 3987 537 4044 erat
567 3980 649 4045 de
680 4002 748 4044 se
779 3988 844 4045 et
875 3982 1005 4045 suis
1043 4003 1179 4046 non
1219 3982 1428 4045 multa
1456 3980 1794 4063 magnifice
1841 3980 2089 4045 dicere:
2139 4003 2331 4064 quam
2362 3982 2431 4044 in
2456 4012 2664 4068 possunt

206 4091 479 4170 ‘partem
542 4106 673 4149 non
724 4085 932 4149 multa
974 4093 1244 4169 peccant
1293 4087 1335 4148 J
1338 4085 1579 4164 esuitae,
1633 4086 1864 4168 quibus
1908 4086 2102 4148 nullae
2154 4085 2429 4168 placent,
2454 4070 2727 4133 adhiberi]

220 4189 421 4252 nullae
462 4197 717 4267 sonant,
751 4189 873 4252 nisi
903 4190 1392 4268 evidenti-ssim,
1427 4196 1487 4252 et
1517 4190 2012 4252 luculentissima»
2048 4190 2429 4286 demonsfra-

285 4358 303 4390 ¹
333 4359 721 4424 [Brightmanni
738 4360 1068 4424 Apoealypsis
1096 4361 1284 4424 Apoca-
1436 4368 1459 4400 8
1516 4359 1649 4409 Vide
1671 4359 1870 4410 Terent.
1899 4359 2055 4410 Andr.
2081 4359 2176 4410 111.
2200 4358 2357 4423 i.18.]

218 4425 434 4488 lypseos,
458 4422 513 4473 id
535 4428 613 4473 est
633 4424 964 4489 Apocalypsis
987 4425 1049 4474 D.
1071 4425 1285 4475 Josnnis
1408 4433 1411 4438 ’
1437 4423 1460 4455 ¹¹
1517 4424 1660 4475 Rom.
1682 4425 1774 4474 xii.
1800 4425 1866 4490 3.]

218 4490 556 4611 sstnaaggtrmetti:
590 4488 813 4616 lsggglJiis
869 4490 1136 4540 illustrata.
1182 4492 1285 4540 4to.
1437 4489 1447 4520 ¹
1522 4489 1655 4541 Vide
1688 4490 1834 4541 Praef.
1867 4490 2048 4604 Monit.
2079 4505 2160 4554 pp.
2193 4490 2271 4549 70,
2298 4489 2438 4555 142.)

305 4649 795 4710 sanativus-amr.
1829 4626 1835 4630 ’
1873 4655 1915 4702 χ
