3165 4959
454 2025 580 2086 160

372 4012 526 4077 [Satis
548 4016 624 4061 est

370 4077 411 4125 si
438 4077 611 4140 recipi-

372 4146 523 4190 antur
576 4143 678 4191 tria

374 4205 653 4270 Symbola,]

671 319 803 380 214
1302 333 1388 378 AD
1433 332 1816 379 CARDINALIS
1858 330 2257 378 Bmmmlm

677 488 831 551 dum
863 487 984 565 sit3
1031 488 1219 565 Tum,
1252 507 1375 550 nec
1407 489 1574 550 mille
1588 487 1823 568 fiyuris
1851 507 1988 549 rem
2020 493 2244 569 agunt.
2322 485 2478 547 Una
2506 483 2735 560 mod03
2767 502 2891 545 nec

678 591 819 668 alia,
846 613 1040 673 quam
1069 612 1198 672 qua
1218 611 1330 653 vos
1358 590 1481 673 ipsi
1512 589 1845 673 explicatis
1873 589 2057 666 illud,
2078 590 2207 652 Hic
2223 595 2316 651 est
2340 589 2531 665 calioe,
2557 589 2663 668 qui
2692 586 2891 667 efflu-

679 697 892 758 ditm-¹
915 722 936 768 ;
991 715 1184 777 quem
1213 715 1335 757 nec
1363 716 1474 757 vos
1505 693 1804 776 expedire
1833 693 2102 776 potestis
2133 692 2271 755 sine
2302 698 2497 773 tropo.
2570 689 2891 771 Denique,

680 798 876 861 vestri
905 798 1218 875 homines,
1250 798 1408 861 dum
1432 801 1714 880 fiyuram
1746 819 1942 860 unam
1970 796 2251 879 fugiunt,
2298 796 2466 857 mille
2504 815 2571 856 se
2602 793 2894 875 quaestio-

680 901 861 963 nibus
879 902 1214 963 involvunt.
1264 902 1407 963 Nec
1424 908 1561 963 tam
1591 900 1857 962 rotunde
1877 906 2217 962 moverunt
2245 897 2433 961 verba
2464 898 2579 958 illa
2597 895 2891 972 rotanda,

680 1011 756 1065 ut
786 1002 893 1066 hic
921 1003 1054 1065 illic
1084 1024 1219 1066 non
1249 1003 1615 1086 impingant
1646 1002 1725 1065 ad
1758 1000 2052 1079 absurda,
2089 1000 2319 1083 quibus
2363 1000 2632 1062 mirifice
2676 997 2893 1080 impli-

682 1113 911 1169 cantur
936 1133 949 1169 :
1019 1114 1094 1169 ut
1146 1112 1391 1188 tropum
1443 1128 1650 1169 unum
1700 1105 2009 1168 adhibere
2066 1112 2351 1188 praestet,
2404 1126 2599 1186 quam
2655 1101 2737 1165 ad
2790 1109 2891 1165 tot

683 1209 975 1292 scopulos
1006 1207 1289 1272 allidere.

749 1355 831 1404 Sic
859 1355 1006 1414 illud,
1029 1357 1186 1419 Apoc.
1211 1356 1298 1416 xi„
1333 1355 1396 1405 dc
1425 1355 1622 1405 duobus
1645 1354 1912 1419 Prophetis
1940 1368 2055 1403 cum
2082 1353 2403 1403 Antichristo
2430 1353 2752 1417 pugnaturis,
2785 1389 2798 1401 .
2833 1388 2844 1398 .
2879 1387 2892 1399 .

814 1437 1000 1486 omisso
1033 1437 1238 1497 literali,
1272 1437 1442 1501 plano,
1471 1437 1691 1500 proprio,
1725 1452 1781 1486 ae
1814 1435 2078 1499 perspicuo
2115 1451 2280 1496 sensu,
2307 1436 2516 1485 omnino
2551 1433 2799 1491 laborant,
2836 1436 2894 1481 ut

814 1520 1125 1583 metaphoris
1144 1518 1653 1582 obscurent—[Bell.
1677 1518 1828 1583 Apol.
1851 1532 1945 1580 pro
1963 1516 2141 1581 Resp.]
2180 1531 2230 1581 p.
2258 1519 2334 1566 80.
2375 1516 2509 1580 [Op.,
2533 1521 2655 1565 tom.
2680 1515 2773 1564 vii.
2796 1514 2890 1564 col.

816 1602 927 1651 749.
951 1600 1034 1663 C.]

772 1718 967 1795 Nam,
1023 1717 1195 1799 quod
1253 1715 1535 1779 secundo
1593 1715 1736 1779 loco
1795 1715 2031 1798 allegat
2090 1715 2305 1777 locum
2358 1734 2435 1777 ex
2485 1711 2895 1795 Apocalypsi,

687 1842 914 1902 parum
956 1818 1023 1881 id
1061 1819 1140 1881 ab
1172 1839 1248 1881 eo
1286 1819 1579 1881 consulto
1625 1818 1870 1882 factum
1916 1826 2048 1881 est:
2096 1838 2419 1901 nusquam
2464 1817 2641 1879 enim
2684 1815 2900 1878 minus

687 1924 812 1987 loci
842 1923 1039 1986 habet
1072 1944 1294 1986 sensus
1312 1925 1549 2004 planus
1566 1931 1633 1985 et
1665 1924 1951 2001 literalis,
1986 1945 2176 2005 quam
2207 1922 2280 1984 in
2307 1921 2472 1984 libro
2500 1921 2634 1983 illo.
2702 1918 2897 1995 Audi,

692 2045 834 2108 quae
878 2025 968 2088 ibi
1016 2032 1186 2102 sunt,
1236 2023 1316 2087 de
1372 2024 1624 2088 duobus
1668 2024 1769 2087 his
1814 2025 2132 2103 Testibus,
2193 2024 2379 2086 verba
2423 2023 2695 2085 rotunda
2722 2049 2742 2083 .·
2809 2022 2903 2082 Hi

688 2135 832 2191 sunt
862 2129 998 2190 duoe
1022 2130 1214 2205 olivoe,
1257 2135 1319 2191 et
1352 2129 1471 2190 duo
1504 2128 1881 2191 candelabra
1900 2138 1940 2206 ⁸,
1987 2129 2111 2191 nisi
2143 2127 2313 2209 quod
2345 2127 2528 2190 deest
2567 2126 2658 2189 ibi
2689 2127 2852 2188 enim
2876 2150 2898 2195 ,-

690 2252 881 2313 quam
910 2252 1130 2294 vocem
1164 2231 1351 2294 nobis
1393 2231 1588 2313 (quod
1616 2252 1728 2294 vos
1770 2232 1840 2293 in
1872 2232 2291 2294 sacramento
2322 2231 2580 2312 facitis,)
2617 2230 2902 2293 inserere

690 2335 912 2418 religio
943 2343 1058 2413 est,
1104 2357 1239 2398 non
1273 2335 1486 2398 minus
1523 2335 1697 2398 clara
1740 2343 1806 2398 et
1850 2334 2228 2417 perspicua3
2279 2355 2420 2416 quae
2450 2340 2671 2396 tamen
2703 2334 2902 2394 invol-

687 2444 786 2501 vet
840 2437 1078 2521 (credo)
1126 2438 1486 2503 cardinalis
1518 2444 1697 2520 tropo
1747 2440 1974 2521 aliqua,
2020 2460 2101 2502 nc
2133 2459 2393 2502 necesse
2422 2436 2705 2501 habeant
2743 2437 2905 2499 Can·

690 2543 947 2605 delubra
991 2544 1268 2606 interfici
1322 2544 1401 2606 ab
1433 2544 1850 2605 Antichristo.
1945 2543 2138 2608 Quod
2167 2543 2294 2605 nisi
2326 2544 2552 2606 omisso
2582 2542 2673 2605 ibi
2703 2542 2905 2604 inter-

690 2645 847 2709 dum
899 2667 1081 2709 sensu
1135 2647 1391 2723 literali,
1445 2649 1808 2727 metaphora
1855 2646 2070 2728 aliqua
2115 2666 2301 2709 voces
2349 2645 2518 2708 sinas
2562 2645 2903 2722 obscurari,

689 2750 1131 2814 Antichristus
1155 2752 1377 2813 Bestia
1408 2751 1552 2826 erit,
1586 2771 1718 2812 non
1749 2749 1965 2825 hom0,
2000 2757 2065 2811 et
2089 2750 2307 2811 Bestia
2340 2768 2491 2830 qaoe,
2522 2748 2590 2811 id
2623 2753 2738 2824 est,
2771 2769 2904 2810 non

688 2873 842 2930 mas,
895 2853 1007 2916 sed
1055 2851 1345 2934 foemina.
1464 2852 1593 2915 Sed
1658 2851 1711 2914 si
1767 2852 1949 2914 locus
2011 2851 2102 2914 ibi
2161 2852 2584 2932 spiritualiter
2640 2858 2906 2913 vocetur

693 2954 1015 3025 Sodomafi·
1065 2955 1309 3036 quidni,
1331 2955 1409 3017 ad
1444 2954 1616 3017 idem
1646 2954 2031 3037 exemplum,
2056 2955 2475 3034 spiritualiter
2498 2960 2810 3016 vocentur
2840 2959 2906 3015 et

690 3056 861 3118 alia?
913 3062 978 3118 et
1023 3058 1091 3118 in
1137 3057 1214 3119 iis
1259 3058 1354 3119 fas
1396 3057 1478 3119 sit
1525 3080 1563 3119 a
1611 3058 1869 3140 proprio
1919 3078 2110 3120 sensu
2141 3057 2514 3120 discedere?
2611 3057 2908 3138 Sinyulos

688 3158 777 3219 ibi
818 3178 1029 3221 versus
1068 3160 1318 3241 sinyula
1365 3161 1665 3240 mysteria
1696 3160 1857 3223 dixit
1888 3159 2042 3223 olim
2076 3160 2517 3244 Hieronymus
2534 3170 2585 3223 ¹¹.
2676 3161 2908 3223 Patere

689 3282 839 3323 vero
877 3260 948 3323 in
992 3262 1313 3344 mysteriis
1358 3263 1751 3344 Metaplzoroe
1790 3263 2006 3326 locum
2047 3285 2203 3327 esse.
2297 3263 2618 3346 Denique,
2650 3262 2784 3325 utri
2825 3262 2906 3326 de

700 3364 1160 3427 Testibush'llis
1202 3365 1407 3448 magis
1452 3366 1745 3449 apposita
1784 3367 2089 3444 sentiant,
2137 3367 2413 3430 remittit
2445 3366 2704 3430 Lectori
2743 3387 2904 3444 rem,

695 3468 826 3551 qui,
861 3491 993 3532 non
1024 3489 1102 3532 ex
1130 3490 1358 3532 vocum
1388 3470 1645 3553 (spero),
1667 3468 1779 3533 sed
1809 3491 1888 3532 ex
1919 3491 2141 3533 sensus
2172 3471 2559 3533 rotunditate
2584 3470 2905 3554 judicium

696 3573 884 3637 feret.

762 3708 881 3757 Non
915 3708 1038 3757 satis
1071 3713 1149 3758 est
1183 3708 1248 3757 ad
1283 3708 1580 3758 hoereticum
1608 3723 1795 3758 nomen
1817 3708 2117 3772 fugiendum
2141 3708 2234 3757 illa
2255 3709 2478 3772 recipere
2506 3744 2518 3757 .
2554 3744 2567 3757 .
2606 3746 2618 3758 .
2655 3724 2770 3771 quae
2795 3709 2907 3758 Rex

828 3791 1112 3852 Anglomm
1146 3791 1368 3853 recipere
1406 3797 1558 3854 atque
1597 3790 1871 3841 admittere
1907 3806 1960 3841 se
2000 3790 2375 3857 dicite—[Bell.
2411 3791 2563 3855 Apol.
2601 3807 2693 3855 pro
2729 3791 2906 3857 Resp.]

826 3887 874 3934 p.
902 3874 978 3921 80.
1021 3873 1162 3936 [Op.,
1183 3877 1306 3922 tom.
1325 3873 1413 3922 vii.
1437 3874 1531 3922 col.
1559 3874 1670 3924 749.
1688 3873 1782 3937 D.]

784 3988 930 4051 Non
980 3991 1140 4052 satis
1185 3989 1326 4068 hoc,
1374 3990 1428 4053 si
1476 3990 1616 4072 quis
1663 3992 1790 4052 tria
1833 3991 2126 4072 Symbola
2171 3992 2490 4076 suscipiat,
2547 4001 2613 4055 et
2644 4000 2912 4075 quatuor

706 4092 1003 4169 Concilia,
1052 4099 1127 4155 ut
1175 4113 1250 4154 ne
1289 4092 1642 4154 Hoereticus
1680 4093 1766 4154 sit
1788 4120 1805 4153 .·
1860 4093 1993 4156 Ubi
2040 4094 2329 4157 candor}>
2422 4096 2720 4161 Quatuor
2762 4118 2909 4179 pro-

767 4292 786 4377 :
823 4284 969 4398 [kuc.
995 4284 1245 4398 xxii.420.]
1846 4300 1938 4399 pri?
1981 4286 2491 4400 Jneritg.Y⁰lumi1‚¹¹·i⁸'
2522 4354 2532 4365 ⁸
2573 4289 2705 4367 Laus
2744 4290 2911 4367 omnis

766 4415 780 4442 ι
816 4350 1004 4477 mg·
1018 4366 1097 4462 ἐξ·
1112 4350 1198 4479 853³
1846 4364 2196 4478 251320552..
2214 4356 2908 4479 kzaeffigffntsszffifffitssz

762 4484 786 4505 ¹¹
825 4479 885 4538 [·‘
903 4478 1234 4540 Apocalypsis
1256 4478 1471 4529 Joannis
1498 4483 1576 4528 tot
1604 4478 1758 4529 habet
1849 4480 2010 4543 Epist.
2039 4480 2132 4529 liii.
2159 4479 2292 4528 Van.
2337 4481 2417 4543 (al.
2448 4485 2574 4547 ciii.)
2610 4486 2672 4534 ad
2711 4485 2907 4534 Paulin.

695 4549 1020 4599 sacramenta,
1051 4549 1173 4603 quot
1195 4543 1360 4592 verba.
1431 4544 1617 4592 Parum
1644 4544 1755 4593 dixi
1847 4550 1966 4594 sect.
1994 4547 2039 4595 8.
2078 4543 2188 4607 Op„
2212 4550 2337 4595 tom.
2360 4547 2392 4596 i.
2416 4548 2509 4598 col.
2532 4551 2644 4600 278.
2665 4549 2749 4613 D.]
