3165 4959
479 2248 564 2310 62

369 2346 600 2410 [Nupera

370 2411 604 2474 qum-dam

370 2476 433 2526 de
459 2477 551 2526 hac
574 2493 628 2527 re

374 2541 670 2593 Rellarmini

371 2606 651 2673 dogmata]

706 319 793 381 80
1330 329 1416 377 AD
1460 327 1844 376 CARDmAus
1888 327 2286 375 mmmmm

704 509 896 571 quam
929 487 1237 550 donatum
1277 483 1402 547 illis
1433 505 1741 567 unquam,
1772 489 2030 546 tantum
2070 481 2241 565 quod
2284 482 2546 544 illorum
2584 483 2723 566 jam
2760 489 2912 545 ante

701 592 931 670 ffiemt,
952 590 1017 653 id
1041 587 1213 672 quod
1240 588 1336 651 ita
1357 588 1551 651 suerit
1582 586 1775 651 modo
1798 586 2225 650 declaratum:
2262 586 2425 650 Quae
2447 585 2595 668 jure
2624 585 2911 647 humano

700 693 963 771 habent,
997 713 1263 776 quaeque
1293 691 1418 754 nisi
1447 691 1733 754 humano
1756 691 1903 775 jure
1927 688 2149 753 haberi
2179 710 2312 752 non
2343 695 2616 773 possunt
2639 716 2656 767 3
2689 696 2911 752 tamen

702 818 741 860 a
776 798 1017 865 Coesare
1045 796 1172 874 illa,
1208 794 1726 885 Principibusque
1773 816 1908 857 non
1937 792 2197 857 habere.
2292 791 2518 858 Quid?
2610 793 2719 856 An
2770 791 2910 855 haec

701 899 899 963 etiam
935 901 1236 962 Coesarem
1265 899 1652 985 reliquosque
1673 898 1873 980 Reqes
1901 897 2070 968 nihil
2099 897 2380 960 attinent
2405 895 2432 959 ’Β

789 1005 890 1067 De
944 1003 1268 1074 Censuris,
1363 1002 1452 1080 Si,
1508 1001 1726 1064 debito
1777 1001 1942 1080 aeriS,
1991 1002 2141 1083 (quo
2183 1000 2325 1089 quis
2356 998 2910 1063 excommunicato

702 1114 962 1171 tenetur
1009 1128 1087 1170 ex
1131 1113 1321 1190 paeto
1372 1106 1513 1185 suo)
1570 1105 1769 1176 etiam
1817 1105 1952 1175 lata
2002 1104 2327 1169 sententia
2374 1102 2731 1166 debitorem
2775 1123 2909 1166 non

704 1209 859 1273 solvi
891 1217 1179 1276 constet:
1229 1208 1615 1272 obedientiae
1644 1215 1863 1270 autem
1899 1215 1963 1270 et
1995 1207 2144 1270 fidei
2180 1205 2397 1270 debito
2434 1207 2583 1288 (quo
2626 1226 2703 1269 ex
2746 1226 2905 1289 prae·

704 1321 888 1403 cepto
919 1313 1042 1382 Dei
1075 1312 1379 1394 tenetur,)
1416 1312 1575 1381 solvi
1608 1311 1960 1394 quemlibet
2000 1331 2205 1394 posse,
2248 1331 2330 1373 ne
2373 1310 2659 1392 Principi
2687 1317 2905 1373 tenea-

702 1424 846 1480 tur:
894 1417 948 1479 si
1000 1416 1321 1486 Censuras
1366 1416 1534 1499 ipsas
1587 1416 1667 1478 ad
1714 1416 1962 1500 peccati
2021 1413 2428 1490 medicinam,
2491 1421 2557 1475 et
2632 1412 2904 1476 salutem

703 1521 933 1583 animae
982 1542 1020 1583 a
1067 1520 1329 1590 Christo
1368 1519 1720 1597 institutaS,
1762 1518 1854 1581 ibi
1884 1517 1984 1581 vel
2028 1518 2307 1588 maxime
2341 1517 2443 1582 vel
2491 1516 2698 1579 solum
2728 1516 2908 1579 adhi-

702 1623 873 1702 bere,
916 1645 1056 1693 mos
1101 1623 1240 1707 jam
1285 1623 1397 1692 diu
1424 1623 1569 1700 fuit,
1602 1622 1716 1685 ubi
1767 1621 1846 1684 de
1892 1621 2128 1692 finibus
2171 1619 2495 1703 regundis,
2528 1620 2627 1683 vel
2657 1619 2736 1682 de
2759 1621 2905 1704 jure

704 1728 916 1810 aliquo
963 1726 1302 1809 temporali
1354 1727 1607 1808 agitur,
1655 1725 1974 1814 Denique,
2025 1726 2079 1788 si
2132 1725 2445 1813 Martyrii
2479 1745 2714 1786 nomen
2758 1745 2903 1806 pro-

702 1831 921 1893 fanare
964 1828 1081 1908 faS,
1115 1836 1179 1892 et
1211 1829 1320 1911 qui
1365 1828 1746 1916 proditionis
1790 1829 2051 1892 nomine
2099 1827 2389 1906 infameS,
2455 1826 2688 1910 quique
2741 1828 2905 1911 juri-

702 1933 842 1996 dice
872 1933 1162 2002 damnati
1203 1939 1377 2008 sunt,
1410 1952 1798 2010 consecrare,
1833 1938 2025 2019 atque
2065 1933 2178 2009 ita,
2227 1931 2469 1997 scelera
2495 1931 2565 1993 in
2596 1931 2906 1994 sacrificia

701 2035 1320 2107 transubstantiare:
1369 2034 1711 2118 Numquid
1760 2033 1885 2097 hoe
1929 2035 2093 2117 Regi
2136 2041 2360 2098 nostro
2394 2036 2735 2122 peculiare,
2767 2057 2903 2098 non
2954 2120 2960 2127 ἡ

701 2159 849 2206 cum
879 2138 1138 2230 reliquis
1166 2137 1439 2224 Reqibus
1469 2158 1782 2209 commune
1812 2144 1908 2201 est
1935 2137 1961 2203 ’.Ρ

789 2239 965 2307 Quid
1011 2261 1153 2323 quae
1198 2240 1565 2323 nuperrime
1598 2240 1737 2324 jam
1767 2239 2097 2319 habemuS,
2141 2261 2409 2330 quaeque
2450 2240 2659 2304 adhuc
2692 2241 2904 2304 calent

699 2365 739 2407 a
783 2344 1143 2423 Cardinale,
1175 2365 1261 2407 an
1299 2364 1419 2407 nec
1458 2344 1571 2406 illa
1613 2344 1684 2406 in
1731 2364 2042 2412 commune
2072 2352 2364 2428 spectant
2395 2343 2476 2406 ad
2507 2345 2808 2408 Caesarem
2838 2352 2906 2409 et

697 2447 899 2530 Reyes
929 2469 1135 2511 omnes
1160 2449 1192 2513 ‚2

786 2556 846 2616 1.
899 2554 1213 2622 Christum
1259 2552 1581 2629 hominem,
1635 2553 1703 2615 in
1752 2553 1961 2631 terris,
1995 2558 2264 2634 tempore
2305 2551 2713 2615 mortalitatis
2754 2572 2901 2629 suae,

697 2656 987 2719 habuisse
1016 2661 1393 2738 potestatem
1437 2656 1503 2717 in
1546 2656 1964 2737 Imperatores
2000 2656 2414 2736 temporalem,
2464 2661 2529 2718 et
2566 2653 2645 2716 de
2694 2674 2903 2717 eorum

698 2761 934 2844 Reqnis
1010 2760 1333 2841 disponere
1405 2760 1707 2842 potuisse.
1813 2758 2029 2840 (Quod
2091 2758 2420 2848 probatur,
2473 2779 2596 2839 per
2641 2758 2895 2838 porcos)

698 2863 983 2945 Eamque
1003 2869 1379 2946 potestatem
1407 2863 1540 2925 sine
1571 2862 1755 2925 dubio
1785 2863 2082 2945 Pontifici
2113 2862 2480 2925 concessisse
2499 2862 2535 2924 ².

785 2968 848 3029 2.
894 2966 1227 3033 Liberasse
1272 2966 1608 3055 Apostolos
1650 2986 1794 3028 suos
1834 2966 2149 3028 Christum
2197 2965 2276 3027 ab
2325 2967 2490 3027 omni
2527 2965 2903 3046 subjectione

700 3069 1068 3150 Principum
1098 3075 1498 3146 terrenorum,
1531 3089 1750 3159 eosque
1765 3069 2055 3149 proinde,
2078 3067 2265 3149 sacto
2297 3075 2557 3147 tantum,
2604 3090 2726 3132 non
2748 3069 2903 3150 jure

701 3171 1102 3251 Principibus
1130 3171 1434 3252 subjectos
1449 3170 1657 3251 fuisse
1678 3181 1729 3233 ¹¹.

786 3275 849 3336 3.
896 3271 1188 3353 Defuisse
1237 3275 1558 3363 Apostolis
1608 3275 1827 3363 Reqes,
1882 3295 2033 3361 quos
2091 3275 2477 3356 deponerent,
2522 3296 2642 3338 non
2695 3282 2900 3338 autem

701 3377 1043 3458 deponendi
1058 3382 1433 3458 potestatem
1452 3386 1498 3440 ¹.

787 3483 850 3542 4.
898 3480 1187 3543 Potuisse
1237 3481 1570 3569 Apostolos
1630 3501 1670 3547 a
1729 3480 2102 3562 subjectione
2153 3482 2519 3562 Principum
2564 3480 2906 3561 infidelium

688 3585 986 3667 populum
1016 3584 1438 3646 Christianum
1468 3584 1754 3661 eximere,
1779 3586 1835 3646 si
1867 3584 1940 3647 id
1964 3568 2118 3647 utile
2141 3586 2537 3663 censuissent,
2559 3586 2720 3647 eisve
2742 3586 2907 3649 vires

699 3711 821 3752 non
852 3686 1185 3769 defitissent
1206 3700 1252 3753 Υ.

787 3797 849 3855 5.
896 3793 1201 3874 Populum
1240 3793 1682 3870 Christianum,
1715 3792 1782 3854 in
1817 3793 2096 3879 periculo
2127 3792 2482 3862 amittenda>
2506 3791 2687 3872 fidei,
2720 3813 2904 3855 esecu-

698 3903 829 3960 tere
847 3898 1128 3979 potuisse
1141 3898 1368 3978 juyum
1399 3896 1766 3976 Principum
1797 3895 2138 3975 infidelium
2160 3909 2202 3958 ⁸.

785 4004 846 4063 6.
900 4002 1220 4065 Tolerasse
1267 4006 1396 4064 tum
1438 4000 1877 4070 Persecutores
1923 4021 2085 4078 suos,
2131 4022 2255 4063 non
2280 4006 2547 4090 propter
2591 4001 2903 4064 conscien-

698 4104 871 4182 tiam,
903 4104 1018 4166 sed
1030 4110 1296 4185 propter
1340 4101 1641 4184 defectum
1669 4104 1918 4182 virium,
1953 4104 2119 4185 quod
2151 4126 2271 4173 non
2302 4104 2617 4183 haberent,
2665 4106 2770 4193 qui
2800 4125 2902 4166 eos

697 4229 946 4271 armare
963 4214 1197 4289 posset,
1230 4208 1329 4270 vel
1355 4212 1631 4270 armatos
1660 4206 1918 4272 educere
1940 4218 1983 4273 Ε.

761 4337 778 4366 ²
803 4334 1748 4400 [Bell.deExeus.Barclaii‚cap.xxiv.
1901 4343 1924 4365 ¹
1961 4335 2122 4399 [Ibid.
2168 4338 2260 4388 eol.
2295 4340 2405 4388 859.
2433 4336 2503 4398 0..
2538 4342 2592 4387 et
2634 4353 2739 4402 cap.
2781 4352 2899 4389 xxv.

695 4400 806 4462 Op,
832 4405 954 4449 tom.
978 4402 1063 4449 vii.
1086 4401 1180 4451 coI.
1207 4403 1316 4449 944.
1344 4400 1400 4450 Β.
1425 4415 1544 4463 seq„
1568 4405 1621 4449 et
1643 4415 1749 4463 cap.
1838 4401 1929 4450 eol.
1955 4404 2065 4450 949.
2092 4400 2172 4465 Β.]

692 4466 852 4512 xxvii.
877 4465 968 4514 col.
993 4466 1102 4515 955.
1124 4465 1215 4528 A.]
1903 4474 1924 4505 5
1987 4465 2114 4515 Ibid.
2140 4481 2245 4530 cap.
2271 4468 2377 4517 xxi.
2401 4469 2494 4518 eol.
2520 4470 2628 4517 933.
2655 4468 2716 4515 A.

760 4536 782 4558 ¹·
818 4529 971 4592 [Ibid.
995 4545 1098 4590 cap.
1118 4531 1191 4578 iii.
1217 4530 1309 4579 col.
1337 4532 1445 4581 854.
1473 4530 1511 4580 C
1532 4569 1545 4591 ,
1570 4536 1622 4581 et>
1644 4546 1748 4594 cap.
1857 4548 1861 4553 ·
1905 4538 1926 4561 ²
1993 4531 2123 4581 Ibid.
2147 4548 2251 4597 cap.
2277 4533 2382 4587 xxi.
2407 4533 2498 4582 col.
2520 4535 2627 4582 937.
2655 4531 2713 4580 D.

693 4608 847 4642 xxxv,
874 4593 965 4642 eol.
984 4596 1095 4644 977.
1123 4594 1206 4656 0.]
1905 4604 1925 4626 ¹¹
1962 4596 2113 4661 [lbid.
2133 4613 2237 4661 cap.
2264 4599 2348 4648 vii.
2372 4598 2464 4648 col.
2490 4600 2598 4649 875.
2625 4596 2714 4659 D.]
