3165 4959
924 353 1288 404 Aromouu
1334 357 1696 406 naseonsm.
2330 345 2409 407 31

276 508 343 572 3.
393 508 641 573 Credat
685 517 753 573 et
796 510 937 574 hoc.
1028 510 1238 575 Alteri
1276 512 1473 576 etiam
1518 512 1631 591 ibi,
1673 519 2014 595 postquam
2063 515 2425 577 attaediatus

200 613 424 675 eaeisset
473 634 515 674 a
568 614 841 693 vesperis
877 613 1332 676 deambulatum
1375 616 1443 676 in
1477 616 1784 695 Capitale,
1815 614 2164 697 imaginem
2197 618 2422 680 Cruci-

200 714 304 777 fixi
342 716 416 778 in
468 716 717 798 pariete
767 716 1216 799 circumegisse
1258 738 1346 795 se,
1381 725 1448 781 et
1498 718 1855 801 posteriora
1902 740 2019 783 sua
2069 720 2281 784 subito
2324 720 2418 784 illi

198 817 572 894 obvertisse,
604 820 786 899 quasi
816 818 1120 882 auerteret
1146 840 1214 882 se
1244 822 1524 883 totaliter
1553 821 1632 883 ab
1661 818 1790 883 eod.

278 925 344 984 4.
395 920 639 984 Credat
671 946 686 984 ε
748 921 962 984 Alteri
1009 921 1265 986 cuidam
1314 920 1594 1003 Bafones
1640 944 1867 1004 mayna
1906 925 2087 1004 copia
2126 926 2417 1003 asseclas,

203 1024 401 1103 (nunc
445 1029 784 1105 reptantes,
831 1044 1005 1088 nunc
1042 1026 1379 1108 salientes,)
1417 1027 1848 1088 commensales
1896 1046 1972 1088 ac
2018 1028 2306 1090 convivas
2351 1029 2418 1089 in

198 1149 429 1206 mensa,
476 1130 823 1191 contorales
865 1130 934 1191 in
978 1131 1132 1192 lecto
1171 1129 1369 1193 fuisse
1395 1150 1519 1210 per
1546 1150 1810 1192 mensem
1843 1131 2168 1212 intem-um,
2201 1131 2311 1213 qui
2351 1138 2417 1194 et

198 1231 261 1292 in
291 1231 533 1293 discum
562 1232 697 1312 eius
736 1231 1087 1314 (Monacho
1118 1231 1291 1295 enim
1320 1232 1493 1309 huic,
1512 1234 1744 1312 patina
1775 1232 1984 1295 discus
2011 1234 2129 1315 est)
2158 1235 2415 1313 prosili-

198 1340 356 1411 rent,
388 1355 515 1398 nec
542 1334 769 1397 laesum
798 1341 1022 1399 tamen
1051 1334 1130 1399 ab
1162 1336 1253 1398 eis
1282 1341 1423 1399 toto
1457 1337 1580 1399 hoc
1614 1343 1906 1418 tempore
1918 1346 1960 1400 θ.

285 1439 345 1498 5.
395 1436 637 1500 Credat
666 1435 944 1518 denique
974 1444 1040 1500 et
1068 1437 1229 1500 hoc:
1282 1437 1607 1515 Hostiam,
1635 1458 1830 1519 quam
1854 1437 2221 1500 Monachus
2253 1439 2418 1502 alter

197 1549 379 1623 peste
410 1548 762 1624 correptus,
794 1548 863 1605 et
901 1541 1093 1604 morti
1125 1543 1262 1626 jam
1303 1540 1652 1624 proximuS,
1686 1547 2010 1623 sumptam
2047 1541 2421 1623 aliquandiu

199 1651 345 1726 post
373 1646 645 1708 retinere
673 1666 796 1707 non
812 1651 1047 1726 posset,
1078 1646 1192 1708 sed
1229 1646 1460 1707 vomitu
1498 1644 1832 1725 rejecisset,
1865 1665 2002 1707 cum
2030 1647 2193 1707 omni
2223 1646 2417 1725 ejecta

196 1749 593 1811 inmunditia
637 1751 959 1812 collectam
998 1748 1216 1826 fuisse,
1247 1748 1319 1810 in
1354 1768 1555 1831 eaque
1597 1747 1847 1809 biduum
1878 1754 2071 1810 totum
2101 1749 2413 1832 jacuisse:

197 1853 409 1917 triduo
440 1859 645 1916 autem
662 1860 813 1934 post
841 1859 1268 1935 eapurqatam,
1299 1854 1637 1934 repositam
1666 1853 1733 1914 in
1763 1853 1893 1914 loco
1923 1873 2144 1915 sacro:
2192 1874 2415 1935 eoque,

198 1956 418 2020 nescio
465 1964 623 2039 quot
669 1957 749 2019 de
796 1957 959 2020 coelo
1016 1958 1289 2020 Sanctos
1336 1963 1526 2019 nocte
1579 1954 1877 2018 Hostiam
1925 1955 2102 2020 illam
2150 1957 2417 2039 rejecta-

197 2081 392 2123 neam
414 2067 795 2123 veneratum
818 2059 1064 2123 venisse
1076 2058 1111 2123 ¹.
1213 2059 1362 2124 Quo
1390 2058 1631 2137 audit0‚
1658 2066 1906 2123 motum
1946 2060 2418 2143 Houghtonum

205 2165 310 2245 (de
357 2163 572 2228 tribus
623 2164 769 2241 illis,
825 2185 984 2246 quos
1031 2164 1125 2227 ita
1176 2163 1478 2242 celebrat,
1534 2164 1762 2245 unum)
1804 2167 2154 2245 postposito
2203 2167 2422 2230 timore

198 2288 469 2345 nmaseae,
498 2288 644 2330 mox·
671 2288 760 2344 se,
793 2288 930 2331 cum
973 2269 1139 2331 omni
1180 2268 1531 2344 alam-itate,
1564 2268 1654 2329 ad
1694 2268 2122 2330 celebrandam
2151 2270 2423 2332 Missam

188 2389 609 2451 praeparasse,
639 2370 751 2432 sub
799 2391 921 2451 qua
966 2377 1026 2432 et
1055 2371 1349 2434 Hostiam
1393 2370 1567 2432 illam
1607 2377 1957 2433 reverenter
1992 2379 2052 2435 et
2093 2373 2423 2455 affectuose

200 2475 537 2537 hausisset.
618 2472 855 2539 Subdit
897 2482 1134 2551 autem,
1169 2474 1300 2538 Sed
1336 2494 1519 2556 quam
1551 2476 1903 2554 praeclarus
1932 2476 2050 2539 iste
2088 2476 2208 2539 sibi
2253 2478 2423 2541 calix·

197 2583 380 2653 esset,
413 2597 587 2639 nerno
615 2578 736 2640 scit
762 2578 888 2639 nisi
918 2578 1023 2659 qui
1053 2573 1347 2657 accepith.
1440 2577 1633 2640 Certe
1679 2577 1732 2638 si
1773 2578 1993 2641 credat
2028 2578 2168 2642 haec
2200 2579 2422 2643 Cardi-

199 2680 387 2757 nalis,
426 2679 672 2764 jubebo
719 2679 1002 2744 medicos
1050 2701 1354 2762 quaerere,
1398 2701 1615 2742 annon
1662 2679 1757 2741 illi
1792 2682 2065 2761 polypus
2115 2683 2186 2744 in
2225 2704 2418 2745 naso:

198 2783 363 2847 adeo
412 2804 674 2846 necesse
726 2790 847 2862 est,
893 2805 1152 2847 omnem
1202 2782 1515 2847 odorandi
1568 2803 1827 2845 sensum
1874 2784 2140 2865 periisse
2188 2785 2266 2863 ei,
2315 2787 2418 2849 cui

197 2887 539 2951 mendacia
564 2887 704 2951 haec
733 2895 869 2951 tam
899 2887 1258 2970 pisculenta
1286 2908 1420 2950 non
1450 2884 1809 2949 suboleant.

266 3021 534 3080 Quomodo
570 3027 741 3073 autem
775 3022 1036 3072 Catholica
1067 3026 1159 3081 est,
1213 3021 1268 3072 id
1313 3025 1406 3083 est,
1451 3034 1650 3082 semper
1702 3018 1908 3080 credita,
1963 3021 2007 3070 si
2058 3027 2176 3072 ante
2225 3038 2416 3073 annum

335 3104 480 3154 1535.
519 3104 696 3155 audita
728 3119 833 3154 nou
856 3104 1178 3169 cett—[Bell.
1207 3104 1356 3168 Apol.
1383 3119 1476 3168 pro
1505 3105 1679 3169 neap]
1719 3116 1766 3165 p.
1795 3105 1838 3154 8.
1881 3104 2016 3169 [Op.,
2050 3110 2173 3156 tom.
2200 3107 2287 3156 vii.
2321 3107 2414 3157 col.

330 3189 445 3240 ⁷09.
473 3187 565 3250 A.]

287 3303 447 3366 Post
477 3323 647 3378 vero,
680 3302 1033 3385 quaestione
1062 3324 1180 3366 nos
1211 3303 1535 3386 opprimit.
1619 3306 1928 3378 Quomodo
1959 3312 2163 3370 autem
2193 3307 2416 3369 Catho-

200 3407 325 3468 lica
354 3412 469 3483 est,
502 3406 575 3467 id
599 3412 710 3481 est,
743 3425 981 3486 semper
1009 3406 1270 3482 credita,
1294 3408 1352 3468 si
1381 3413 1524 3470 ante
1554 3428 1782 3472 annum
1814 3411 2202 3473 millesimum
2239 3411 2416 3491 qnin-

192 3512 602 3592 qentesimam
636 3512 1020 3592 tricesimum
1060 3512 1339 3592 quintam
1380 3512 1600 3575 audita
1639 3535 1760 3576 non
1799 3515 1943 3576 est?
2032 3516 2172 3578 Nos
2211 3514 2415 3576 vicem

198 3613 292 3677 illi
332 3613 695 3677 referimus.
790 3613 1131 3678 Quomodo
1176 3621 1393 3676 autem
1441 3615 2045 3678 Ransubstantiatio
2097 3615 2417 3676 Catholica

198 3723 317 3795 est,
350 3716 426 3778 id
449 3722 563 3790 est,
587 3736 827 3797 semper
855 3716 1094 3778 credita
1114 3716 1147 3777 .?
1177 3716 1495 3798 quomodo
1521 3718 2012 3781 concomitantia
2033 3718 2065 3778 ‚9
2097 3716 2416 3798 quomodo

197 3822 435 3902 species
462 3821 649 3882 unica
670 3821 703 3884 ‚2
790 3820 880 3883 Et
907 3819 1012 3884 vix
1041 3826 1330 3902 tempero
1360 3841 1484 3897 me,
1512 3821 1670 3903 quin
1700 3820 2073 3883 admoveam
2105 3820 2413 3892 Quomodo

198 3926 331 4003 hoc,
375 3924 670 4007 pluribus
713 3922 939 3986 vestris
975 3922 1389 3987 novitatibus
1484 3923 1614 3986 Sed
1655 3922 2045 4006 respondem
2100 3923 2414 3986 Creditum

197 4048 333 4091 eam
379 4048 638 4108 semper,
668 4026 772 4091 vel
812 4033 955 4089 ante
1001 4047 1227 4089 annam
1275 4033 1371 4090 ter
1420 4028 1827 4091 millesimum.
1919 4027 2176 4090 Testem
2219 4027 2347 4090 cito
2378 4048 2413 4090 e

203 4131 442 4196 Schola
468 4137 685 4195 vestra
716 4130 758 4192 J
762 4151 905 4193 oau.
941 4130 1388 4208 Parisiensem,
1423 4130 1553 4213 qui,
1587 4139 1739 4194 ante
1768 4151 1973 4194 annos
1995 4131 2131 4214 jam
2162 4136 2415 4192 trecen-

200 4247 318 4315 tos,
342 4235 571 4314 fasma,
595 4235 678 4297 In
698 4236 892 4298 veteri
922 4236 1052 4317 leye
1071 4235 1502 4298 Sacerdotium
1518 4236 1825 4316 potestati
1843 4234 2052 4316 Reyioe
2079 4233 2414 4316 subjectum

264 4419 285 4452 θ
325 4421 617 4485 Gregorius,
638 4435 750 4485 cap.
774 4421 820 4470 8.
849 4419 960 4484 [sol.
976 4420 1155 4469 xxxix.
1180 4434 1224 4469 a.
1418 4418 1433 4451 ¹
1474 4418 1596 4483 Cap.
1623 4422 1667 4468 2.
1704 4418 1808 4484 [rol.
1834 4419 1935 4468 xvi.
1960 4419 2026 4483 a.]

262 4494 284 4517 ³
308 4486 434 4564 :Ioh-
505 4486 691 4548 Dailei,
745 4499 854 4549 cop.
910 4484 1102 4535 eodem.
1160 4485 1228 4549 [fo
1252 4521 1264 4534 .
1418 4493 1441 4525 1
1472 4484 1504 4532 J
1509 4484 1590 4561 ⁰¹²:
1617 4484 1914 4562 Houghton,
1949 4484 2052 4612 Εἰσὶ.
2077 4485 2180 4534 xvi.
2199 4484 2267 4546 a}

201 4565 378 4602 xmx.
403 4549 480 4614 b.]
1419 4547 1442 4580 ¹¹
1475 4549 1631 4615 [bed.
1654 4549 1739 4600 fol.
1764 4564 1888 4599 xvu.
1912 4549 1958 4599 b.

2553 1962 2635 2029 25

2444 3323 2722 3438 {Qum

2501 3404 2631 3466 ‘gius

2443 3467 2657 3501 mimme

2443 3516 2642 3578 novus,]
