3165 4959
650 313 759 378 xiv
1431 329 1771 377 ELENchs
1816 328 2117 376 cstmm.

1542 551 1774 601 CAPUT
1809 550 1960 602 vin.

649 681 769 733 Non
785 695 890 732 esso
907 681 1147 744 dogmata
1159 681 1528 745 antiquissima,
1545 680 1958 731 lutet-cessionem
1973 680 2286 743 Sanctorum,
2303 681 2512 732 Missam
2531 683 2689 745 priva-
2743 628 2848 656 no·

713 767 836 823 tam,
852 762 1475 823 Tmnsubstantintionem,
1492 766 1545 811 et
1565 762 1681 822 alia,
1704 777 1818 826 quae
1835 761 1944 812 Rex
1967 763 2162 812 novitia
2182 768 2236 813 et.
2251 776 2442 827 nupera
2464 768 2609 814 vocat
2677 800 2687 811 .
2757 765 2850 811 234

1573 944 1802 995 CAPUT
1838 944 1931 995 IX.

644 1076 723 1126 Ex
745 1076 961 1127 necundo
984 1076 1161 1140 Capite
1193 1076 1425 1127 secundm
1458 1076 1523 1126 nd
1557 1076 1775 1127 Thessal.
1800 1076 2130 1140 probabiliter
2162 1076 2352 1139 colligi,
2389 1076 2674 1126 Romanum

717 1158 1014 1210 Pontificem
1038 1173 1144 1209 esse
1166 1157 1545 1208 Antichristum
1611 1196 1623 1206 .
1801 1167 1833 1207 ’.
2032 1195 2044 1207 .
2245 1194 2258 1207 .
2455 1194 2468 1206 .
2669 1194 2679 1204 .
2750 1158 2846 1206 304

1599 1343 1828 1394 CAPUT
1864 1343 1928 1394 X.

649 1478 726 1529 Do
749 1477 891 1540 Sede,
914 1483 967 1530 et
991 1478 1269 1529 Durationo
1294 1477 1602 1529 Antichristi
1827 1514 1839 1525 .
2039 1513 2051 1523 .
2250 1511 2263 1523 .
2463 1512 2475 1522 .
2675 1510 2685 1520 .
2754 1474 2844 1522 321

1562 1658 1792 1708 CAPUT
1828 1656 1921 1706 XI.

648 1795 724 1845 De
742 1792 917 1844 Enoch
939 1798 991 1844 et
1012 1793 1128 1843 mia
1192 1831 1204 1843 .
1403 1828 1413 1842 .
1615 1828 1628 1840 .
1823 1827 1835 1840 .
2034 1826 2046 1839 .
2246 1826 2259 1839 .
2458 1827 2469 1837 .
2671 1825 2684 1838 .
2753 1792 2850 1839 329

1532 1972 1761 2023 CAPUT
1794 1972 1915 2024 XII.

647 2116 726 2164 De
749 2118 962 2177 quatuor
981 2114 1261 2164 visionibus
1284 2114 1333 2164 S.
1349 2113 1383 2163 J
1385 2114 1651 2167 maisin
1682 2113 2008 2177 Apocalypsi,
2041 2114 2099 2163 in
2131 2112 2316 2176 quibu·
2336 2111 2687 2162 Antichristus

709 2195 1004 2258 designatur
1187 2231 1200 2243 .
1397 2232 1409 2244 .
1611 2231 1623 2243 .
1827 2232 1837 2243 .
2035 2230 2047 2243 .
2246 2229 2257 2242 .
2459 2231 2470 2241 .
2668 2231 2681 2243 .
2750 2195 2849 2247 379

1513 2377 1741 2428 CAPUT
1778 2377 1926 2427 XIII.

641 2509 675 2559 J
677 2525 765 2561 ure
785 2512 968 2561 merito
990 2510 1185 2574 objecta
1204 2510 1355 2561 fuisse
1380 2510 1654 2570 Cardinali,
1679 2527 1792 2575 quae
1817 2511 1931 2576 Ipse
1955 2510 2245 2562 Calumnias
2258 2511 2400 2570 dicit,
2425 2527 2517 2563 nec
2538 2513 2602 2564 ab
2624 2529 2683 2563 eo

709 2592 839 2642 dilui
980 2628 993 2640 .
1192 2627 1206 2641 .
1403 2628 1417 2641 .
1615 2630 1626 2640 .
1824 2629 1836 2641 .
2035 2630 2047 2640 .
2246 2630 2257 2642 .
2455 2629 2470 2643 .
2669 2634 2680 2644 .
2749 2599 2846 2646 412

1539 2789 1765 2840 CAPUT
1803 2789 1945 2839 x1v.

645 2923 953 2974 Defenditur
973 2922 1222 2986 peroratio
1246 2921 1398 2984 Regis
1612 2905 1635 2969 .’
1829 2958 1840 2970 .
2037 2958 2049 2971 .
2247 2960 2260 2972 .
2461 2960 2473 2973 .
2668 2962 2679 2973 .
2749 2927 2845 2975 443

1551 3104 1780 3156 CAPUT
1815 3104 1931 3155 XV.

642 3240 763 3290 Non
800 3239 1113 3304 respondisse
1137 3238 1457 3289 Cardinalem
1482 3239 1547 3289 od
1584 3238 1725 3289 Torti
1764 3237 2049 3301 Mendacia,
2085 3239 2371 3290 Ementitau
2408 3239 2679 3302 Historias,

706 3320 854 3371 Non
873 3320 1143 3383 dogmata:
1176 3336 1234 3370 ac
1256 3335 1320 3371 no
1344 3335 1487 3385 posse
1509 3320 1716 3384 quidem
1819 3357 1830 3369 .
2028 3357 2040 3368 .
2237 3358 2249 3371 .
2450 3361 2461 3371 .
2661 3360 2675 3374 .
2743 3325 2840 3375 464

1543 3511 1771 3562 CAPUT
1806 3512 1950 3563 XVI.

643 3642 887 3695 Historiae
912 3642 1184 3694 Ementitae
1395 3679 1407 3692 .
1606 3680 1617 3692 .
1816 3682 1827 3693 .
2029 3683 2040 3694 .
2240 3683 2251 3695 .
2451 3683 2464 3696 .
2663 3684 2676 3697 .
2743 3651 2840 3700 487

1518 3828 1748 3878 CAPUT
1784 3828 1957 3878 XVII.

642 3961 788 4010 Nova
809 3960 1049 4023 dogmata
1175 3995 1190 4009 .
1389 3996 1401 4008 .
1601 3994 1614 4009 .
1814 3997 1825 4008 .
2022 3996 2035 4009 .
2235 3998 2245 4009 .
2446 3999 2457 4010 .
2658 3997 2674 4013 .
2741 3964 2839 4013 493
