<?xml version="1.0" encoding="UTF-8"?>
<!DOCTYPE html PUBLIC "-//W3C//DTD XHTML 1.0 Transitional//EN"
    "http://www.w3.org/TR/xhtml1/DTD/xhtml1-transitional.dtd">
<html xmlns="http://www.w3.org/1999/xhtml" xml:lang="en" lang="en">
 <head>
  <title>
</title>
<meta http-equiv="Content-Type" content="text/html;charset=utf-8" />
  <meta name='ocr-system' content='tesseract 3.04.00' />
  <meta name='ocr-capabilities' content='ocr_page ocr_carea ocr_par ocr_line ocrx_word'/>
</head>
<body>
  <div class='ocr_page' id='page_1' title='image "./responsioadapol01andrgoog_0169.png"; bbox 0 0 3165 4959; ppageno 0'>
   <div class='ocr_carea' id='block_1_1' title="bbox 1028 339 2516 406">
    <p class='ocr_par' dir='ltr' id='par_1_1' title="bbox 1028 339 2516 406">
     <span class='ocr_line' id='line_1_1' title="bbox 1028 339 2516 406; baseline -0.003 -1"><span class='ocrx_word' id='word_1_1' title='bbox 1028 357 1395 406; x_wconf 70' lang='lat' dir='ltr'><strong>AroLoomM</strong></span> <span class='ocrx_word' id='word_1_2' title='bbox 1438 355 1802 404; x_wconf 74' lang='lat' dir='ltr'><strong>RasmNsm.</strong></span> <span class='ocrx_word' id='word_1_3' title='bbox 2393 339 2516 400; x_wconf 83' lang='lat'><strong>133</strong></span> 
     </span>
    </p>
   </div>
   <div class='ocr_carea' id='block_1_2' title="bbox 303 510 2523 1633">
    <p class='ocr_par' dir='ltr' id='par_1_2' title="bbox 303 510 2523 1633">
     <span class='ocr_line' id='line_1_2' title="bbox 308 510 2510 597; baseline -0.001 -23"><span class='ocrx_word' id='word_1_4' title='bbox 308 512 546 575; x_wconf 85' lang='lat' dir='ltr'><strong>scribat</strong></span> <span class='ocrx_word' id='word_1_5' title='bbox 598 519 664 575; x_wconf 90' lang='lat' dir='ltr'><strong>et</strong></span> <span class='ocrx_word' id='word_1_6' title='bbox 725 512 1005 592; x_wconf 88' lang='lat' dir='ltr'><strong>doctum,</strong></span> <span class='ocrx_word' id='word_1_7' title='bbox 1052 514 1304 577; x_wconf 87' lang='lat' dir='ltr'><strong>hostem</strong></span> <span class='ocrx_word' id='word_1_8' title='bbox 1357 514 1732 597; x_wconf 86' lang='lat' dir='ltr'><strong>profiteatur</strong></span> <span class='ocrx_word' id='word_1_9' title='bbox 1748 513 1803 594; x_wconf 86' lang='lat'><strong>?)</strong></span> <span class='ocrx_word' id='word_1_10' title='bbox 1873 511 2141 575; x_wconf 89' lang='lat' dir='ltr'><strong>Utinam</strong></span> <span class='ocrx_word' id='word_1_11' title='bbox 2201 510 2510 593; x_wconf 83' lang='lat' dir='ltr'><strong>(inquam)</strong></span> 
     </span>
     <span class='ocr_line' id='line_1_3' title="bbox 306 615 2516 682; baseline -0.001 -3"><span class='ocrx_word' id='word_1_12' title='bbox 306 617 621 681; x_wconf 82' lang='lat' dir='ltr'><strong>imitetur.</strong></span> <span class='ocrx_word' id='word_1_13' title='bbox 715 619 960 682; x_wconf 86' lang='lat' dir='ltr'><strong>Ferunt</strong></span> <span class='ocrx_word' id='word_1_14' title='bbox 997 619 1169 682; x_wconf 89' lang='lat' dir='ltr'><strong>enim</strong></span> <span class='ocrx_word' id='word_1_15' title='bbox 1206 619 1473 682; x_wconf 89' lang='lat' dir='ltr'><strong>minime</strong></span> <span class='ocrx_word' id='word_1_16' title='bbox 1511 618 1755 681; x_wconf 89' lang='lat' dir='ltr'><strong>malum</strong></span> <span class='ocrx_word' id='word_1_17' title='bbox 1785 618 1998 680; x_wconf 89' lang='lat' dir='ltr'><strong>fuisse.</strong></span> <span class='ocrx_word' id='word_1_18' title='bbox 2092 618 2265 680; x_wconf 88' lang='lat' dir='ltr'><strong>Nam</strong></span> <span class='ocrx_word' id='word_1_19' title='bbox 2298 615 2516 678; x_wconf 89' lang='lat' dir='ltr'><strong>necin</strong></span> 
     </span>
     <span class='ocr_line' id='line_1_4' title="bbox 305 717 2516 802; baseline -0.001 -20"><span class='ocrx_word' id='word_1_20' title='bbox 305 720 697 783; x_wconf 86' lang='lat' dir='ltr'><strong>Pontificatu</strong></span> <span class='ocrx_word' id='word_1_21' title='bbox 739 728 875 784; x_wconf 90' lang='lat' dir='ltr'><strong>tam</strong></span> <span class='ocrx_word' id='word_1_22' title='bbox 920 721 1032 785; x_wconf 92' lang='lat' dir='ltr'><strong>diu</strong></span> <span class='ocrx_word' id='word_1_23' title='bbox 1070 722 1215 801; x_wconf 88' lang='lat' dir='ltr'><strong>fuit,</strong></span> <span class='ocrx_word' id='word_1_24' title='bbox 1248 728 1323 785; x_wconf 92' lang='lat' dir='ltr'><strong>ut</strong></span> <span class='ocrx_word' id='word_1_25' title='bbox 1363 720 1571 784; x_wconf 89' lang='lat' dir='ltr'><strong>malus</strong></span> <span class='ocrx_word' id='word_1_26' title='bbox 1615 720 1766 784; x_wconf 92' lang='lat' dir='ltr'><strong>inde</strong></span> <span class='ocrx_word' id='word_1_27' title='bbox 1801 721 2005 796; x_wconf 90' lang='lat' dir='ltr'><strong>fieret,</strong></span> <span class='ocrx_word' id='word_1_28' title='bbox 2044 718 2293 802; x_wconf 86' lang='lat' dir='ltr'><strong>(viginti</strong></span> <span class='ocrx_word' id='word_1_29' title='bbox 2323 717 2516 782; x_wconf 94' lang='lat' dir='ltr'><strong>modo</strong></span> 
     </span>
     <span class='ocr_line' id='line_1_5' title="bbox 305 821 2517 908; baseline -0.001 -22"><span class='ocrx_word' id='word_1_30' title='bbox 305 822 558 887; x_wconf 85' lang='lat' dir='ltr'><strong>dierum</strong></span> <span class='ocrx_word' id='word_1_31' title='bbox 614 825 956 908; x_wconf 82' lang='lat' dir='ltr'><strong>Pontifex.)</strong></span> <span class='ocrx_word' id='word_1_32' title='bbox 1047 825 1207 889; x_wconf 86' lang='lat' dir='ltr'><strong>Ideo</strong></span> <span class='ocrx_word' id='word_1_33' title='bbox 1260 831 1497 904; x_wconf 88' lang='lat' dir='ltr'><strong>autem,</strong></span> <span class='ocrx_word' id='word_1_34' title='bbox 1549 831 1627 887; x_wconf 93' lang='lat' dir='ltr'><strong>ut</strong></span> <span class='ocrx_word' id='word_1_35' title='bbox 1677 823 1916 902; x_wconf 88' lang='lat' dir='ltr'><strong>ferunt,</strong></span> <span class='ocrx_word' id='word_1_36' title='bbox 1962 845 2096 887; x_wconf 92' lang='lat' dir='ltr'><strong>non</strong></span> <span class='ocrx_word' id='word_1_37' title='bbox 2142 823 2285 901; x_wconf 89' lang='lat' dir='ltr'><strong>fuit,</strong></span> <span class='ocrx_word' id='word_1_38' title='bbox 2347 821 2517 906; x_wconf 89' lang='lat' dir='ltr'><strong>quod</strong></span> 
     </span>
     <span class='ocr_line' id='line_1_6' title="bbox 312 929 2517 1014; baseline -0.001 -23"><span class='ocrx_word' id='word_1_39' title='bbox 312 930 517 991; x_wconf 60' lang='lat' dir='ltr'><strong>Curia.»</strong></span> <span class='ocrx_word' id='word_1_40' title='bbox 545 936 771 992; x_wconf 82' lang='lat' dir='ltr'><strong>vestrae</strong></span> <span class='ocrx_word' id='word_1_41' title='bbox 802 930 1196 1014; x_wconf 82' lang='lat' dir='ltr'>corruptelas</span> <span class='ocrx_word' id='word_1_42' title='bbox 1227 929 1381 993; x_wconf 89' lang='lat' dir='ltr'><strong>satis</strong></span> <span class='ocrx_word' id='word_1_43' title='bbox 1415 936 1481 991; x_wconf 93' lang='lat' dir='ltr'><strong>et</strong></span> <span class='ocrx_word' id='word_1_44' title='bbox 1509 934 1745 1007; x_wconf 92' lang='lat' dir='ltr'><strong>nosset,</strong></span> <span class='ocrx_word' id='word_1_45' title='bbox 1781 935 1846 991; x_wconf 93' lang='lat' dir='ltr'><strong>et</strong></span> <span class='ocrx_word' id='word_1_46' title='bbox 1883 932 2204 1003; x_wconf 81' lang='lat' dir='ltr'><strong>notasset3</strong></span> <span class='ocrx_word' id='word_1_47' title='bbox 2251 932 2316 989; x_wconf 92' lang='lat' dir='ltr'><strong>et</strong></span> <span class='ocrx_word' id='word_1_48' title='bbox 2347 947 2517 998; x_wconf 80' lang='lat' dir='ltr'><strong>vem,</strong></span> 
     </span>
     <span class='ocr_line' id='line_1_7' title="bbox 306 1031 2520 1116; baseline -0.001 -21"><span class='ocrx_word' id='word_1_49' title='bbox 306 1032 631 1115; x_wconf 90' lang='lat' dir='ltr'><strong>quomodo</strong></span> <span class='ocrx_word' id='word_1_50' title='bbox 661 1034 826 1097; x_wconf 90' lang='lat' dir='ltr'><strong>serio</strong></span> <span class='ocrx_word' id='word_1_51' title='bbox 854 1033 1189 1098; x_wconf 89' lang='lat' dir='ltr'><strong>reformari</strong></span> <span class='ocrx_word' id='word_1_52' title='bbox 1219 1039 1503 1116; x_wconf 84' lang='lat' dir='ltr'>possent,</span> <span class='ocrx_word' id='word_1_53' title='bbox 1526 1037 1808 1096; x_wconf 85' lang='lat' dir='ltr'><strong>versaret</strong></span> <span class='ocrx_word' id='word_1_54' title='bbox 1838 1031 2073 1094; x_wconf 91' lang='lat' dir='ltr'><strong>animo.</strong></span> <span class='ocrx_word' id='word_1_55' title='bbox 2165 1031 2520 1114; x_wconf 85' lang='lat' dir='ltr'><strong>Agnovisse</strong></span> 
     </span>
     <span class='ocr_line' id='line_1_8' title="bbox 307 1134 2523 1200; baseline -0.001 -1"><span class='ocrx_word' id='word_1_56' title='bbox 307 1143 486 1199; x_wconf 89' lang='lat' dir='ltr'><strong>certe</strong></span> <span class='ocrx_word' id='word_1_57' title='bbox 546 1135 764 1199; x_wconf 90' lang='lat' dir='ltr'><strong>ferunt</strong></span> <span class='ocrx_word' id='word_1_58' title='bbox 824 1158 944 1200; x_wconf 89' lang='lat' dir='ltr'><strong>nec</strong></span> <span class='ocrx_word' id='word_1_59' title='bbox 1018 1136 1501 1200; x_wconf 83' lang='lat' dir='ltr'><strong>dissimulanter</strong></span> <span class='ocrx_word' id='word_1_60' title='bbox 1563 1156 1776 1199; x_wconf 86' lang='lat' dir='ltr'><strong>naevos</strong></span> <span class='ocrx_word' id='word_1_61' title='bbox 1834 1135 1904 1198; x_wconf 91' lang='lat' dir='ltr'><strong>in</strong></span> <span class='ocrx_word' id='word_1_62' title='bbox 1963 1134 2255 1198; x_wconf 83' lang='lat' dir='ltr'><strong>Ecclesia</strong></span> <span class='ocrx_word' id='word_1_63' title='bbox 2312 1143 2523 1198; x_wconf 83' lang='lat' dir='ltr'><strong>vestra</strong></span> 
     </span>
     <span class='ocr_line' id='line_1_9' title="bbox 303 1237 2519 1321; baseline -0 -20"><span class='ocrx_word' id='word_1_64' title='bbox 303 1238 591 1302; x_wconf 84' lang='lat' dir='ltr'><strong>multos:</strong></span> <span class='ocrx_word' id='word_1_65' title='bbox 653 1259 773 1301; x_wconf 92' lang='lat' dir='ltr'><strong>nec</strong></span> <span class='ocrx_word' id='word_1_66' title='bbox 819 1239 872 1301; x_wconf 90' lang='lat' dir='ltr'><strong>si</strong></span> <span class='ocrx_word' id='word_1_67' title='bbox 923 1240 1389 1302; x_wconf 67' lang='lat' dir='ltr'><strong>Controversia-⁹</strong></span> <span class='ocrx_word' id='word_1_68' title='bbox 1434 1238 1809 1321; x_wconf 84' lang='lat' dir='ltr'><strong>scripsisset,</strong></span> <span class='ocrx_word' id='word_1_69' title='bbox 1858 1237 1947 1300; x_wconf 91' lang='lat' dir='ltr'><strong>sic</strong></span> <span class='ocrx_word' id='word_1_70' title='bbox 2007 1238 2278 1320; x_wconf 84' lang='lat' dir='ltr'><strong>singula,</strong></span> <span class='ocrx_word' id='word_1_71' title='bbox 2326 1238 2519 1300; x_wconf 82' lang='lat' dir='ltr'><strong>etiam</strong></span> 
     </span>
     <span class='ocr_line' id='line_1_10' title="bbox 309 1340 2522 1427; baseline -0.002 -21"><span class='ocrx_word' id='word_1_72' title='bbox 309 1364 452 1425; x_wconf 85' lang='lat' dir='ltr'><strong>quae</strong></span> <span class='ocrx_word' id='word_1_73' title='bbox 491 1343 751 1407; x_wconf 86' lang='lat' dir='ltr'><strong>defendi</strong></span> <span class='ocrx_word' id='word_1_74' title='bbox 793 1365 927 1407; x_wconf 94' lang='lat' dir='ltr'><strong>non</strong></span> <span class='ocrx_word' id='word_1_75' title='bbox 971 1351 1259 1427; x_wconf 87' lang='lat' dir='ltr'><strong>possunt,</strong></span> <span class='ocrx_word' id='word_1_76' title='bbox 1302 1342 1498 1425; x_wconf 89' lang='lat' dir='ltr'><strong>(quod</strong></span> <span class='ocrx_word' id='word_1_77' title='bbox 1529 1342 1743 1422; x_wconf 77' lang='lat' dir='ltr'><strong>Nepos</strong></span> <span class='ocrx_word' id='word_1_78' title='bbox 1787 1341 1927 1424; x_wconf 89' lang='lat' dir='ltr'><strong>ejus</strong></span> <span class='ocrx_word' id='word_1_79' title='bbox 1961 1340 2164 1422; x_wconf 89' lang='lat' dir='ltr'><strong>facit,)</strong></span> <span class='ocrx_word' id='word_1_80' title='bbox 2200 1340 2522 1404; x_wconf 90' lang='lat' dir='ltr'><strong>mordicus</strong></span> 
     </span>
     <span class='ocr_line' id='line_1_11' title="bbox 304 1443 2523 1530; baseline -0.001 -21"><span class='ocrx_word' id='word_1_81' title='bbox 304 1467 422 1528; x_wconf 89' lang='lat' dir='ltr'><strong>per</strong></span> <span class='ocrx_word' id='word_1_82' title='bbox 464 1446 581 1523; x_wconf 87' lang='lat' dir='ltr'><strong>fas,</strong></span> <span class='ocrx_word' id='word_1_83' title='bbox 611 1446 939 1530; x_wconf 80' lang='lat' dir='ltr'><strong>nefasque,</strong></span> <span class='ocrx_word' id='word_1_84' title='bbox 978 1447 1392 1511; x_wconf 88' lang='lat' dir='ltr'><strong>defensurum</strong></span> <span class='ocrx_word' id='word_1_85' title='bbox 1431 1444 1630 1508; x_wconf 88' lang='lat' dir='ltr'><strong>fuisse</strong></span> <span class='ocrx_word' id='word_1_86' title='bbox 1647 1469 1667 1520; x_wconf 70' lang='grc' dir='ltr'><strong><em>ς</em></strong></span> <span class='ocrx_word' id='word_1_87' title='bbox 1714 1443 1867 1521; x_wconf 87' lang='lat' dir='ltr'><strong>imo,</strong></span> <span class='ocrx_word' id='word_1_88' title='bbox 1903 1466 1982 1507; x_wconf 85' lang='lat' dir='ltr'><strong>ex</strong></span> <span class='ocrx_word' id='word_1_89' title='bbox 2012 1444 2091 1506; x_wconf 91' lang='lat' dir='ltr'><strong>iis</strong></span> <span class='ocrx_word' id='word_1_90' title='bbox 2123 1444 2348 1521; x_wconf 83' lang='lat' dir='ltr'><strong>multa,</strong></span> <span class='ocrx_word' id='word_1_91' title='bbox 2382 1465 2523 1525; x_wconf 84' lang='lat' dir='ltr'><strong>quae</strong></span> 
     </span>
     <span class='ocr_line' id='line_1_12' title="bbox 306 1549 1516 1633; baseline -0.001 -22"><span class='ocrx_word' id='word_1_92' title='bbox 306 1549 524 1629; x_wconf 74' lang='lat' dir='ltr'><strong>Nepos</strong></span> <span class='ocrx_word' id='word_1_93' title='bbox 553 1550 690 1633; x_wconf 87' lang='lat' dir='ltr'><strong>ejus</strong></span> <span class='ocrx_word' id='word_1_94' title='bbox 720 1549 1027 1628; x_wconf 86' lang='lat' dir='ltr'><strong>defendit,</strong></span> <span class='ocrx_word' id='word_1_95' title='bbox 1060 1555 1516 1613; x_wconf 89' lang='lat' dir='ltr'><strong>correcturum.</strong></span> 
     </span>
    </p>
   </div>
   <div class='ocr_carea' id='block_1_3' title="bbox 376 1679 2520 2077">
    <p class='ocr_par' dir='ltr' id='par_1_3' title="bbox 376 1679 2520 2077">
     <span class='ocr_line' id='line_1_13' title="bbox 376 1679 2520 1747; baseline -0.002 -15"><span class='ocrx_word' id='word_1_96' title='bbox 376 1684 511 1747; x_wconf 81' lang='lat' dir='ltr'><strong>[Rex</strong></span> <span class='ocrx_word' id='word_1_97' title='bbox 550 1683 612 1733; x_wconf 87' lang='lat' dir='ltr'><strong>de</strong></span> <span class='ocrx_word' id='word_1_98' title='bbox 648 1683 796 1733; x_wconf 88' lang='lat' dir='ltr'><strong>rebus</strong></span> <span class='ocrx_word' id='word_1_99' title='bbox 833 1684 933 1734; x_wconf 89' lang='lat' dir='ltr'><strong>sibi</strong></span> <span class='ocrx_word' id='word_1_100' title='bbox 970 1682 1247 1747; x_wconf 84' lang='lat' dir='ltr'><strong>incognitis</strong></span> <span class='ocrx_word' id='word_1_101' title='bbox 1280 1687 1333 1732; x_wconf 89' lang='lat' dir='ltr'><strong>et</strong></span> <span class='ocrx_word' id='word_1_102' title='bbox 1368 1682 1477 1732; x_wconf 81' lang='lat' dir='ltr'><strong>sine</strong></span> <span class='ocrx_word' id='word_1_103' title='bbox 1510 1684 1716 1731; x_wconf 87' lang='lat' dir='ltr'><strong>auctore</strong></span> <span class='ocrx_word' id='word_1_104' title='bbox 1751 1679 2015 1744; x_wconf 87' lang='lat' dir='ltr'><strong>loquitur.]</strong></span> <span class='ocrx_word' id='word_1_105' title='bbox 2083 1679 2202 1729; x_wconf 90' lang='lat' dir='ltr'><strong>Non</strong></span> <span class='ocrx_word' id='word_1_106' title='bbox 2237 1683 2314 1729; x_wconf 85' lang='lat' dir='ltr'><strong>est</strong></span> <span class='ocrx_word' id='word_1_107' title='bbox 2346 1694 2520 1728; x_wconf 81' lang='lat' dir='ltr'><strong>verum</strong></span> 
     </span>
     <span class='ocr_line' id='line_1_14' title="bbox 437 1760 2519 1816; baseline -0.003 -2"><span class='ocrx_word' id='word_1_108' title='bbox 437 1764 690 1815; x_wconf 79' lang='lat' dir='ltr'><strong>Diaconos</strong></span> <span class='ocrx_word' id='word_1_109' title='bbox 734 1765 1026 1816; x_wconf 85' lang='lat' dir='ltr'><strong>Cardinales</strong></span> <span class='ocrx_word' id='word_1_110' title='bbox 1074 1765 1308 1815; x_wconf 82' lang='lat' dir='ltr'><strong>habuisse</strong></span> <span class='ocrx_word' id='word_1_111' title='bbox 1357 1763 1480 1813; x_wconf 92' lang='lat' dir='ltr'><strong>olim</strong></span> <span class='ocrx_word' id='word_1_112' title='bbox 1530 1763 1710 1812; x_wconf 79' lang='lat' dir='ltr'><strong>titulos</strong></span> <span class='ocrx_word' id='word_1_113' title='bbox 1756 1763 2106 1812; x_wconf 86' lang='lat' dir='ltr'><strong>Paroecienses.</strong></span> <span class='ocrx_word' id='word_1_114' title='bbox 2176 1760 2335 1810; x_wconf 84' lang='lat' dir='ltr'><strong>Tituli</strong></span> <span class='ocrx_word' id='word_1_115' title='bbox 2381 1760 2519 1809; x_wconf 88' lang='lat' dir='ltr'><strong>enim</strong></span> 
     </span>
     <span class='ocr_line' id='line_1_15' title="bbox 441 1843 2518 1911; baseline -0.002 -16"><span class='ocrx_word' id='word_1_116' title='bbox 441 1847 779 1897; x_wconf 81' lang='lat' dir='ltr'><strong>Paroeciarum</strong></span> <span class='ocrx_word' id='word_1_117' title='bbox 814 1849 936 1898; x_wconf 87' lang='lat' dir='ltr'><strong>solis</strong></span> <span class='ocrx_word' id='word_1_118' title='bbox 963 1847 1277 1911; x_wconf 79' lang='lat' dir='ltr'><strong>Presbyteris</strong></span> <span class='ocrx_word' id='word_1_119' title='bbox 1319 1846 1585 1906; x_wconf 77' lang='lat' dir='ltr'><strong>dabantur,</strong></span> <span class='ocrx_word' id='word_1_120' title='bbox 1625 1844 1864 1895; x_wconf 83' lang='lat' dir='ltr'><strong>Diaconis</strong></span> <span class='ocrx_word' id='word_1_121' title='bbox 1908 1848 2079 1894; x_wconf 83' lang='lat' dir='ltr'><strong>autem</strong></span> <span class='ocrx_word' id='word_1_122' title='bbox 2117 1843 2354 1892; x_wconf 75' lang='lat' dir='ltr'><strong>Ecclesiae</strong></span> <span class='ocrx_word' id='word_1_123' title='bbox 2385 1843 2518 1903; x_wconf 78' lang='lat' dir='ltr'><strong>aliae,</strong></span> 
     </span>
     <span class='ocr_line' id='line_1_16' title="bbox 435 1924 2518 1992; baseline -0.002 -14"><span class='ocrx_word' id='word_1_124' title='bbox 435 1943 550 1992; x_wconf 76' lang='lat' dir='ltr'><strong>quse</strong></span> <span class='ocrx_word' id='word_1_125' title='bbox 582 1928 941 1980; x_wconf 85' lang='lat' dir='ltr'><strong>Diaconiarum</strong></span> <span class='ocrx_word' id='word_1_126' title='bbox 975 1945 1161 1981; x_wconf 85' lang='lat' dir='ltr'><strong>nomen</strong></span> <span class='ocrx_word' id='word_1_127' title='bbox 1194 1926 1679 1992; x_wconf 67' lang='lat' dir='ltr'><strong>habebant—[Bell.</strong></span> <span class='ocrx_word' id='word_1_128' title='bbox 1705 1927 1852 1990; x_wconf 79' lang='lat' dir='ltr'><strong>Apol.</strong></span> <span class='ocrx_word' id='word_1_129' title='bbox 1877 1941 1970 1991; x_wconf 88' lang='lat' dir='ltr'><strong>pro</strong></span> <span class='ocrx_word' id='word_1_130' title='bbox 2005 1924 2175 1990; x_wconf 63' lang='lat' dir='ltr'><strong>Resp]</strong></span> <span class='ocrx_word' id='word_1_131' title='bbox 2198 1941 2244 1989; x_wconf 90' lang='lat' dir='ltr'><strong>p.</strong></span> <span class='ocrx_word' id='word_1_132' title='bbox 2272 1926 2349 1976; x_wconf 86' lang='grc'><strong>37.</strong></span> <span class='ocrx_word' id='word_1_133' title='bbox 2386 1925 2518 1989; x_wconf 87' lang='lat' dir='ltr'><strong>[Op.‚</strong></span> 
     </span>
     <span class='ocr_line' id='line_1_17' title="bbox 437 2012 1026 2077; baseline 0.002 -17"><span class='ocrx_word' id='word_1_134' title='bbox 437 2015 560 2060; x_wconf 81' lang='lat' dir='ltr'><strong>tom.</strong></span> <span class='ocrx_word' id='word_1_135' title='bbox 583 2012 670 2060; x_wconf 84' lang='lat' dir='ltr'><strong>vii.</strong></span> <span class='ocrx_word' id='word_1_136' title='bbox 695 2012 787 2062; x_wconf 84' lang='lat' dir='ltr'><strong>col.</strong></span> <span class='ocrx_word' id='word_1_137' title='bbox 813 2012 923 2063; x_wconf 87' lang='grc'><strong>725.</strong></span> <span class='ocrx_word' id='word_1_138' title='bbox 949 2012 1026 2077; x_wconf 78' lang='grc'><strong>0.]</strong></span> 
     </span>
    </p>
   </div>
   <div class='ocr_carea' id='block_1_4' title="bbox 397 2116 2840 2235">
    <p class='ocr_par' dir='ltr' id='par_1_4' title="bbox 397 2116 2840 2235">
     <span class='ocr_line' id='line_1_18' title="bbox 397 2116 2840 2235; baseline -0.002 -54"><span class='ocrx_word' id='word_1_139' title='bbox 397 2117 611 2182; x_wconf 80' lang='lat' dir='ltr'><strong>Quam</strong></span> <span class='ocrx_word' id='word_1_140' title='bbox 640 2138 790 2182; x_wconf 85' lang='lat' dir='ltr'><strong>vero</strong></span> <span class='ocrx_word' id='word_1_141' title='bbox 822 2126 966 2201; x_wconf 88' lang='lat' dir='ltr'><strong>post</strong></span> <span class='ocrx_word' id='word_1_142' title='bbox 995 2120 1256 2183; x_wconf 75' lang='lat' dir='ltr'><strong>humiles</strong></span> <span class='ocrx_word' id='word_1_143' title='bbox 1299 2120 1588 2200; x_wconf 71' lang='lat' dir='ltr'><strong>myricae‘!</strong></span> <span class='ocrx_word' id='word_1_144' title='bbox 1626 2119 2022 2181; x_wconf 79' lang='lat' dir='ltr'><strong>Cardinalem</strong></span> <span class='ocrx_word' id='word_1_145' title='bbox 2032 2116 2264 2197; x_wconf 82' lang='lat' dir='ltr'><strong>juvant</strong></span> <span class='ocrx_word' id='word_1_146' title='bbox 2284 2117 2315 2177; x_wconf 71' lang='grc'><strong>,9</strong></span> <span class='ocrx_word' id='word_1_147' title='bbox 2359 2135 2518 2198; x_wconf 88' lang='lat' dir='ltr'><strong>quas</strong></span> <span class='ocrx_word' id='word_1_148' title='bbox 2544 2120 2840 2235; x_wconf 47' lang='grc' dir='ltr'><strong>Ε’ἓίἕίιιέἐεξζ·</strong></span> 
     </span>
    </p>
   </div>
   <div class='ocr_carea' id='block_1_5' title="bbox 303 2221 2796 3029">
    <p class='ocr_par' dir='ltr' id='par_1_5' title="bbox 303 2221 2796 2511">
     <span class='ocr_line' id='line_1_19' title="bbox 303 2221 2784 2305; baseline -0.002 -21"><span class='ocrx_word' id='word_1_149' title='bbox 303 2221 397 2284; x_wconf 89' lang='lat' dir='ltr'><strong>ibi</strong></span> <span class='ocrx_word' id='word_1_150' title='bbox 426 2221 706 2285; x_wconf 87' lang='lat' dir='ltr'><strong>festucas</strong></span> <span class='ocrx_word' id='word_1_151' title='bbox 736 2223 986 2305; x_wconf 80' lang='lat' dir='ltr'><strong>carpit?</strong></span> <span class='ocrx_word' id='word_1_152' title='bbox 1031 2224 1379 2286; x_wconf 76' lang='lat' dir='ltr'><strong>Diaconias</strong></span> <span class='ocrx_word' id='word_1_153' title='bbox 1408 2223 1587 2285; x_wconf 86' lang='lat' dir='ltr'><strong>modo</strong></span> <span class='ocrx_word' id='word_1_154' title='bbox 1618 2223 1804 2285; x_wconf 71' lang='lat' dir='ltr'><strong>datas</strong></span> <span class='ocrx_word' id='word_1_155' title='bbox 1842 2223 2164 2298; x_wconf 75' lang='lat' dir='ltr'><strong>Diaconis,</strong></span> <span class='ocrx_word' id='word_1_156' title='bbox 2197 2222 2521 2282; x_wconf 75' lang='lat' dir='ltr'><strong>Paroeczas</strong></span> <span class='ocrx_word' id='word_1_157' title='bbox 2546 2251 2784 2300; x_wconf 73' lang='lat' dir='ltr'><strong>Diaconis</strong></span> 
     </span>
     <span class='ocr_line' id='line_1_20' title="bbox 304 2319 2796 2443; baseline -0.001 -58"><span class='ocrx_word' id='word_1_158' title='bbox 304 2324 724 2406; x_wconf 69' lang='lat' dir='ltr'><strong>Presbyteri-3.</strong></span> <span class='ocrx_word' id='word_1_159' title='bbox 814 2324 1179 2409; x_wconf 87' lang='lat' dir='ltr'><strong>Distinguit</strong></span> <span class='ocrx_word' id='word_1_160' title='bbox 1208 2325 1314 2389; x_wconf 89' lang='lat' dir='ltr'><strong>hic</strong></span> <span class='ocrx_word' id='word_1_161' title='bbox 1346 2325 1725 2403; x_wconf 89' lang='lat' dir='ltr'><strong>Cardinalis,</strong></span> <span class='ocrx_word' id='word_1_162' title='bbox 1758 2325 1870 2388; x_wconf 89' lang='lat' dir='ltr'><strong>ubi</strong></span> <span class='ocrx_word' id='word_1_163' title='bbox 1901 2324 2198 2388; x_wconf 84' lang='lat' dir='ltr'><strong>Pontifex</strong></span> <span class='ocrx_word' id='word_1_164' title='bbox 2228 2345 2363 2386; x_wconf 87' lang='lat' dir='ltr'><strong>non</strong></span> <span class='ocrx_word' id='word_1_165' title='bbox 2394 2321 2518 2384; x_wconf 87' lang='lat' dir='ltr'><strong>dis·</strong></span> <span class='ocrx_word' id='word_1_166' title='bbox 2545 2331 2688 2443; x_wconf 49' lang='lat'><strong>{⁸533</strong></span> <span class='ocrx_word' id='word_1_167' title='bbox 2700 2319 2796 2363; x_wconf 52' lang='grc' dir='ltr'><strong>1ῖὸ-</strong></span> 
     </span>
     <span class='ocr_line' id='line_1_21' title="bbox 307 2416 2658 2511; baseline -0.001 -23"><span class='ocrx_word' id='word_1_168' title='bbox 307 2426 572 2510; x_wconf 84' lang='lat' dir='ltr'><strong>tinguit.</strong></span> <span class='ocrx_word' id='word_1_169' title='bbox 637 2426 800 2492; x_wconf 79' lang='lat' dir='ltr'><strong>Quis</strong></span> <span class='ocrx_word' id='word_1_170' title='bbox 831 2426 1004 2491; x_wconf 87' lang='lat' dir='ltr'><strong>enim</strong></span> <span class='ocrx_word' id='word_1_171' title='bbox 1033 2427 1258 2506; x_wconf 88' lang='lat' dir='ltr'><strong>nescit,</strong></span> <span class='ocrx_word' id='word_1_172' title='bbox 1285 2448 1324 2491; x_wconf 86' lang='lat' dir='ltr'><strong>a</strong></span> <span class='ocrx_word' id='word_1_173' title='bbox 1355 2426 1537 2490; x_wconf 81' lang='lat' dir='ltr'><strong>Sixto</strong></span> <span class='ocrx_word' id='word_1_174' title='bbox 1568 2426 1690 2491; x_wconf 93' lang='lat' dir='ltr'><strong>IV.</strong></span> <span class='ocrx_word' id='word_1_175' title='bbox 1717 2427 1875 2511; x_wconf 87' lang='lat' dir='ltr'><strong>jam,</strong></span> <span class='ocrx_word' id='word_1_176' title='bbox 1903 2447 1976 2490; x_wconf 88' lang='lat' dir='ltr'><strong>ac</strong></span> <span class='ocrx_word' id='word_1_177' title='bbox 2006 2425 2373 2490; x_wconf 83' lang='lat' dir='ltr'><strong>Alexandro</strong></span> <span class='ocrx_word' id='word_1_178' title='bbox 2395 2424 2520 2486; x_wconf 87' lang='lat' dir='ltr'><strong>VI.</strong></span> <span class='ocrx_word' id='word_1_179' title='bbox 2646 2416 2658 2427; x_wconf 79' lang='grc'><strong>”</strong></span> 
     </span>
    </p>

    <p class='ocr_par' dir='ltr' id='par_1_6' title="bbox 309 2528 2522 2928">
     <span class='ocr_line' id='line_1_22' title="bbox 310 2528 2521 2614; baseline -0.001 -21"><span class='ocrx_word' id='word_1_180' title='bbox 310 2539 380 2593; x_wconf 91' lang='lat' dir='ltr'><strong>et</strong></span> <span class='ocrx_word' id='word_1_181' title='bbox 424 2534 748 2612; x_wconf 72' lang='lat' dir='ltr'><strong>para-cias</strong></span> <span class='ocrx_word' id='word_1_182' title='bbox 806 2532 1132 2610; x_wconf 90' lang='lat' dir='ltr'><strong>Diaconis,</strong></span> <span class='ocrx_word' id='word_1_183' title='bbox 1188 2540 1254 2595; x_wconf 92' lang='lat' dir='ltr'><strong>et</strong></span> <span class='ocrx_word' id='word_1_184' title='bbox 1311 2532 1658 2595; x_wconf 68' lang='lat' dir='ltr'><strong>Diae-onias</strong></span> <span class='ocrx_word' id='word_1_185' title='bbox 1715 2530 2104 2614; x_wconf 89' lang='lat' dir='ltr'><strong>presbyteris</strong></span> <span class='ocrx_word' id='word_1_186' title='bbox 2163 2528 2521 2613; x_wconf 88' lang='lat' dir='ltr'><strong>promiscue</strong></span> 
     </span>
     <span class='ocr_line' id='line_1_23' title="bbox 309 2632 2522 2719; baseline -0.002 -23"><span class='ocrx_word' id='word_1_187' title='bbox 309 2634 603 2711; x_wconf 88' lang='lat' dir='ltr'><strong>traditas,</strong></span> <span class='ocrx_word' id='word_1_188' title='bbox 635 2643 701 2698; x_wconf 90' lang='lat' dir='ltr'><strong>et</strong></span> <span class='ocrx_word' id='word_1_189' title='bbox 747 2658 786 2698; x_wconf 93' lang='lat' dir='ltr'><strong>a</strong></span> <span class='ocrx_word' id='word_1_190' title='bbox 826 2635 1245 2699; x_wconf 90' lang='lat' dir='ltr'><strong>Pontificibus</strong></span> <span class='ocrx_word' id='word_1_191' title='bbox 1282 2636 1435 2719; x_wconf 90' lang='lat' dir='ltr'><strong>ipsis</strong></span> <span class='ocrx_word' id='word_1_192' title='bbox 1475 2634 1818 2698; x_wconf 85' lang='lat' dir='ltr'><strong>confusas?</strong></span> <span class='ocrx_word' id='word_1_193' title='bbox 1867 2632 2149 2696; x_wconf 89' lang='lat' dir='ltr'><strong>Confuse</strong></span> <span class='ocrx_word' id='word_1_194' title='bbox 2195 2652 2347 2713; x_wconf 87' lang='lat' dir='ltr'><strong>ergo</strong></span> <span class='ocrx_word' id='word_1_195' title='bbox 2383 2632 2522 2713; x_wconf 89' lang='lat' dir='ltr'><strong>jam</strong></span> 
     </span>
     <span class='ocr_line' id='line_1_24' title="bbox 311 2733 2521 2825; baseline -0.004 -22"><span class='ocrx_word' id='word_1_196' title='bbox 311 2739 674 2823; x_wconf 87' lang='lat' dir='ltr'><strong>capiuntur,</strong></span> <span class='ocrx_word' id='word_1_197' title='bbox 732 2740 926 2824; x_wconf 93' lang='lat' dir='ltr'><strong>(quod</strong></span> <span class='ocrx_word' id='word_1_198' title='bbox 977 2741 1182 2825; x_wconf 86' lang='lat' dir='ltr'><strong>Regio</strong></span> <span class='ocrx_word' id='word_1_199' title='bbox 1232 2739 1535 2802; x_wconf 90' lang='lat' dir='ltr'><strong>instituto</strong></span> <span class='ocrx_word' id='word_1_200' title='bbox 1597 2738 1751 2801; x_wconf 91' lang='lat' dir='ltr'><strong>satis</strong></span> <span class='ocrx_word' id='word_1_201' title='bbox 1778 2737 1819 2817; x_wconf 77' lang='lat' dir='ltr'><strong>z)</strong></span> <span class='ocrx_word' id='word_1_202' title='bbox 1897 2736 2007 2819; x_wconf 90' lang='lat' dir='ltr'><strong>qui</strong></span> <span class='ocrx_word' id='word_1_203' title='bbox 2051 2736 2132 2798; x_wconf 88' lang='lat' dir='ltr'><strong>de</strong></span> <span class='ocrx_word' id='word_1_204' title='bbox 2182 2734 2375 2797; x_wconf 87' lang='lat' dir='ltr'><strong>rebus</strong></span> <span class='ocrx_word' id='word_1_205' title='bbox 2431 2733 2521 2796; x_wconf 92' lang='lat' dir='ltr'><strong>ibi</strong></span> 
     </span>
     <span class='ocr_line' id='line_1_25' title="bbox 310 2839 2520 2928; baseline -0.004 -21"><span class='ocrx_word' id='word_1_206' title='bbox 310 2845 567 2908; x_wconf 88' lang='lat' dir='ltr'><strong>locutus</strong></span> <span class='ocrx_word' id='word_1_207' title='bbox 611 2847 859 2927; x_wconf 70' lang='lat' dir='ltr'><strong>coynilu</strong></span> <span class='ocrx_word' id='word_1_208' title='bbox 905 2845 1161 2928; x_wconf 90' lang='lat' dir='ltr'><strong>quidem</strong></span> <span class='ocrx_word' id='word_1_209' title='bbox 1205 2865 1341 2907; x_wconf 95' lang='lat' dir='ltr'><strong>non</strong></span> <span class='ocrx_word' id='word_1_210' title='bbox 1384 2842 1568 2906; x_wconf 85' lang='lat' dir='ltr'><strong>valde</strong></span> <span class='ocrx_word' id='word_1_211' title='bbox 1615 2839 1846 2923; x_wconf 86' lang='lat' dir='ltr'><strong>dignis,</strong></span> <span class='ocrx_word' id='word_1_212' title='bbox 1879 2860 1999 2902; x_wconf 92' lang='lat' dir='ltr'><strong>nec</strong></span> <span class='ocrx_word' id='word_1_213' title='bbox 2043 2847 2262 2902; x_wconf 89' lang='lat' dir='ltr'><strong>tamen</strong></span> <span class='ocrx_word' id='word_1_214' title='bbox 2314 2840 2520 2919; x_wconf 72' lang='lat' dir='ltr'><strong>incoq-</strong></span> 
     </span>
    </p>

    <p class='ocr_par' dir='ltr' id='par_1_7' title="bbox 311 2944 2381 3029">
     <span class='ocr_line' id='line_1_26' title="bbox 311 2944 2381 3029; baseline -0.003 -20"><span class='ocrx_word' id='word_1_215' title='bbox 311 2949 484 3009; x_wconf 75' lang='lat' dir='ltr'><strong>m‘tz‘s.</strong></span> <span class='ocrx_word' id='word_1_216' title='bbox 574 2948 809 3029; x_wconf 82' lang='lat' dir='ltr'><strong>Aquila</strong></span> <span class='ocrx_word' id='word_1_217' title='bbox 840 2947 893 3010; x_wconf 87' lang='lat' dir='ltr'><strong>si</strong></span> <span class='ocrx_word' id='word_1_218' title='bbox 923 2953 1087 3010; x_wconf 89' lang='lat' dir='ltr'><strong>esset</strong></span> <span class='ocrx_word' id='word_1_219' title='bbox 1119 2944 1498 3022; x_wconf 89' lang='lat' dir='ltr'><strong>Cardinalis,</strong></span> <span class='ocrx_word' id='word_1_220' title='bbox 1529 2944 1623 3007; x_wconf 92' lang='lat' dir='ltr'><strong>ita</strong></span> <span class='ocrx_word' id='word_1_221' title='bbox 1651 2962 1896 3005; x_wconf 72' lang='lat' dir='ltr'><strong>muscas</strong></span> <span class='ocrx_word' id='word_1_222' title='bbox 1923 2962 2044 3004; x_wconf 80' lang='lat' dir='ltr'><strong>non</strong></span> <span class='ocrx_word' id='word_1_223' title='bbox 2075 2946 2322 3023; x_wconf 81' lang='lat' dir='ltr'><strong>caperet</strong></span> <span class='ocrx_word' id='word_1_224' title='bbox 2338 2950 2381 3003; x_wconf 56' lang='grc' dir='ltr'><strong>Γ.</strong></span> 
     </span>
    </p>
   </div>
   <div class='ocr_carea' id='block_1_6' title="bbox 378 3092 2822 3697">
    <p class='ocr_par' dir='ltr' id='par_1_8' title="bbox 378 3092 2822 3697">
     <span class='ocr_line' id='line_1_27' title="bbox 378 3092 2522 3162; baseline -0.003 -14"><span class='ocrx_word' id='word_1_225' title='bbox 378 3097 557 3162; x_wconf 83' lang='lat' dir='ltr'><strong>Neque</strong></span> <span class='ocrx_word' id='word_1_226' title='bbox 570 3113 745 3149; x_wconf 79' lang='lat' dir='ltr'><strong>verum</strong></span> <span class='ocrx_word' id='word_1_227' title='bbox 768 3104 844 3149; x_wconf 87' lang='lat' dir='ltr'><strong>est</strong></span> <span class='ocrx_word' id='word_1_228' title='bbox 867 3099 991 3148; x_wconf 88' lang='lat' dir='ltr'><strong>olim</strong></span> <span class='ocrx_word' id='word_1_229' title='bbox 1014 3097 1319 3161; x_wconf 82' lang='lat' dir='ltr'><strong>presbyteris</strong></span> <span class='ocrx_word' id='word_1_230' title='bbox 1342 3100 1395 3147; x_wconf 90' lang='lat' dir='ltr'><strong>et</strong></span> <span class='ocrx_word' id='word_1_231' title='bbox 1415 3096 1654 3147; x_wconf 87' lang='lat' dir='ltr'><strong>Diaconis</strong></span> <span class='ocrx_word' id='word_1_232' title='bbox 1671 3094 1939 3159; x_wconf 88' lang='lat' dir='ltr'><strong>cujuslibet</strong></span> <span class='ocrx_word' id='word_1_233' title='bbox 1952 3092 2266 3144; x_wconf 80' lang='lat' dir='ltr'><strong>Cathedralis</strong></span> <span class='ocrx_word' id='word_1_234' title='bbox 2284 3092 2522 3143; x_wconf 78' lang='lat' dir='ltr'><strong>Ecclesiae</strong></span> 
     </span>
     <span class='ocr_line' id='line_1_28' title="bbox 445 3175 2523 3243; baseline -0.002 -13"><span class='ocrx_word' id='word_1_235' title='bbox 445 3182 745 3243; x_wconf 81' lang='lat' dir='ltr'><strong>permissum</strong></span> <span class='ocrx_word' id='word_1_236' title='bbox 782 3181 933 3230; x_wconf 79' lang='lat' dir='ltr'><strong>fuisse</strong></span> <span class='ocrx_word' id='word_1_237' title='bbox 972 3181 1185 3229; x_wconf 86' lang='lat' dir='ltr'><strong>titulum</strong></span> <span class='ocrx_word' id='word_1_238' title='bbox 1221 3178 1659 3239; x_wconf 67' lang='lat' dir='ltr'><strong>cardinalitium„</strong></span> <span class='ocrx_word' id='word_1_239' title='bbox 1684 3214 1697 3226; x_wconf 94' lang='lat'><strong>.</strong></span> <span class='ocrx_word' id='word_1_240' title='bbox 1723 3215 1734 3226; x_wconf 93' lang='lat'><strong>.</strong></span> <span class='ocrx_word' id='word_1_241' title='bbox 1757 3193 1816 3227; x_wconf 86' lang='lat' dir='ltr'><strong>ac</strong></span> <span class='ocrx_word' id='word_1_242' title='bbox 1850 3192 1914 3227; x_wconf 87' lang='lat' dir='ltr'><strong>ne</strong></span> <span class='ocrx_word' id='word_1_243' title='bbox 1949 3178 2006 3226; x_wconf 90' lang='lat' dir='ltr'><strong>in</strong></span> <span class='ocrx_word' id='word_1_244' title='bbox 2043 3176 2272 3226; x_wconf 87' lang='lat' dir='ltr'><strong>Romana</strong></span> <span class='ocrx_word' id='word_1_245' title='bbox 2316 3175 2523 3240; x_wconf 87' lang='lat' dir='ltr'><strong>quidem</strong></span> 
     </span>
     <span class='ocr_line' id='line_1_29' title="bbox 452 3257 2524 3326; baseline -0.001 -15"><span class='ocrx_word' id='word_1_246' title='bbox 452 3261 673 3312; x_wconf 85' lang='lat' dir='ltr'><strong>Ecclesia</strong></span> <span class='ocrx_word' id='word_1_247' title='bbox 711 3266 938 3326; x_wconf 81' lang='lat' dir='ltr'><strong>tempore</strong></span> <span class='ocrx_word' id='word_1_248' title='bbox 975 3262 1023 3310; x_wconf 87' lang='lat' dir='ltr'><strong>S.</strong></span> <span class='ocrx_word' id='word_1_249' title='bbox 1051 3261 1283 3311; x_wconf 81' lang='lat' dir='ltr'><strong>Silvestri</strong></span> <span class='ocrx_word' id='word_1_250' title='bbox 1317 3276 1493 3310; x_wconf 80' lang='lat' dir='ltr'><strong>omnes</strong></span> <span class='ocrx_word' id='word_1_251' title='bbox 1527 3260 1740 3311; x_wconf 86' lang='lat' dir='ltr'><strong>Diaconi</strong></span> <span class='ocrx_word' id='word_1_252' title='bbox 1779 3260 2069 3311; x_wconf 78' lang='lat' dir='ltr'><strong>cardinales</strong></span> <span class='ocrx_word' id='word_1_253' title='bbox 2106 3263 2265 3319; x_wconf 84' lang='lat' dir='ltr'><strong>erant,</strong></span> <span class='ocrx_word' id='word_1_254' title='bbox 2303 3257 2392 3308; x_wconf 87' lang='lat' dir='ltr'><strong>sed</strong></span> <span class='ocrx_word' id='word_1_255' title='bbox 2431 3258 2524 3308; x_wconf 79' lang='lat' dir='ltr'><strong>soli</strong></span> 
     </span>
     <span class='ocr_line' id='line_1_30' title="bbox 447 3341 2527 3406; baseline -0.001 -15"><span class='ocrx_word' id='word_1_256' title='bbox 447 3347 655 3406; x_wconf 80' lang='lat' dir='ltr'><strong>septem.</strong></span> <span class='ocrx_word' id='word_1_257' title='bbox 723 3343 968 3406; x_wconf 81' lang='lat' dir='ltr'><strong>Tempore</strong></span> <span class='ocrx_word' id='word_1_258' title='bbox 1011 3345 1182 3392; x_wconf 83' lang='lat' dir='ltr'><strong>autem</strong></span> <span class='ocrx_word' id='word_1_259' title='bbox 1218 3341 1508 3405; x_wconf 80' lang='lat' dir='ltr'><strong>Symmachi</strong></span> <span class='ocrx_word' id='word_1_260' title='bbox 1553 3342 1819 3392; x_wconf 88' lang='lat' dir='ltr'><strong>Pontificis</strong></span> <span class='ocrx_word' id='word_1_261' title='bbox 1862 3342 1958 3393; x_wconf 87' lang='lat' dir='ltr'><strong>soli</strong></span> <span class='ocrx_word' id='word_1_262' title='bbox 1996 3341 2182 3403; x_wconf 79' lang='lat' dir='ltr'><strong>viginti</strong></span> <span class='ocrx_word' id='word_1_263' title='bbox 2221 3344 2334 3390; x_wconf 88' lang='lat' dir='ltr'><strong>octo</strong></span> <span class='ocrx_word' id='word_1_264' title='bbox 2382 3344 2527 3389; x_wconf 84' lang='lat' dir='ltr'><strong>erant</strong></span> 
     </span>
     <span class='ocr_line' id='line_1_31' title="bbox 456 3421 2526 3488; baseline -0.002 -16"><span class='ocrx_word' id='word_1_265' title='bbox 456 3423 597 3473; x_wconf 83' lang='lat' dir='ltr'><strong>tituli</strong></span> <span class='ocrx_word' id='word_1_266' title='bbox 629 3461 641 3473; x_wconf 91' lang='lat'><strong>.</strong></span> <span class='ocrx_word' id='word_1_267' title='bbox 678 3460 691 3473; x_wconf 96' lang='lat'><strong>.</strong></span> <span class='ocrx_word' id='word_1_268' title='bbox 728 3458 741 3471; x_wconf 92' lang='lat'><strong>.</strong></span> <span class='ocrx_word' id='word_1_269' title='bbox 778 3422 1421 3488; x_wconf 75' lang='lat' dir='ltr'><strong>Presbyterorum.—[Bell.</strong></span> <span class='ocrx_word' id='word_1_270' title='bbox 1458 3421 1605 3486; x_wconf 86' lang='lat' dir='ltr'><strong>Apol.</strong></span> <span class='ocrx_word' id='word_1_271' title='bbox 1631 3437 1722 3486; x_wconf 87' lang='lat' dir='ltr'><strong>pro</strong></span> <span class='ocrx_word' id='word_1_272' title='bbox 1745 3422 1915 3487; x_wconf 74' lang='lat' dir='ltr'><strong>Resp]</strong></span> <span class='ocrx_word' id='word_1_273' title='bbox 1948 3437 1996 3487; x_wconf 90' lang='lat' dir='ltr'><strong>p.</strong></span> <span class='ocrx_word' id='word_1_274' title='bbox 2021 3423 2099 3474; x_wconf 87' lang='grc'><strong>37.</strong></span> <span class='ocrx_word' id='word_1_275' title='bbox 2136 3421 2270 3486; x_wconf 85' lang='lat' dir='ltr'><strong>[Op.,</strong></span> <span class='ocrx_word' id='word_1_276' title='bbox 2291 3426 2414 3471; x_wconf 80' lang='lat' dir='ltr'><strong>tom.</strong></span> <span class='ocrx_word' id='word_1_277' title='bbox 2438 3421 2526 3470; x_wconf 76' lang='lat' dir='ltr'><strong>vii.</strong></span> 
     </span>
     <span class='ocr_line' id='line_1_32' title="bbox 448 3504 780 3569; baseline -0.009 -13"><span class='ocrx_word' id='word_1_278' title='bbox 448 3507 541 3556; x_wconf 87' lang='lat' dir='ltr'><strong>col.</strong></span> <span class='ocrx_word' id='word_1_279' title='bbox 565 3506 676 3558; x_wconf 73' lang='lat'><strong>725.</strong></span> <span class='ocrx_word' id='word_1_280' title='bbox 703 3504 780 3569; x_wconf 88' lang='lat' dir='ltr'><strong>C.]</strong></span> 
     </span>
     <span class='ocr_line' id='line_1_33' title="bbox 404 3607 2822 3697; baseline -0.007 -18"><span class='ocrx_word' id='word_1_281' title='bbox 404 3613 557 3679; x_wconf 90' lang='lat' dir='ltr'><strong>Alia</strong></span> <span class='ocrx_word' id='word_1_282' title='bbox 604 3613 743 3697; x_wconf 88' lang='lat' dir='ltr'><strong>jam</strong></span> <span class='ocrx_word' id='word_1_283' title='bbox 795 3614 1089 3677; x_wconf 90' lang='lat' dir='ltr'><strong>minutia.</strong></span> <span class='ocrx_word' id='word_1_284' title='bbox 1184 3613 1376 3680; x_wconf 82' lang='lat' dir='ltr'><strong>Quod</strong></span> <span class='ocrx_word' id='word_1_285' title='bbox 1419 3635 1552 3677; x_wconf 93' lang='lat' dir='ltr'><strong>non</strong></span> <span class='ocrx_word' id='word_1_286' title='bbox 1612 3612 1743 3676; x_wconf 88' lang='lat' dir='ltr'><strong>sint</strong></span> <span class='ocrx_word' id='word_1_287' title='bbox 1800 3611 1870 3675; x_wconf 89' lang='lat' dir='ltr'><strong>in</strong></span> <span class='ocrx_word' id='word_1_288' title='bbox 1913 3610 2204 3673; x_wconf 72' lang='lat' dir='ltr'><strong>Ecclesia</strong></span> <span class='ocrx_word' id='word_1_289' title='bbox 2258 3607 2529 3690; x_wconf 82' lang='lat' dir='ltr'><strong>qualibet</strong></span> <span class='ocrx_word' id='word_1_290' title='bbox 2559 3615 2648 3679; x_wconf 84' lang='lat' dir='ltr'><strong>[In</strong></span> <span class='ocrx_word' id='word_1_291' title='bbox 2703 3612 2822 3663; x_wconf 87' lang='lat' dir='ltr'><strong>luri-</strong></span> 
     </span>
    </p>
   </div>
   <div class='ocr_carea' id='block_1_7' title="bbox 320 3679 2842 3794">
    <p class='ocr_par' dir='ltr' id='par_1_9' title="bbox 320 3679 2842 3794">
     <span class='ocr_line' id='line_1_34' title="bbox 320 3679 2842 3794; baseline -0.002 -15"><span class='ocrx_word' id='word_1_292' title='bbox 320 3716 685 3779; x_wconf 77' lang='lat' dir='ltr'><strong>Catlzedrali</strong></span> <span class='ocrx_word' id='word_1_293' title='bbox 752 3716 1144 3778; x_wconf 73' lang='lat' dir='ltr'><strong>CardinaleS.</strong></span> <span class='ocrx_word' id='word_1_294' title='bbox 1259 3716 1392 3780; x_wconf 90' lang='lat' dir='ltr'><strong>Ubi</strong></span> <span class='ocrx_word' id='word_1_295' title='bbox 1454 3722 1676 3778; x_wconf 88' lang='lat' dir='ltr'><strong>tamen</strong></span> <span class='ocrx_word' id='word_1_296' title='bbox 1740 3716 1874 3776; x_wconf 72' lang='lat' dir='ltr'><strong>sine</strong></span> <span class='ocrx_word' id='word_1_297' title='bbox 1938 3719 2190 3775; x_wconf 83' lang='lat' dir='ltr'><strong>auctore</strong></span> <span class='ocrx_word' id='word_1_298' title='bbox 2247 3712 2531 3794; x_wconf 89' lang='lat' dir='ltr'><strong>loquitur</strong></span> <span class='ocrx_word' id='word_1_299' title='bbox 2554 3682 2654 3794; x_wconf 49' lang='lat'><strong>{¹5²5}</strong></span> <span class='ocrx_word' id='word_1_300' title='bbox 2667 3679 2842 3792; x_wconf 51' lang='lat' dir='ltr'><strong>gutfge‘</strong></span> 
     </span>
    </p>
   </div>
   <div class='ocr_carea' id='block_1_8' title="bbox 319 3807 2729 4110">
    <p class='ocr_par' dir='ltr' id='par_1_10' title="bbox 319 3807 2729 4110">
     <span class='ocr_line' id='line_1_35' title="bbox 321 3807 2728 3899; baseline -0.005 -14"><span class='ocrx_word' id='word_1_301' title='bbox 321 3819 700 3897; x_wconf 77' lang='lat' dir='ltr'><strong>cardinalis,</strong></span> <span class='ocrx_word' id='word_1_302' title='bbox 761 3827 828 3882; x_wconf 89' lang='lat' dir='ltr'><strong>et</strong></span> <span class='ocrx_word' id='word_1_303' title='bbox 889 3818 1269 3883; x_wconf 87' lang='lat' dir='ltr'><strong>Canonistas</strong></span> <span class='ocrx_word' id='word_1_304' title='bbox 1330 3819 1738 3882; x_wconf 82' lang='lat' dir='ltr'><strong>adversantes</strong></span> <span class='ocrx_word' id='word_1_305' title='bbox 1795 3816 2013 3893; x_wconf 88' lang='lat' dir='ltr'><strong>habet,</strong></span> <span class='ocrx_word' id='word_1_306' title='bbox 2064 3814 2175 3899; x_wconf 91' lang='lat' dir='ltr'><strong>qui</strong></span> <span class='ocrx_word' id='word_1_307' title='bbox 2230 3815 2303 3877; x_wconf 90' lang='lat' dir='ltr'><strong>in</strong></span> <span class='ocrx_word' id='word_1_308' title='bbox 2354 3814 2530 3877; x_wconf 91' lang='lat' dir='ltr'><strong>omni</strong></span> <span class='ocrx_word' id='word_1_309' title='bbox 2558 3807 2728 3858; x_wconf 79' lang='lat' dir='ltr'><strong>cardi-</strong></span> 
     </span>
     <span class='ocr_line' id='line_1_36' title="bbox 328 3871 2729 4007; baseline -0.003 -21"><span class='ocrx_word' id='word_1_310' title='bbox 328 3923 695 3987; x_wconf 70' lang='lat' dir='ltr'><strong>cathedrali</strong></span> <span class='ocrx_word' id='word_1_311' title='bbox 752 3943 879 4001; x_wconf 91' lang='lat' dir='ltr'><strong>eos,</strong></span> <span class='ocrx_word' id='word_1_312' title='bbox 944 3923 1055 4007; x_wconf 90' lang='lat' dir='ltr'><strong>qui</strong></span> <span class='ocrx_word' id='word_1_313' title='bbox 1106 3944 1238 4006; x_wconf 86' lang='lat' dir='ltr'><strong>prae</strong></span> <span class='ocrx_word' id='word_1_314' title='bbox 1292 3922 1540 3986; x_wconf 88' lang='lat' dir='ltr'><strong>caeteris</strong></span> <span class='ocrx_word' id='word_1_315' title='bbox 1602 3921 1908 3983; x_wconf 71' lang='lat' dir='ltr'><strong>Cardine-9</strong></span> <span class='ocrx_word' id='word_1_316' title='bbox 1962 3920 2169 3997; x_wconf 77' lang='lat' dir='ltr'><strong>Chori,</strong></span> <span class='ocrx_word' id='word_1_317' title='bbox 2225 3917 2533 3981; x_wconf 90' lang='lat' dir='ltr'><strong>nimirum</strong></span> <span class='ocrx_word' id='word_1_318' title='bbox 2556 3871 2729 3935; x_wconf 71' lang='lat' dir='ltr'><strong>nalea]</strong></span> 
     </span>
     <span class='ocr_line' id='line_1_37' title="bbox 319 4021 2529 4110; baseline -0.004 -20"><span class='ocrx_word' id='word_1_319' title='bbox 319 4026 555 4110; x_wconf 90' lang='lat' dir='ltr'><strong>quibus</strong></span> <span class='ocrx_word' id='word_1_320' title='bbox 584 4026 677 4088; x_wconf 88' lang='lat' dir='ltr'><strong>rei</strong></span> <span class='ocrx_word' id='word_1_321' title='bbox 710 4025 942 4089; x_wconf 83' lang='lat' dir='ltr'><strong>divinae</strong></span> <span class='ocrx_word' id='word_1_322' title='bbox 973 4047 1128 4090; x_wconf 88' lang='lat' dir='ltr'><strong>cura</strong></span> <span class='ocrx_word' id='word_1_323' title='bbox 1165 4026 1488 4110; x_wconf 72' lang='lat' dir='ltr'><strong>praecipua</strong></span> <span class='ocrx_word' id='word_1_324' title='bbox 1517 4024 1855 4089; x_wconf 90' lang='lat' dir='ltr'><strong>commissa</strong></span> <span class='ocrx_word' id='word_1_325' title='bbox 1884 4029 1999 4100; x_wconf 92' lang='lat' dir='ltr'><strong>est,</strong></span> <span class='ocrx_word' id='word_1_326' title='bbox 2031 4021 2273 4104; x_wconf 89' lang='lat' dir='ltr'><strong>ubique</strong></span> <span class='ocrx_word' id='word_1_327' title='bbox 2309 4021 2529 4083; x_wconf 85' lang='lat' dir='ltr'><strong>Cardi-</strong></span> 
     </span>
    </p>
   </div>
   <div class='ocr_carea' id='block_1_9' title="bbox 318 4130 966 4214">
    <p class='ocr_par' dir='ltr' id='par_1_11' title="bbox 318 4130 966 4214">
     <span class='ocr_line' id='line_1_38' title="bbox 318 4130 966 4214; baseline -0.003 -20"><span class='ocrx_word' id='word_1_328' title='bbox 318 4132 493 4194; x_wconf 73' lang='lat' dir='ltr'><strong>nates</strong></span> <span class='ocrx_word' id='word_1_329' title='bbox 522 4130 903 4214; x_wconf 84' lang='lat' dir='ltr'><strong>appellitant</strong></span> <span class='ocrx_word' id='word_1_330' title='bbox 922 4140 966 4192; x_wconf 83' lang='lat'><strong>⁸.</strong></span> 
     </span>
    </p>
   </div>
   <div class='ocr_carea' id='block_1_10' title="bbox 317 4276 2536 4601">
    <p class='ocr_par' dir='ltr' id='par_1_12' title="bbox 317 4276 2536 4601">
     <span class='ocr_line' id='line_1_39' title="bbox 383 4276 2534 4345; baseline -0.003 -14"><span class='ocrx_word' id='word_1_331' title='bbox 383 4291 406 4323; x_wconf 72' lang='lat'><strong>‘³</strong></span> <span class='ocrx_word' id='word_1_332' title='bbox 465 4281 605 4344; x_wconf 81' lang='lat' dir='ltr'><strong>Virg.</strong></span> <span class='ocrx_word' id='word_1_333' title='bbox 630 4281 736 4331; x_wconf 82' lang='lat' dir='ltr'><strong>Ecl.</strong></span> <span class='ocrx_word' id='word_1_334' title='bbox 760 4282 827 4330; x_wconf 78' lang='lat' dir='ltr'><strong>iv.</strong></span> <span class='ocrx_word' id='word_1_335' title='bbox 853 4280 921 4345; x_wconf 82' lang='lat'><strong>2.]</strong></span> <span class='ocrx_word' id='word_1_336' title='bbox 1477 4280 1564 4329; x_wconf 88' lang='lat' dir='ltr'><strong>lib.</strong></span> <span class='ocrx_word' id='word_1_337' title='bbox 1580 4280 1614 4328; x_wconf 90' lang='lat' dir='ltr'><strong>i.</strong></span> <span class='ocrx_word' id='word_1_338' title='bbox 1632 4278 1733 4328; x_wconf 81' lang='lat' dir='ltr'><strong>Tit.</strong></span> <span class='ocrx_word' id='word_1_339' title='bbox 1753 4279 1894 4327; x_wconf 76' lang='lat' dir='ltr'><strong>xxiv.</strong></span> <span class='ocrx_word' id='word_1_340' title='bbox 1915 4277 2020 4326; x_wconf 86' lang='lat' dir='ltr'><strong>‘De</strong></span> <span class='ocrx_word' id='word_1_341' title='bbox 2039 4276 2176 4326; x_wconf 86' lang='lat' dir='ltr'><strong>Offic.</strong></span> <span class='ocrx_word' id='word_1_342' title='bbox 2197 4276 2534 4339; x_wconf 83' lang='lat' dir='ltr'><strong>Archipresb.&#39;</strong></span> 
     </span>
     <span class='ocr_line' id='line_1_40' title="bbox 383 4341 2532 4409; baseline -0.003 -13"><span class='ocrx_word' id='word_1_343' title='bbox 383 4357 401 4380; x_wconf 78' lang='lat'>¹</span> <span class='ocrx_word' id='word_1_344' title='bbox 461 4346 649 4395; x_wconf 81' lang='lat' dir='ltr'><strong>Erasm.</strong></span> <span class='ocrx_word' id='word_1_345' title='bbox 676 4346 836 4408; x_wconf 80' lang='lat' dir='ltr'><strong>Adag.</strong></span> <span class='ocrx_word' id='word_1_346' title='bbox 861 4362 907 4409; x_wconf 92' lang='lat' dir='ltr'><strong>p.</strong></span> <span class='ocrx_word' id='word_1_347' title='bbox 936 4344 1067 4409; x_wconf 89' lang='lat'><strong>131.]</strong></span> <span class='ocrx_word' id='word_1_348' title='bbox 1475 4359 1582 4406; x_wconf 85' lang='lat' dir='ltr'><strong>cap.</strong></span> <span class='ocrx_word' id='word_1_349' title='bbox 1624 4344 1676 4391; x_wconf 93' lang='grc'><strong>11.</strong></span> <span class='ocrx_word' id='word_1_350' title='bbox 1724 4343 2130 4391; x_wconf 82' lang='lat' dir='ltr'><strong>‘Ministerium.’</strong></span> <span class='ocrx_word' id='word_1_351' title='bbox 2171 4343 2225 4389; x_wconf 92' lang='lat' dir='ltr'><strong>in</strong></span> <span class='ocrx_word' id='word_1_352' title='bbox 2263 4342 2422 4390; x_wconf 83' lang='lat' dir='ltr'><strong>Gloss.</strong></span> <span class='ocrx_word' id='word_1_353' title='bbox 2468 4341 2532 4389; x_wconf 86' lang='lat' dir='ltr'><strong>ad</strong></span> 
     </span>
     <span class='ocr_line' id='line_1_41' title="bbox 386 4405 2536 4470; baseline -0.002 -11"><span class='ocrx_word' id='word_1_354' title='bbox 386 4420 403 4442; x_wconf 90' lang='grc'>·</span> <span class='ocrx_word' id='word_1_355' title='bbox 459 4412 599 4460; x_wconf 77' lang='lat' dir='ltr'><strong>Conf.</strong></span> <span class='ocrx_word' id='word_1_356' title='bbox 632 4411 861 4460; x_wconf 85' lang='lat' dir='ltr'><strong>Jacobat.</strong></span> <span class='ocrx_word' id='word_1_357' title='bbox 897 4411 962 4460; x_wconf 86' lang='lat' dir='ltr'><strong>de</strong></span> <span class='ocrx_word' id='word_1_358' title='bbox 1000 4410 1191 4460; x_wconf 77' lang='lat' dir='ltr'><strong>concil.</strong></span> <span class='ocrx_word' id='word_1_359' title='bbox 1228 4410 1315 4459; x_wconf 88' lang='lat' dir='ltr'><strong>lib.</strong></span> <span class='ocrx_word' id='word_1_360' title='bbox 1354 4411 1385 4458; x_wconf 92' lang='grc'><strong>1.</strong></span> <span class='ocrx_word' id='word_1_361' title='bbox 1476 4424 1580 4457; x_wconf 78' lang='lat' dir='ltr'><strong>voc.</strong></span> <span class='ocrx_word' id='word_1_362' title='bbox 1631 4406 2042 4456; x_wconf 84' lang='lat' dir='ltr'><strong>‘Cardinalium.&#39;</strong></span> <span class='ocrx_word' id='word_1_363' title='bbox 2087 4407 2233 4470; x_wconf 77' lang='lat' dir='ltr'><strong>Cot-p.</strong></span> <span class='ocrx_word' id='word_1_364' title='bbox 2267 4405 2377 4455; x_wconf 87' lang='lat' dir='ltr'><strong>Jur.</strong></span> <span class='ocrx_word' id='word_1_365' title='bbox 2414 4405 2536 4455; x_wconf 84' lang='lat' dir='ltr'><strong>Can.</strong></span> 
     </span>
     <span class='ocr_line' id='line_1_42' title="bbox 318 4470 1951 4539; baseline -0.004 -14"><span class='ocrx_word' id='word_1_366' title='bbox 318 4481 332 4502; x_wconf 80' lang='lat'>⁸</span> <span class='ocrx_word' id='word_1_367' title='bbox 355 4476 431 4525; x_wconf 87' lang='lat' dir='ltr'><strong>De</strong></span> <span class='ocrx_word' id='word_1_368' title='bbox 468 4476 694 4525; x_wconf 85' lang='lat' dir='ltr'><strong>Cardin.’</strong></span> <span class='ocrx_word' id='word_1_369' title='bbox 738 4491 785 4539; x_wconf 91' lang='lat' dir='ltr'><strong>p.</strong></span> <span class='ocrx_word' id='word_1_370' title='bbox 826 4478 901 4524; x_wconf 88' lang='grc'><strong>19.</strong></span> <span class='ocrx_word' id='word_1_371' title='bbox 947 4476 1040 4524; x_wconf 88' lang='lat' dir='ltr'><strong>col.</strong></span> <span class='ocrx_word' id='word_1_372' title='bbox 1077 4478 1120 4523; x_wconf 83' lang='lat'><strong>2.</strong></span> <span class='ocrx_word' id='word_1_373' title='bbox 1158 4474 1216 4534; x_wconf 88' lang='lat' dir='ltr'><strong>B,</strong></span> <span class='ocrx_word' id='word_1_374' title='bbox 1254 4474 1388 4537; x_wconf 85' lang='lat' dir='ltr'><strong>apud</strong></span> <span class='ocrx_word' id='word_1_375' title='bbox 1476 4477 1599 4522; x_wconf 85' lang='lat' dir='ltr'><strong>tom.</strong></span> <span class='ocrx_word' id='word_1_376' title='bbox 1623 4473 1677 4521; x_wconf 91' lang='lat' dir='ltr'><strong>ii.</strong></span> <span class='ocrx_word' id='word_1_377' title='bbox 1699 4471 1789 4521; x_wconf 90' lang='lat' dir='ltr'><strong>col.</strong></span> <span class='ocrx_word' id='word_1_378' title='bbox 1818 4470 1951 4534; x_wconf 68' lang='lat'>319]</span> 
     </span>
     <span class='ocr_line' id='line_1_43' title="bbox 317 4538 1386 4601; baseline -0.003 -12"><span class='ocrx_word' id='word_1_379' title='bbox 317 4540 469 4590; x_wconf 84' lang='lat' dir='ltr'><strong>Cone.</strong></span> <span class='ocrx_word' id='word_1_380' title='bbox 510 4544 630 4589; x_wconf 88' lang='lat' dir='ltr'><strong>tom.</strong></span> <span class='ocrx_word' id='word_1_381' title='bbox 666 4541 825 4599; x_wconf 85' lang='lat' dir='ltr'><strong>xvii.;</strong></span> <span class='ocrx_word' id='word_1_382' title='bbox 870 4545 923 4589; x_wconf 88' lang='lat' dir='ltr'><strong>et</strong></span> <span class='ocrx_word' id='word_1_383' title='bbox 952 4539 1201 4589; x_wconf 84' lang='lat' dir='ltr'><strong>Decretal.</strong></span> <span class='ocrx_word' id='word_1_384' title='bbox 1239 4538 1386 4601; x_wconf 84' lang='lat' dir='ltr'><strong>Greg.</strong></span> 
     </span>
    </p>
   </div>
  </div>
 </body>
</html>
