3165 4959
629 389 713 430 xx
1545 377 1632 425 AD
1676 374 1909 425 REGEM.

625 538 792 619 jure,
839 534 1102 599 inscribi
1157 537 1441 616 poterat:
1517 553 1665 595 vere
1730 532 1904 594 enim
1965 528 2348 591 Monitorius
2414 526 2533 607 est)
2601 543 2831 607 parum

635 638 918 702 succedit
949 659 1024 700 ex
1075 636 1430 700 sententia:
1478 642 1818 717 postquam
1860 631 2231 714 Principum
2272 628 2472 693 animi
2500 627 2653 691 inde
2695 648 2831 690 non

633 743 858 805 leviter
886 740 1054 804 laesi:
1105 746 1443 822 postquam
1473 738 1728 801 rescivit
1757 737 1997 817 ubique
2025 734 2157 811 fere
2201 732 2515 797 Gentium
2539 728 2834 793 damnari

625 848 761 927 jam
798 845 1122 926 Scriptum
1153 843 1276 905 hoc
1317 863 1526 918 suum,
1559 840 1745 922 eique
1774 847 1998 902 notam
2042 838 2324 900 inustam
2347 834 2512 917 salsi
2541 840 2602 896 et
2632 835 2834 896 detes-

634 949 812 1010 tandi
858 947 1220 1028 doqmatisae
1263 943 1432 1027 quod
1473 943 1726 1025 Regum
1772 942 1983 1020 saluti,
2031 939 2433 1003 subditorum
2481 936 2650 1014 fidei,
2691 935 2834 1018 paci

633 1051 903 1134 publicae
941 1049 1370 1133 perniciosum
1400 1047 1500 1109 sit.
1592 1047 1679 1108 Et
1710 1052 1805 1107 est
1836 1052 2007 1107 certe
2051 1033 2503 1126 perniciosum,
2536 1038 2833 1122 quodque

635 1156 685 1217 si
734 1153 1042 1231 obtineat,
1091 1154 1181 1235 (et
1229 1151 1357 1214 nisi
1408 1149 1702 1212 Vulcano
1746 1148 1941 1210 litent
1985 1146 2166 1209 libris
2205 1145 2330 1227 his)
2376 1164 2600 1207 eorum
2639 1162 2833 1205 nemo

635 1257 949 1340 Principis
979 1277 1316 1339 personam
1348 1254 1460 1316 diu
1488 1251 1655 1315 tueri
1686 1251 1941 1334 poterit.

720 1361 972 1423 Mirum
1021 1366 1276 1423 autem:
1325 1356 1652 1420 decumbit
1698 1354 1998 1418 Pontifici
2041 1352 2253 1416 saucia
2295 1373 2373 1415 ex
2417 1351 2549 1414 alto
2592 1356 2658 1413 et
2694 1351 2831 1433 jam

635 1484 799 1547 saepe
827 1463 1101 1548 repetito
1133 1463 1391 1525 vulnere
1422 1461 1716 1524 Potestas
1761 1456 2131 1542 spirituaIiS,
2179 1455 2258 1519 de
2302 1475 2501 1538 eaque
2548 1452 2833 1538 quotidie

634 1565 972 1629 hominum
1007 1566 1211 1647 magis
1249 1564 1581 1646 magisque
1624 1562 1984 1643 languescit
2027 1559 2283 1642 opinio;
2328 1559 2418 1621 Et
2460 1556 2569 1620 ille
2613 1563 2834 1618 tamen

641 1671 791 1751 (quo
834 1669 1103 1730 minime
1145 1674 1430 1749 tempore
1474 1685 1635 1747 opus
1680 1664 1840 1747 erat)
1892 1663 2191 1746 ingentes
2231 1661 2403 1725 tollit
2445 1660 2714 1737 animos,
2758 1679 2834 1722 ac

634 1771 847 1834 induit
906 1792 972 1833 se
1023 1770 1094 1833 in
1147 1769 1419 1832 Politica
1476 1767 1871 1850 Principum,
1927 1773 1992 1829 et
2044 1767 2281 1829 Arcem
2327 1765 2530 1848 ipsam
2582 1761 2832 1825 invadit

634 1873 968 1956 potestatis
1013 1872 1248 1954 Regiae.
1341 1871 1574 1934 Videat
1618 1891 1788 1948 vem,
1836 1891 1920 1932 ne
1969 1869 2040 1931 in
2083 1889 2353 1931 nervum
2402 1871 2694 1949 erumpat
2737 1865 2834 1927 illi

635 1976 948 2039 fortitudo
991 1976 1168 2054 haec;
1215 1995 1375 2038 neve
1423 1973 1675 2037 eveniat
1719 1972 1788 2035 id
1828 1973 1908 2050 ei,
1957 1972 2127 2057 quod
2163 1972 2426 2036 Camelo
2475 1970 2547 2032 in
2594 1968 2830 2045 fabula,

638 2079 792 2140 dum
838 2099 1078 2141 cornua
1123 2078 1264 2141 vult
1307 2099 1345 2140 a
1385 2078 1545 2140 Jove
1592 2097 1725 2139 non
1768 2096 2085 2154 concessa,
2132 2096 2216 2138 ne
2258 2096 2413 2158 quas
2439 2073 2636 2137 habet
2667 2071 2832 2134 auri-

637 2181 829 2257 culaS,
863 2190 928 2243 et
964 2202 1069 2243 eas
1115 2180 1404 2242 amittat:
1453 2180 1557 2242 eui
1603 2178 1696 2241 rei
1740 2186 1984 2241 rectam
2022 2179 2161 2263 jam
2206 2178 2375 2241 viam
2422 2176 2656 2259 scripta
2695 2176 2832 2238 haec

637 2288 702 2344 et
730 2283 986 2365 planam
1017 2283 1341 2345 muniunt.
1432 2283 1575 2346 Nec
1619 2282 1795 2345 enim
1841 2282 1965 2344 alia
2006 2281 2255 2363 ratione
2299 2279 2502 2361 magis
2534 2299 2831 2361 compen-

636 2384 837 2447 diaria
895 2385 1204 2447 maturari
1254 2384 1508 2447 videtur
1562 2385 1841 2468 Papatus
1898 2383 2175 2447 Romani
2232 2383 2446 2445 fatalis
2498 2380 2831 2458 PerioduS‚

637 2509 848 2569 quam,
883 2487 934 2550 si
966 2488 1087 2551 hoe
1119 2489 1373 2570 Dogma
1401 2488 1551 2551 fidei
1582 2509 1734 2565 suae,
1768 2509 1880 2550 seu
1919 2487 2132 2570 potius
2159 2486 2283 2549 hoe
2312 2486 2496 2549 ulcus
2526 2485 2829 2568 perfidiae,

636 2590 733 2653 uti
764 2599 1044 2673 coeptum
1078 2592 1215 2674 jam
1248 2597 1343 2654 est
1392 2590 1825 2674 (quantumvis
1852 2590 1922 2652 in
1954 2590 2226 2673 gratiam
2259 2590 2467 2672 Papae)
2506 2588 2587 2651 ad
2614 2589 2831 2651 vivum

635 2694 977 2777 diligenter
1024 2702 1332 2773 resecent,
1384 2695 1455 2757 in
1504 2714 1726 2777 eoque,
1782 2694 1836 2756 si
1893 2701 2168 2777 pergant
2216 2713 2426 2776 ponc,
2488 2692 2831 2755 suffossum

632 2796 809 2862 brevi
839 2799 1206 2882 Papismum
1238 2798 1431 2861 visuri
1461 2820 1702 2861 sumus,

718 2901 861 2963 Nec
883 2901 1018 2964 haec
1050 2900 1289 2964 scilicet
1318 2901 1492 2984 prius
1521 2900 1892 2964 nesciebant
1923 2899 2272 2983 Principes,
2337 2898 2582 2960 Verum
2612 2895 2829 2959 videas

631 3004 859 3063 malum
890 3005 1004 3065 hoc
1031 3004 1141 3064 sub
1171 3005 1296 3066 sole
1309 3016 1355 3082 1‘,
1388 3002 1521 3081 ubi,
1569 3004 1853 3085 singulos
1898 3024 2182 3085 unquam
2229 3001 2491 3064 adortus
2531 2998 2831 3063 Pontifex

637 3107 781 3184 (nec
830 3105 956 3166 nisi
1007 3104 1291 3187 singulos
1343 3104 1577 3168 adoriri
1627 3107 1814 3186 solet)
1871 3105 2110 3187 pariter
2162 3104 2479 3166 animatos
2528 3123 2665 3165 esse
2716 3101 2832 3166 ubi

632 3228 822 3269 causa
845 3229 959 3269 sua
982 3207 1064 3269 sit
1076 3234 1094 3285 3
1128 3214 1193 3269 at
1212 3229 1345 3270 non
1363 3207 1610 3287 itidem,
1631 3208 1744 3271 ubi
1766 3208 2005 3270 vicinus
2029 3205 2308 3268 ardeatq.
2357 3206 2533 3267 Dum
2558 3205 2830 3267 aliorum

632 3309 862 3391 potiuS,
895 3331 1086 3392 quam
1116 3317 1410 3372 nostrum
1440 3311 1775 3393 negotium
1807 3309 1913 3393 agi
1941 3308 2214 3385 videtur,
2252 3307 2429 3370 lenta
2456 3307 2831 3390 plerumque

632 3421 698 3474 et
730 3433 869 3474 sera
907 3419 1004 3476 est
1048 3412 1331 3475 humana
1372 3413 1788 3495 providentia.
1882 3412 2259 3478 Communis
2304 3434 2379 3475 ea
2423 3412 2625 3494 eulpa,
2659 3412 2831 3494 quod

632 3516 743 3578 ubi
788 3537 977 3578 causa
1020 3516 1397 3591 eommunis,
1431 3515 1512 3578 ad
1542 3516 1942 3597 singulorum
1976 3538 2052 3579 ex
2085 3516 2413 3579 communi
2444 3537 2633 3579 causa
2676 3536 2831 3580 eon-

630 3627 907 3682 tractum
978 3619 1332 3702 periculum
1390 3640 1525 3682 non
1573 3620 1997 3683 concurritur.
2111 3618 2239 3682 Sed
2297 3625 2634 3701 postquam
2690 3619 2832 3701 jam

632 3724 920 3787 sentiunt
975 3723 1214 3785 malum
1262 3723 1385 3786 hoe
1438 3743 1692 3805 serpere
1740 3722 1986 3785 indies:
2054 3722 2296 3800 vident,
2343 3722 2443 3785 vel
2488 3723 2827 3802 maturius,

630 3826 836 3888 alieno
866 3827 1145 3909 periculo
1178 3825 1573 3909 sapiendum,
1606 3827 1709 3889 vel
1731 3826 1952 3903 serius,
1986 3847 2119 3889 suo.
2198 3827 2342 3889 Nec
2372 3826 2545 3889 aliud
2575 3829 2832 3892 monuit

629 3929 940 4008 Majestas
998 3930 1148 4006 Tua,
1203 3951 1394 4011 quam
1441 3928 1596 4011 quid
1653 3928 1922 4012 singulis
1973 3929 2474 4013 exspectandum
2534 3930 2636 4008 sit,
2699 3931 2830 3994 nisi

629 4030 908 4094 universi
955 4051 1021 4094 se
1081 4037 1399 4094 asserant:
1467 4051 1588 4094 nec
1633 4031 1805 4095 aliud
1860 4032 2054 4116 eupit,
2105 4054 2319 4115 quam,
2368 4032 2539 4116 quod
2587 4033 2831 4116 singuli

694 4247 717 4270 ⁰
753 4237 907 4302 [Vide
929 4238 1017 4287 lib.
1042 4237 1123 4288 cui
1157 4237 1236 4286 tit.
1262 4236 1682 4290 ‘Remonstrance
1769 4237 1861 4287 bus
1882 4237 2125 4288 adversm
2150 4238 2486 4288 Guilidmum
2508 4238 2831 4302 Bardaium,

629 4307 681 4351 et
704 4301 1031 4352 Conclusions
1069 4302 1155 4352 des
1190 4303 1348 4351 Gents
1381 4302 1448 4350 du
1485 4302 1610 4364 Roy,
1633 4307 1686 4352 et
1769 4304 1997 4352 Auctore
2035 4303 2086 4351 S.
2123 4303 2183 4353 R.
2217 4303 2279 4352 E.
2308 4303 2588 4354 cardinale
2627 4304 2830 4354 Bellar-

631 4369 807 4416 Arrest
842 4366 904 4415 de
945 4367 995 4416 la
1030 4367 1162 4417 Cour
1195 4366 1257 4416 de
1294 4367 1584 4417 Parlement
1617 4366 1685 4415 du
1769 4367 1925 4416 mino.
1964 4366 2442 4430 Impm‘mEaRome
2460 4385 2522 4417 en
2545 4368 2646 4417 l'an
2672 4373 2831 4421 1610:

631 4435 694 4480 26
741 4431 1041 4491 Novembre‚
1092 4446 1240 4480 uncx.
1298 4447 1384 4479 sur
1429 4432 1476 4481 le
1520 4433 1685 4480 libure
1774 4430 1893 4480 L'an
1915 4430 1977 4480 de
2002 4431 2187 4480 Nostre
2210 4431 2456 4494 Seigneur
2479 4433 2651 4498 uncie]

633 4496 842 4546 intitul&
883 4496 1152 4546 Tractatum
1178 4496 1239 4545 de
1263 4496 1516 4546 Pate-etate
1541 4497 1688 4546 Sum·
1836 4504 1858 4534 Ρ
1917 4496 2100 4545 Eccles.
2123 4512 2167 4545 v.
2195 4500 2272 4546 13.

634 4561 711 4610 mi
765 4560 1033 4625 Pontifici&
1087 4561 1145 4610 in
1200 4561 1348 4610 rebus
1403 4561 1687 4624 temporali·
1837 4566 1858 4594 ‘²
1893 4495 2053 4623 {Confi
2085 4561 2208 4611 Hor.
2287 4563 2404 4626 pist.
2431 4562 2468 4611 1.
2497 4565 2572 4612 18.
2600 4562 2698 4627 84.]
