3165 4959
764 330 893 390 486
1024 345 1108 390 AD
1153 343 1533 390 cfflmnss
1578 343 1973 390 BELLARMINl
2017 343 2382 390 stomoma
2426 343 2794 393 nEsPoNsIO.

523 497 650 559 352
860 501 986 561 Cur
1014 521 1166 582 ergo
1195 500 1544 562 Catholicos
1566 500 1839 579 appellat
1868 501 1933 561 in
1957 500 2286 581 Apoloyia,
2319 520 2357 560 α
2390 520 2647 580 quorum
2675 500 2971 562 societate

766 605 1004 665 alienus
1033 610 1124 665 est
1144 604 1176 664 ,Ρ
1219 604 1374 665 Non
1405 603 1575 685 quod
1605 604 1699 665 ita
1728 602 1878 680 sint,
1904 602 2017 665 sed
2049 602 2219 685 quod
2248 603 2341 666 ita
2370 603 2635 666 salutari
2666 603 2965 685 gestiant,

765 729 891 789 quo
922 707 1011 769 eis
1041 706 1425 788 aequioribus
1455 714 1770 769 uteretur.
1861 706 2140 771 Quando
2171 714 2388 769 autem
2418 706 2485 769 id
2507 706 2870 771 Cardinalis
2897 706 2967 767 in

765 817 1217 892 argumentum
1248 809 1469 889 trahit,
1501 810 1819 873 calculum
1848 809 2116 873 reducit.

831 1013 955 1063 Vidi
981 1051 992 1063 .
1017 1050 1029 1062 .
1055 1051 1066 1063 .
1090 1014 1448 1064 confessionem
1472 1014 1722 1064 Senticam
1743 1014 2101 1064 Pnritanorum
2123 1014 2205 1063 cni
2227 1013 2335 1063 Rex
2358 1013 2668 1076 subscripsit.
2696 1049 2708 1061 .
2732 1050 2744 1062 .
2771 1048 2783 1061 .
2808 1050 2819 1061 .
2842 1012 2969 1073 Legi

894 1111 1090 1159 qnoque
1125 1096 1181 1144 in
1221 1132 1234 1145 .
1271 1131 1283 1143 .
1325 1133 1336 1145 .
1379 1097 1596 1146 Basilice
1630 1096 1779 1154 Doro,
1821 1134 1832 1145 .
1872 1134 1883 1145 .
1927 1133 1939 1144 .
1978 1094 2340 1157 ‘Religionsm,
2377 1109 2491 1157 qnae
2517 1096 2660 1157 viget
2690 1095 2748 1143 in
2783 1094 2970 1153 Scotin,

893 1191 999 1226 esse
1022 1178 1348 1238 verissimam,
1373 1214 1385 1226 .
1411 1214 1422 1227 .
1447 1213 1460 1227 .
1488 1178 1680 1241 (quam)
1703 1178 1888 1226 fatetur
1909 1213 1921 1225 .
1948 1214 1960 1225 .
1985 1214 1995 1224 .
2023 1175 2132 1226 Rex
2161 1177 2337 1226 divino
2368 1176 2611 1226 miraculo
2641 1191 2673 1225 a
2706 1175 2968 1225 Puritanis

894 1258 1146 1309 seditiosis
1180 1258 1624 1309 introductam.'—
1645 1257 1798 1322 [Bell.
1826 1258 1975 1321 Apol.
2000 1272 2090 1320 pro
2110 1257 2290 1321 Resp.]
2329 1271 2377 1320 p.
2404 1259 2517 1307 209.
2554 1257 2695 1321 [Op.,
2728 1262 2850 1307 tom.
2878 1258 2967 1306 vii.

896 1339 1007 1388 coll.
1036 1342 1146 1389 821,
1164 1338 1225 1388 D.
1252 1343 1360 1390 822.
1375 1338 1461 1403 A.]

438 1460 586 1524 [(20.)
622 1460 699 1510 De
855 1440 962 1503 Ad
1005 1439 1449 1504 Vicesimum¹.
1543 1440 1629 1503 In
1673 1460 1749 1502 eo
1792 1438 1894 1501 vel
1934 1437 2182 1501 fallitur
2228 1437 2603 1516 cardinalis,
2635 1438 2736 1501 vel
2776 1436 2967 1516 fallit,

435 1526 743 1639 ξζξὲῗζξωθ
769 1542 877 1624 qui
910 1543 1206 1606 Pur-imni
1252 1564 1488 1607 nomen
1527 1549 1815 1625 usurpat,
1850 1542 2031 1624 quasi
2076 1540 2200 1604 alia
2244 1562 2465 1604 eorum
2504 1542 2750 1623 Reliyio
2796 1549 2971 1605 esset

439 1655 690 1719 scripsit]
769 1646 939 1729 apud
984 1668 1119 1709 nos.
1210 1648 1307 1710 Ea
1345 1667 1493 1710 vero
1539 1645 1663 1709 alia
1700 1666 1830 1708 non
1871 1652 1969 1707 est
2002 1670 2016 1707 z
2080 1652 2337 1707 tantum
2381 1645 2594 1708 nescio
2640 1643 2796 1727 quid
2841 1644 2969 1728 ipsi

768 1749 888 1813 sibi
933 1751 1206 1834 fingunt,
1241 1751 1319 1814 de
1350 1750 1717 1834 Disciplina·
1751 1747 1970 1828 forma
2015 1748 2347 1826 exteriore,
2394 1747 2563 1831 quod
2605 1748 2968 1811 novitatem

764 1854 988 1937 sapiat.
1077 1856 1252 1918 Nam
1297 1862 1528 1917 caetera
1558 1852 1713 1916 satis
1747 1851 1921 1928 sani3
1969 1851 2094 1913 nisi
2140 1873 2216 1914 ex
2263 1852 2521 1914 alterius
2566 1858 2757 1914 sectae
2805 1851 2966 1934 dog-

758 1957 1036 2019 matibus
1087 1958 1254 2020 male
1302 1979 1368 2020 se
1413 1957 1715 2020 habeant.
1809 1955 2200 2038 Quanquam
2244 1955 2506 2018 omnino
2549 1954 2811 2036 iniquus
2855 1955 2968 2019 hic

759 2059 1135 2137 Cardinalis‚
1173 2061 1301 2142 qui,
1336 2082 1526 2142 quam
1573 2060 1645 2121 in
1689 2058 1998 2141 religione
2042 2065 2328 2121 mentem
2362 2059 2502 2121 Rex
2540 2058 2796 2136 habeat,
2829 2079 2966 2122 non

758 2183 834 2223 ex
895 2162 1233 2247 Βασιλικῷ
1279 2164 1417 2246 ejus
1472 2161 1677 2248 Δώρῳ
1736 2170 1955 2246 petere
2014 2162 2171 2240 vult,
2219 2162 2319 2224 vel
2377 2162 2752 2237 Monitoria,
2805 2184 2964 2244 quas

757 2273 1012 2327 matura
1042 2273 1251 2343 aetate,
1283 2275 1667 2349 maturoque
1708 2266 1955 2348 judicio
1987 2266 2258 2348 scripsit,
2292 2265 2405 2328 sed
2435 2287 2513 2328 ex
2545 2265 2964 2329 Confessione

759 2377 909 2432 ante
939 2370 1208 2452 triginta
1241 2371 1379 2453 jam
1412 2392 1616 2433 annos
1648 2370 1839 2448 edita,
1874 2369 1976 2432 oui
2008 2378 2149 2432 tum
2184 2389 2350 2450 puer
2376 2367 2791 2450 subscripsit*
2808 2396 2831 2441 ;
2885 2377 2963 2433 ut

759 2473 882 2552 eui,
937 2474 1107 2538 idem
1159 2474 1371 2559 Regni
1419 2484 1698 2558 tempus,
1749 2482 1813 2537 et
1866 2473 2073 2537 aetatis
2126 2473 2228 2552 sit,
2277 2474 2346 2536 in
2391 2472 2572 2537 cunis
2610 2474 2960 2538 CoronatO.

757 2577 900 2640 Neo
942 2578 1281 2661 quicquam
1325 2586 1563 2662 peccat,
1598 2578 1805 2661 quoad
1853 2577 2206 2659 Religionis
2238 2577 2483 2659 Capita,
2519 2577 2821 2640 Formula
2848 2578 2965 2640 illa

757 2681 1209 2745 confessionis·
1303 2683 1473 2745 Vere
1519 2703 1673 2765 ergo
1717 2678 1897 2759 illud,
1938 2680 2084 2753 Quae
2120 2683 2191 2742 in
2223 2680 2437 2744 Scotia
2466 2682 2649 2762 viyet‚
2682 2681 2962 2762 Reliyio-

757 2806 893 2846 nem
924 2805 1053 2848 esse
1081 2786 1466 2847 verissimam
1476 2784 1507 2848 ¹.
1580 2786 1672 2848 At
1694 2784 1852 2847 illud
1875 2784 2055 2861 falso,
2079 2805 2118 2846 a
2139 2785 2471 2847 Puritanis
2499 2784 2962 2849 introductam.-

753 2888 886 2951 imo
946 2909 1095 2952 eum
1156 2889 1523 2951 introducta
1581 2895 1770 2966 esset,
1820 2908 1983 2970 pene
2040 2908 2155 2969 per
2215 2908 2323 2950 eos
2384 2908 2693 2966 eversam,
2742 2909 2815 2951 ac
2873 2910 2960 2952 ne

756 2992 954 3054 everti
983 2999 1216 3075 posset,
1250 2993 1481 3055 Divino
1513 2991 1697 3074 quasi
1726 2991 2027 3054 miraculo
2045 3000 2087 3028 ¹¹¹
2118 2998 2574 3054 conservatam.

820 3158 832 3188 ¹
873 3159 1028 3222 [Vide
1051 3160 1287 3223 Respons.
1314 3161 1456 3210 'Porti
1480 3176 1526 3225 p.
1549 3164 1627 3211 98.
1668 3160 1808 3210 Edit.
1896 3160 2064 3221 sande,
2102 3160 2203 3211 fiue
2240 3161 2489 3218 hundred,
2530 3161 2797 3221 fourscorc,
2856 3163 2963 3212 and

756 3223 940 3281 Polit.;
994 3230 1046 3273 et
1089 3225 1215 3274 Bell.
1274 3226 1385 3290 Op„
1430 3231 1554 3276 tom.
1579 3226 1667 3276 vii.
1716 3226 1807 3275 col.
1898 3240 2008 3285 one,
2030 3226 2185 3288 being
2212 3226 2299 3275 the
2326 3226 2614 3276 fourteenth
2647 3241 2764 3288 yere
2786 3227 2845 3276 os
2874 3228 2963 3277 the

755 3290 865 3336 684.
893 3289 981 3351 A.]
1899 3291 2077 3352 King's
2106 3291 2290 3353 reigne.
2359 3289 2645 3353 Imprinted
2667 3294 2721 3340 at
2744 3290 2965 3342 London

819 3352 840 3383 ¹¹
868 3353 1025 3415 [Vide
1047 3354 1135 3402 lib.
1150 3356 1230 3404 cui
1250 3355 1346 3414 tit..
1366 3359 1380 3381 ‘
1395 3355 1500 3405 The
1520 3355 1811 3405 confession
1897 3356 1965 3418 by
1986 3355 2171 3404 Robert
2189 3355 2531 3418 Waldegmue,
2554 3356 2797 3418 dwelling
2816 3358 2965 3406 wit-h-

754 3417 810 3466 of
837 3418 925 3467 the
959 3425 1068 3468 true
1100 3420 1199 3469 and
1225 3420 1482 3470 Christian
1517 3421 1707 3484 Faythe
1740 3435 1812 3469 ao-
1900 3424 1988 3470 out
2026 3420 2422 3485 Temple-barre!
2493 3420 2631 3468 Huic
2654 3423 2963 3471 confessioni

753 3483 965 3545 cording
997 3489 1050 3532 to
1086 3484 1234 3535 God’s
1270 3485 1401 3535 word
1437 3485 1536 3534 and
1572 3486 1727 3533 Actes
1762 3484 1818 3532 of
1900 3484 2007 3532 Rex
2030 3485 2137 3548 ipse
2170 3485 2480 3549 subscripsit,
2502 3490 2563 3534 ut
2583 3500 2611 3534 e
2634 3485 2756 3535 folio
2789 3489 2962 3550 primo

755 3547 1064 3598 Parliament
1085 3549 1269 3600 holden
1291 3558 1344 3601 at
1360 3550 1703 3612 Edinburghe,
1722 3550 1808 3598 the
1894 3550 2096 3663 patena

753 3613 910 3674 eyght
943 3613 1042 3662 and
1073 3617 1275 3664 twentie
1300 3616 1396 3677 day
1414 3616 1469 3664 of
1498 3615 1728 3664 Ianuar-ie
1753 3615 1806 3662 in
1960 3612 1972 3644 ¹
2100 3614 2181 3664 ide
2203 3629 2367 3677 supra,
2389 3629 2436 3677 p.
2464 3617 2574 3664 161.
2599 3619 2703 3664 not,
2729 3615 2755 3664 ¹.

753 3677 840 3726 the
865 3677 994 3728 Yerc
1017 3678 1073 3727 of
1095 3695 1185 3729 our
1221 3679 1353 3729 Lord
1389 3679 1514 3740 God,
1538 3694 1632 3729 one
1666 3679 1807 3728 thou·
1959 3687 1992 3710 '¹¹
2048 3679 2179 3730 Vide
2203 3695 2366 3744 supra,
2400 3694 2448 3743 p.
2476 3682 2552 3729 42.
2588 3685 2694 3729 not.
2718 3689 2766 3730 ¹³.
