3165 4959
646 319 778 385 230
1274 338 1360 386 AD
1405 336 1788 384 emmam
1830 333 2230 382 BmARMmi

324 507 339 566 ῐ
356 507 415 555 ln
438 522 496 556 eo
519 507 591 555 in·
655 497 1220 559 Chalcedonensis?
1306 498 1393 559 Et
1422 495 1560 558 haec
1593 496 1732 578 jam
1761 494 2052 557 venditat
2085 492 2248 557 Orbi
2279 477 2682 557 cardinalis?
2759 494 2856 557 At

322 572 585 685 fssffiffiffis
647 599 939 662 nondum
980 599 1139 662 adeo
1168 599 1263 661 illi
1303 598 1650 662 auctoritas
1696 597 1985 676 invaluit,
2027 603 2102 660 ut
2133 595 2400 660 credant
2441 596 2502 660 ei
2539 598 2856 676 homines„

326 699 620 763 Primatum]
648 702 919 766 stabiliri
967 725 1045 766 ex
1096 724 1170 766 eo
1210 705 1578 783 primatum,
1630 722 1757 784 quo
1809 701 2021 764 sciunt
2065 701 2355 763 enervari
2407 701 2507 764 vel
2556 701 2854 764 maxime.

651 806 783 869 Cur
835 806 1009 868 enim
1054 805 1183 868 huc
1226 806 1382 868 illuc
1419 805 1675 869 oberret
1709 804 1878 887 quis,
1925 825 2041 887 per
2080 825 2307 868 omnes
2338 804 2697 867 Actionum
2741 827 2858 867 an-

650 909 852 992 gu108,
874 909 1157 972 excutiat
1186 908 1439 987 scrinia,
1468 907 1767 991 inspiciat
1789 914 1966 989 ter-qa
1983 908 2433 988 Epistularum,
2457 914 2531 971 ut
2561 906 2858 972 alicunde

652 1013 932 1095 colligat,
964 1013 1147 1094 cujus
1169 1012 1281 1090 ibi,
1314 1011 1629 1095 expressis
1658 1010 1888 1089 verbis,
1920 1010 2096 1093 legat
2127 1011 2524 1074 contrarium
2543 1011 2573 1073 ⁸?
2650 1011 2859 1093 Legat

654 1123 892 1193 autem,
913 1137 1044 1179 non
1075 1115 1144 1178 in
1163 1115 1356 1178 titulo
1386 1115 1601 1198 aliquo
1624 1135 1737 1178 seu
1759 1114 2164 1194 inscriptione
2186 1114 2509 1194 Epistoloe,
2533 1115 2634 1177 vel
2656 1113 2861 1178 libelli

655 1218 977 1301 suppliciS,
1021 1219 1318 1301 (quorum
1353 1218 1496 1301 quis
1541 1218 1787 1301 stylum
1831 1217 2058 1295 nescit,
2094 1238 2289 1299 quam
2334 1216 2563 1280 efferre
2609 1218 2859 1280 soleant

657 1329 723 1385 et
767 1322 1142 1405 magnificos
1171 1321 1401 1400 facere,
1435 1320 1669 1404 quibus
1716 1320 2085 1404 supplicant
2100 1320 2156 1401 ?)
2193 1320 2307 1383 sed
2350 1319 2547 1402 legat,
2579 1320 2860 1385 Actione

655 1446 789 1487 una
846 1432 986 1488 tota
1034 1425 1435 1502 ventilatum,
1496 1423 1698 1487 altera
1753 1430 2134 1486 renovatum
2195 1430 2261 1485 et
2320 1424 2771 1486 confirmatum
2791 1436 2858 1501 ¹²3

658 1528 921 1591 Canone
952 1526 1226 1610 denique
1254 1527 1565 1604 inustum,
1597 1546 1673 1588 ne
1703 1528 1963 1607 mafora,
1993 1526 2109 1588 sed
2132 1527 2397 1607 oequaIia
2425 1527 2555 1589 sint
2579 1547 2704 1607 per
2733 1548 2860 1589 om-

659 1631 785 1707 nia,
825 1630 1510 1710 Constantinopolitani,
1542 1635 1604 1691 et
1634 1630 1900 1691 Romani
1917 1629 2258 1710 privile-qia
2282 1641 2348 1702 ¹¹,-
2395 1630 2635 1692 frustra
2662 1630 2864 1693 recla-

658 1731 987 1795 mantibus
1034 1731 1125 1795 ibi
1170 1732 1430 1815 Legatis
1475 1732 1825 1796 Romanis:
1871 1731 2113 1795 frustra
2157 1738 2323 1814 post,
2373 1732 2668 1795 Romano
2719 1731 2862 1815 ipso

659 1835 970 1897 Pontifice
1001 1833 1171 1916 apud
1188 1836 1559 1916 Augustum
1576 1844 1619 1913 ¹,
1644 1836 2008 1918 Augustam
2026 1844 2068 1912 ⁸,
2100 1834 2482 1898 Anatolium
2505 1833 2544 1912 ²,
2577 1856 2692 1918 per
2714 1834 2861 1898 lite-

658 1959 761 1999 ras
794 1959 938 2000 suas
967 1936 1429 2000 intercedente.
1512 1939 1669 2001 Non
1691 1938 1782 2002 ibi
1806 1938 2073 2021 supplex
2093 1937 2409 2021 quispiam
2431 1959 2671 2001 nomen
2697 1939 2862 2001 Leo-

658 2039 758 2101 nis
777 2040 1040 2101 Concilii
1062 2040 1295 2102 nomini
1319 2041 1690 2120 anteposuit,
1724 2048 1837 2104 aut
1867 2041 2287 2104 Universalem
2308 2041 2863 2123 Arckiepiscopum

658 2142 908 2224 scripsit
928 2168 946 2219 3
981 2164 1107 2225 quo
1136 2143 1411 2226 aequiore
1440 2149 1735 2207 uteretur
1761 2169 1774 2207 ς
1811 2144 2038 2208 Patres
2068 2166 2311 2223 omneS,
2345 2145 2611 2208 Patrum
2645 2153 2711 2208 et
2740 2145 2863 2228 ipsi

656 2245 940 2327 vestigiis
970 2245 1381 2324 inhaerenteS,
1405 2247 1864 2311 Gloriosissimi
1889 2269 2142 2331 quoque
2166 2249 2206 2311 J
2216 2247 2450 2327 udices,
2482 2249 2863 2312 decernendo

660 2358 726 2412 et
767 2348 1109 2429 definiendo
1156 2357 1543 2429 statuemnt,
1586 2348 1893 2436 ὁρίζομεν,
1939 2348 2388 2436 ψηφιζόμεθα,
2419 2353 2866 2434 eoeoequandam

658 2453 868 2516 Romoe
903 2455 1515 2536 Constantinopolim,
1558 2461 1752 2539 atque
1782 2462 1877 2534 ut,
1922 2454 1995 2517 in
2035 2455 2249 2537 Regni
2293 2456 2463 2534 sede,
2499 2456 2764 2534 Senatu,
2798 2463 2866 2520 et

661 2558 820 2636 aliis,
853 2558 964 2637 sic,
998 2566 1063 2622 et
1106 2560 1177 2621 in
1216 2559 1493 2642 negotiis
1533 2558 2019 2638 Ecclesiastici8‚
2055 2559 2323 2642 perinde
2366 2567 2443 2624 ut
2487 2581 2629 2622 eam
2660 2561 2866 2624 hono-

661 2662 950 2741 randam,
981 2663 1173 2746 idque
1217 2664 1427 2747 ipsum
1456 2663 1763 2746 vigesimo
1808 2671 2032 2727 octavo
2062 2664 2326 2727 Canone
2375 2664 2863 2746 consignarunt.

663 2769 819 2831 Non
842 2769 995 2831 hinc
1030 2769 1286 2851 quidem
1317 2770 1633 2851 colliyitur
1663 2770 1990 2831 Primatus
2008 2793 2029 2831 .·
2078 2767 2422 2851 dissipatur
2449 2768 2680 2851 potiuS.

728 2903 910 2952 Exstat
943 2903 1172 2966 Epistola
1206 2905 1360 2953 totius
1384 2904 1600 2954 Concilii
1623 2941 1634 2953 .
1660 2941 1672 2953 .
1697 2940 1709 2952 .
1732 2903 1796 2953 ad
1829 2904 2047 2953 eundem
2073 2902 2311 2964 Leonem,
2334 2903 2423 2954 ubi
2447 2940 2459 2952 .
2484 2940 2495 2953 .
2522 2938 2536 2952 .
2560 2902 2754 2964 dicunt,
2780 2942 2792 2953 .
2820 2940 2834 2954 .
2855 2942 2868 2954 .

792 2992 805 3012 ‘
823 2986 1071 3035 Omnibus
1096 2987 1356 3050 Episcopis
1378 2988 1711 3049 congregatis,
1735 2992 1792 3035 tu
1808 3024 1819 3035 .
1850 3024 1862 3037 .
1885 3023 1898 3035 .
1922 2988 2054 3036 sicut
2070 2986 2313 3036 membris
2335 2992 2486 3049 caput
2508 2988 2759 3049 praeeras!
2783 3024 2794 3035 .
2822 3026 2833 3035 .
2852 3024 2866 3036 .

792 3065 923 3114 Item
947 3101 960 3113 .
984 3103 996 3115 .
1021 3104 1034 3116 .
1060 3074 1073 3094 ⁴
1099 3068 1193 3117 Cui
1215 3069 1377 3117 vineae
1409 3068 1638 3118 custodia
1658 3083 1688 3117 a
1719 3068 1976 3119 Salvatore
1999 3069 2269 3118 commissa
2296 3071 2373 3118 est
2384 3068 2440 3116 ¹¹.'
2460 3105 2472 3117 .
2496 3103 2511 3116 .
2536 3103 2549 3116 .
2576 3067 2678 3116 Ubi
2711 3068 2870 3117 saten-

726 3275 747 3304 ¹²
792 3265 946 3330 [vide
985 3267 1134 3316 Cone.
1168 3266 1334 3316 Chalc.
1376 3267 1490 3316 Act.
1528 3270 1631 3317 xvi.
1649 3296 1713 3304 —
1800 3269 2214 3332 xeneam—Cone.
2252 3267 2420 3318 Chalc.
2455 3268 2574 3318 Can.
2616 3269 2869 3318 xxviii.—

663 3331 809 3381 Conc.
836 3335 958 3379 tom.
977 3333 1042 3381 iv.
1075 3333 1168 3381 col.
1194 3332 1463 3396 791-820.]
1804 3336 1953 3384 Cone.
1978 3336 2185 3392 tom.‚iv.
2211 3334 2302 3384 col.
2329 3335 2355 3384 7
2363 3336 2438 3385 70.
2463 3336 2527 3382 A.
2548 3332 2627 3397 B.]

727 3406 748 3435 ‘¹
786 3397 1072 3460 [Πανταχοῢ
1092 3399 1193 3447 τοῖς
1215 3399 1312 3445 τῶν
1333 3397 1479 3458 ἁγίων
1500 3397 1718 3461 πατέρων
1869 3408 1887 3432 ¹’
1916 3399 1983 3464 [S.
2003 3400 2155 3448 Leon.
2172 3398 2304 3461 Mag.
2326 3399 2418 3462 Bp.
2436 3399 2531 3447 civ.
2555 3398 2598 3447 O
2637 3435 2666 3457 .,
2685 3402 2814 3448 tom.
2832 3398 2866 3447 i.

663 3462 784 3523 ὅροις
807 3460 1040 3522 ἑπόμενοι,
1073 3462 1263 3511 καὶτὸν
1283 3461 1448 3525 ἀρτίως
1470 3464 1716 3523 ἂναγνωσ-
1804 3464 1917 3514 0011.
1944 3463 2408 3527 1143-1154.-Ερ.
2432 3478 2541 3512 cxv.
2580 3463 2600 3511 I
2643 3462 2710 3511 id.
2749 3465 2865 3512 coll.

665 3526 809 3576 θέντα
849 3527 1026 3577 κανόνα
1069 3528 1168 3576 τῶν
1218 3524 1287 3591 pol
1333 3527 1721 3589 θεοφιλεστάτων
1809 3532 1930 3578 1201
1944 3529 2277 3592 -1204.—Ep.
2317 3528 2527 3578 cxxviii.
2576 3527 2702 3577 ibid.
2749 3528 2869 3577 coll.

665 3591 934 3641 ἐπισκόπων
976 3592 1297 3657 γνωρίζοντες,
1350 3594 1415 3642 τὰ
1469 3594 1589 3643 αὐτὰ
1643 3596 1721 3642 καὶ
1810 3595 1952 3651 1249,
1982 3592 2149 3656 1250]

662 3659 799 3716 ἡμεῖς
829 3660 855 3705 ό
885 3657 1044 3719 ίζομεν
1065 3659 1142 3707 καὶ
1171 3655 1467 3720 ψηφιζόμεθα
1498 3660 1602 3722 περὶ
1625 3662 1725 3707 τῶν
1874 3667 1892 3690 ¹
1926 3658 1996 3723 [S.
2015 3657 2164 3707 Leon.
2182 3657 2317 3721 Mag.
2341 3657 2433 3723 Bp.
2458 3672 2532 3708 cv.
2552 3657 2663 3721 Op.,
2685 3660 2814 3707 tom.
2829 3659 2868 3706 i.

662 3677 926 3784 πρεσβείων
937 3723 1024 3781 τῆς
1040 3722 1309 3784 ἁγιωτάτης
1325 3722 1584 3783 ἐκκλησίας
1601 3732 1722 3773 Κων·
1808 3722 1920 3774 coll.
1946 3728 2001 3772 11
2012 3725 2246 3773 53-1158.

665 3786 1118 3847 σταντινουπόλεως,
1153 3785 1262 3837 νέας
1296 3788 1491 3847 Ῥώμην
1514 3789 1595 3837 καὶ
1623 3790 1721 3851 γὰρ
1872 3791 1889 3821 ⁸
1923 3788 1990 3852 [S.
2019 3787 2170 3837 Leon.
2265 3796 2342 3848 ας.
2367 3786 2408 3836 E
2447 3824 2459 3836 .
2481 3787 2574 3836 cvi.
2604 3786 2716 3849 Op„
2740 3790 2868 3836 tom.

663 3853 731 3913 τῷ
750 3850 894 3914 θρόνῳ
908 3855 996 3911 τῆς
1010 3850 1335 3917 πρεσβυτέρας
1351 3851 1545 3913 Ῥώμης,
1571 3854 1646 3901 διὰ
1663 3853 1724 3902 τὸ
1808 3853 1841 3902 i.
1883 3854 1995 3903 coll.
2024 3803 2490 3916 1157-1170.—li¹p.
2515 3866 2698 3901 cxxxv.
2737 3851 2867 3901 ibid.

664 3916 945 3972 βασιλεύειν
965 3917 1057 3974 τὴν
1070 3916 1214 3966 πόλιν
1233 3918 1431 3978 ἐκείνην,
1449 3918 1494 3966 ol
1516 3917 1721 3982 πατέρες
1809 3918 1922 3968 coll.
1948 3917 2092 3977 1277,
2110 3916 2275 3982 1278]

666 3979 859 4031 εἰκότως
890 3980 1217 4031 ἀποδεδώκασι
1236 3985 1298 4034 τὰ
1322 3986 1569 4045 πρεσβεῖα.
1628 3985 1722 4032 Καὶ
1873 3991 1897 4013 “
1932 3980 2043 4047 [Ὧν
2065 3983 2127 4031 σύ
2150 3982 2329 4042 pineis
2350 3981 2542 4044 κεφαλὴ
2556 3983 2731 4042 μελῶν,
2746 3980 2868 4041 ἡγε-

664 4050 733 4107 τῲ·
766 4049 893 4109 αὐτῷ’
912 4048 1075 4109 σκοπῷ
1105 4046 1366 4109 κινούμενοι
1398 4049 1443 4096 οἱ
1478 4046 1547 4111 ρν’
1571 4053 1724 4110 θεοφι·
1810 4045 2006 4108 μόνευες
2029 4049 2081 4096 ἐν
2114 4050 2216 4096 τοῖς
2237 4046 2330 4107 τὴν
2351 4048 2444 4105 σὴν
2465 4047 2601 4109 τάξιν
2618 4046 2870 4108 δπέχονσι,

665 4110 899 4161 λέστατοι
962 4111 1208 4161 ἐπίσκοποι
1258 4114 1320 4163 τὰ
1364 4114 1449 4162 ἴσα
1490 4117 1727 4176 πρεσβεῖα
1809 4111 1901 4169 τὴν
1915 4112 2097 4160 εὔνοιαν
2116 4109 2505 4172 ἐπιδεικνύμενος.
2529 4147 2542 4159 .
2567 4148 2579 4160 .
2602 4146 2616 4160 .
2643 4112 2735 4160 Καὶ
2751 4112 2870 4174 πρὸς

666 4175 923 4236 ἀπένειμαν
943 4180 1013 4239 τῷ
1033 4180 1120 4237 τῆς
1141 4178 1249 4228 νέας
1277 4176 1452 4238 Ῥώμης
1475 4177 1726 4239 ἁγιωτάτῳ
1810 4179 1994 4226 τούτοις
2029 4176 2218 4236 ἅπασιν,
2255 4175 2327 4224 ἔτι
2362 4178 2440 4225 καὶ
2472 4177 2582 4226 κατ’
2615 4176 2759 4224 αὐτοῦ
2779 4179 2871 4225 τοῦ

666 4240 826 4302 θρόνῳ,
850 4240 1062 4302 εὐλόγως
1095 4241 1352 4306 κρίναντες,
1387 4244 1478 4301 τὴν
1497 4244 1727 4307 βασιλείᾳ
1812 4244 1900 4301 τῆς
1943 4239 2160 4302 ἀμπέλου
2209 4240 2304 4300 τήν
2345 4240 2569 4305 φυλακὴν
2609 4241 2737 4303 παρὰ
2779 4243 2869 4293 τοῦ

665 4308 743 4353 καὶ
766 4307 1026 4368 συγκλήτῳ
1046 4311 1321 4367 τιμηθεῖσαν
1341 4304 1500 4365 πόλιν,
1526 4308 1604 4356 καὶ
1628 4309 1722 4356 τῶν
1809 4309 2024 4366 Σωτῆρος
2083 4304 2485 4369 ἐπιτετραμμένον
2545 4305 2640 4365 τὴν
2695 4306 2869 4364 μανίαν

665 4370 779 4416 ἴσων
802 4371 1135 4420 ἀπολαύουσαν
1166 4372 1433 4435 πρεσβείων
1470 4374 1535 4436 τῇ
1571 4392 1718 4434 πρεσ-
1810 4369 2030 4433 ἐξέτεινε·
2053 4371 2262 4431 λε’γομεν
2283 4369 2357 4429 δὴ,
2379 4370 2467 4427 τῆς
2488 4372 2577 4429 σῆς
2599 4368 2868 4427 ὁσιότητος.

664 4431 844 4496 βυτέρᾳ
856 4437 1070 4488 βασιλίδι
1087 4435 1251 4496 Ῥώμη,
1267 4439 1343 4486 καὶ
1363 4439 1415 4487 ἐν
1428 4440 1531 4487 τοῖς
1551 4438 1722 4496 ε’κκλη-
1808 4435 2034 4498 —Epist.
2053 4434 2200 4485 Cone.
2222 4435 2388 4485 Chalc.
2413 4435 2477 4484 ad
2493 4434 2642 4485 Leon.
2660 4433 2864 4495 Papam.

663 4501 942 4556 σιαστικοῗς,
999 4502 1059 4547 ὠς
1116 4491 1318 4559 ἐκείνην,
1370 4501 1724 4561 μεγαλύνεσθαι
1809 4500 2024 4550 —Conc.
2051 4500 2218 4549 Chalc.
2244 4515 2347 4563 par.
2367 4500 2440 4549 iii.
2465 4514 2571 4562 cap.
2592 4498 2864 4547 ii0—Conc.

662 4558 922 4621 πράγμασι,
959 4561 1181 4624 δευτέραν
1214 4567 1320 4624 μετ’
1362 4567 1548 4623 ἐκείνην
1587 4566 1723 4630 ἀπάρ·
1812 4570 1932 4616 tom.
1955 4566 2023 4615 iv.
2044 4566 2160 4615 coll.
2182 4567 2294 4616 834.
2314 4565 2376 4615 D.
2403 4567 2513 4615 836.
2531 4562 2615 4627 A.]
