3165 4959
943 342 1306 390 stomoma
1352 345 1717 395 maronem.
2302 335 2427 396 451

221 494 463 573 omnia,
505 503 572 558 et
615 496 797 580 siqua
834 497 1208 580 opinionum
1249 499 1520 563 varietas
1564 508 1682 578 est,
1730 501 1810 564 ad
1854 505 2155 566 unitatem
2190 503 2428 566 reduci.

218 597 522 660 Arbitros
578 620 712 661 non
763 598 1150 682 refugimus:
1221 601 1331 664 sed
1383 603 1694 666 arbitrum
1750 612 2031 669 vestrum
2090 606 2273 669 illum
2333 606 2433 669 sui

218 701 521 779 Arbitrii,
572 722 735 785 saepe
778 723 913 764 non
964 704 1348 785 Theoloywn,
1396 704 1725 770 interdum
1765 729 1886 771 nec
1921 709 2429 787 Grammaticum,

219 804 456 887 cuique
486 826 748 867 exosum
778 805 1109 869 interdum
1138 828 1355 869 nomen
1383 808 1741 872 Academioe
1761 808 1808 874 ¹².
1902 811 2218 892 Synodum
2253 820 2432 894 opta-

221 928 384 984 m08‚
418 917 485 969 at
514 929 647 970 non
679 909 934 991 qualem
964 930 1171 992 nuper
1199 910 1496 974 Tridenti
1524 912 1819 991 vidimus,
1851 913 1963 977 ubi
1991 935 2186 997 penes
2214 914 2433 992 Italos,

220 996 418 1092 atqne
444 1010 755 1073 mulares
776 1011 1017 1093 (nescio
1046 1012 1225 1095 quos)
1265 1034 1513 1097 semper
1543 1015 1990 1099 suffragiorum
2019 1037 2164 1100 pars
2192 1018 2431 1101 maior:

220 1112 337 1175 ubi
368 1112 534 1175 nihil
561 1134 677 1196 per
705 1134 927 1195 graves
961 1114 1107 1177 illos
1134 1114 1434 1178 Arbitros
1478 1116 1737 1180 decerni
1780 1119 2011 1200 potuit,
2044 1127 2194 1183 ante
2226 1140 2437 1182 accer-

220 1214 422 1277 situm
468 1236 582 1297 per
620 1215 999 1293 veredari05‚
1049 1227 1243 1299 atque
1286 1219 1733 1282 transmissum
1782 1220 1863 1284 ad
1913 1221 2057 1284 illos
2111 1223 2317 1285 Roma
2363 1222 2433 1283 in

228 1317 605 1380 Tabellionis
683 1320 967 1383 mantica
1029 1321 1343 1404 Spiritum
1405 1323 1719 1385 Sanctum
1735 1332 1778 1385 ⁰.
1870 1323 2039 1386 Date
2114 1324 2434 1407 legitimos

220 1421 540 1499 Arbitros,
571 1422 642 1483 in
674 1423 804 1486 loco
836 1424 1046 1502 libero,
1078 1426 1271 1507 eequis
1301 1425 1580 1507 leyibus5
1628 1447 1748 1489 nec
1777 1426 1902 1490 erit
1930 1426 2082 1505 ulla,
2116 1427 2185 1488 in
2225 1427 2430 1506 nobiS,

220 1545 426 1587 mora.

288 1675 477 1726 Nonne
497 1713 510 1726 .
536 1714 548 1727 .
573 1715 585 1726 .
613 1676 892 1727 Lutherani
919 1679 1116 1741 experti
1141 1682 1274 1741 sunt,
1297 1679 1354 1728 in
1377 1679 1646 1729 discordiis
1665 1680 1980 1742 gravissimis
2001 1680 2064 1729 de
2082 1694 2279 1730 summa
2311 1679 2432 1730 fidei

354 1772 409 1807 se
434 1758 751 1808 concordiam
773 1759 960 1808 fmstra
981 1763 1202 1808 tentasse
1213 1759 1448 1825 i—[Ben.
1465 1760 1616 1823 Apol.
1637 1775 1729 1824 pro
1753 1759 1926 1826 Besa]
1951 1776 2003 1824 p.
2021 1763 2129 1811 186.
2155 1759 2289 1824 [Op.,
2309 1766 2430 1810 tom.

354 1840 442 1888 vii.
466 1839 558 1889 col.
583 1842 695 1890 808.
723 1839 803 1903 B.]

314 1956 357 2017 J
359 1976 482 2032 am,
516 1976 657 2037 quae
686 1976 801 2038 per
833 1956 1246 2018 Germaniam
1276 1957 1669 2040 superiorem
1708 1958 2010 2022 Ecclesiae
2057 1967 2226 2034 sunt,
2274 1980 2429 2040 quas
2456 1975 2543 2039 [Et
2567 1975 2689 2024 Con-

218 2057 415 2134 inter,
448 2079 578 2120 non
611 2066 722 2119 aut
745 2059 1152 2140 yravissimoe,
1186 2066 1297 2121 aut
1328 2060 1404 2121 de
1431 2080 1669 2122 aumma
1695 2060 1875 2141 fidei,
1909 2061 2236 2123 discordie&
2263 2068 2425 2137 sunt,
2453 2041 2701 2154 ΐὲὲῗωκε,

225 2160 445 2241 (nimis
487 2161 626 2224 haec
669 2161 985 2224 rhetorice
1033 2163 1441 2245 exaggeravit
1470 2163 1852 2245 Cardinalis)
1893 2164 2024 2238 scd,
2067 2186 2207 2247 quae
2254 2173 2423 2242 sunt,
2453 2170 2622 2232 form-J

221 2262 302 2326 de
362 2283 495 2326 non
554 2263 775 2345 magni
818 2263 1130 2326 momenti
1176 2264 1367 2328 rebus
1415 2273 1602 2342 sunt3
1651 2287 1948 2349 quasque,
1997 2266 2050 2327 si
2111 2268 2428 2347 Synodum

219 2386 483 2429 cernere
513 2366 791 2444 daretur,
841 2365 1139 2449 (necdum
1187 2366 1360 2429 enim
1408 2368 1700 2447 Synodus
1742 2368 1877 2429 ulla
1915 2368 2087 2430 inter
2115 2369 2431 2432 Ecclesiae

216 2469 621 2553 reformatas)
661 2469 832 2534 bona
860 2492 1000 2555 spes
1031 2477 1128 2535 est
1157 2470 1484 2534 conciliari
1512 2492 1712 2554 posse.

285 2623 502 2673 Desinat
521 2638 641 2686 ergo
665 2623 773 2674 Rex
805 2625 1057 2674 unitatem
1075 2637 1298 2687 quaerere
1320 2623 1532 2688 spiritus
1552 2623 1687 2687 apud
1712 2638 1810 2682 eoa,
1834 2625 1922 2688 qui
1946 2625 2130 2688 spiritu
2154 2624 2428 2676 contradic-

351 2705 509 2754 tionis
528 2704 899 2771 pleni.—[Bell.
920 2706 1070 2770 Apol.
1088 2720 1179 2770 pro
1203 2704 1381 2769 Resp]
1406 2720 1455 2769 p.
1477 2708 1592 2757 185.
1614 2705 1750 2770 [Op.,
1770 2710 1895 2756 tom.
1916 2707 2004 2755 vii.
2029 2707 2121 2756 col.
2146 2709 2256 2757 808.
2283 2706 2363 2772 Β.]

305 2820 594 2885 Vobisne
624 2842 776 2904 ergo
806 2823 1010 2885 litium
1025 2821 1185 2903 finis
1212 2822 1450 2900 statim,
1485 2821 1566 2885 ab
1596 2821 1845 2886 incluso
1875 2823 2139 2885 Arbitro
2167 2825 2424 2886 vestro?
2455 2830 2739 2907 [Unitatpm

217 2927 316 2988 At
344 2945 457 2986 vos
496 2944 644 2987 cnm
672 2925 938 2987 Arbitro
968 2925 1080 2987 illo
1108 2933 1319 2988 vestro
1348 2932 1485 2987 tam
1515 2932 1693 2988 certo
1729 2924 1863 3007 (qui
1907 2926 2428 2988 contradictiones
2454 2896 2758 3008 ffissffssfflm

217 3033 464 3090 vestras
502 3047 725 3090 omnes
762 3048 895 3090 uno
940 3027 1169 3110 spiritu
1212 3027 1456 3090 difflare
1501 3028 1763 3110 posset),
1804 3028 2034 3108 spirim
2074 3029 2427 3091 contradic·
2452 3025 2573 3072 bent
2599 3024 2689 3082 130-

219 3130 415 3193 tionis
430 3131 608 3210 pleni
636 3140 856 3192 tamen
882 3130 1052 3193 entia.
1135 3130 1298 3206 Nec,
1327 3152 1411 3192 an
1447 3132 1696 3194 Christo
1728 3132 2064 3195 dominium
2095 3132 2429 3213 temporale
2451 3088 2747 3152 maneum]

200 3232 456 3314 fico-it,-
504 3254 589 3295 an
618 3232 814 3313 Papae
843 3233 1033 3295 etiam
1061 3233 1253 3294 ullum
1286 3233 1431 3313 (non
1450 3234 1549 3295 illi
1579 3234 1875 3297 donatum
1906 3255 1946 3295 a
1975 3235 2267 3315 Caesare)‚
2299 3235 2429 3296 ulla

218 3336 290 3397 in
330 3336 597 3397 oliorum
631 3335 998 3416 Principum
1039 3337 1408 3416 temporalia
1426 3343 1715 3417 potestas
1742 3339 1892 3418 ejus,
1926 3343 1987 3400 et
2026 3359 2197 3419 quoe,·
2239 3338 2429 3418 impe-

219 3445 401 3502 retne
430 3459 514 3501 an
540 3444 776 3519 pareat
812 3439 1085 3501 Concilio
1112 3466 1130 3499 .-
1166 3440 1451 3520 possitne
1483 3441 1553 3502 in
1587 3443 1936 3521 praemissis
1982 3462 2219 3519 mare,
2266 3448 2325 3503 et
2362 3443 2430 3504 in
2539 3443 2667 3505 327

227 3540 632 3602 conclusione
676 3546 883 3603 tamen
911 3561 1094 3602 verus
1121 3561 1253 3604 esse
1278 3568 1296 3603 .·
1333 3548 1622 3622 potestas
1663 3544 1761 3604 illi
1806 3564 1890 3605 an
1929 3564 1970 3605 a
2017 3543 2152 3606 Deo
2198 3545 2429 3616 veniat,

221 3665 309 3706 an
327 3665 367 3705 a
391 3644 822 3706 Cardinalium
846 3649 1001 3707 coetu
1024 3645 1301 3727 eligente,
1329 3645 1503 3708 idem
1534 3645 1786 3708 sentitis
1816 3665 2039 3708 omnes
2067 3644 2168 3708 vel
2197 3645 2428 3709 dicitis.

223 3747 325 3810 Ut
373 3747 639 3830 perinde
699 3747 782 3811 sit
828 3748 1091 3810 Arbitro
1141 3748 1260 3811 tali
1319 3769 1553 3825 carere,
1617 3753 1809 3829 atque
1859 3747 2007 3824 frui,
2058 3747 2169 3830 qui
2231 3747 2433 3830 (quasi

221 3857 487 3913 mutum
514 3850 798 3933 Idolum)
837 3851 1093 3934 tepidus
1120 3858 1187 3916 et
1227 3858 1447 3915 tacens
1493 3851 1695 3927 sedet,
1727 3871 1874 3913 cum
1905 3851 2042 3914 haec
2085 3850 2181 3913 illi
2215 3850 2436 3913 omnia

218 3956 292 4017 in
337 3954 572 4016 scrinio
605 3955 886 4034 pectoris
906 3953 954 4031 ‘¹,
985 3955 1158 4018 unde
1205 3961 1533 4038 expromat
1563 3953 1804 4031 statim,
1837 3975 1985 4018 cum
2014 3954 2309 4017 Minerva
2338 3955 2433 4017 illi

217 4058 295 4121 in
324 4057 593 4120 cerebro.
657 4057 745 4120 Et
775 4057 931 4120 sinit
959 4079 1069 4120 vos
1098 4065 1318 4121 tamen
1350 4057 1542 4140 (quod
1571 4057 1842 4139 culpatis
1870 4057 1942 4120 in
1968 4057 2185 4142 nobis)
2216 4058 2435 4138 Scrip-

220 4167 423 4238 turas,
449 4168 640 4243 atque
665 4159 825 4224 adeo
843 4161 1076 4224 Patres
1094 4162 1309 4239 etiam,
1322 4182 1447 4242 pro
1471 4161 1739 4223 arbitrio
1762 4166 1986 4239 vestro,
2011 4161 2100 4223 ad
2118 4163 2434 4243 opiniones

218 4272 466 4329 vestras
495 4265 880 4347 detorquere.

288 4434 312 4467 ὓ
346 4435 508 4500 [Paul.
524 4435 592 4484 11.
612 4435 746 4485 Vide
764 4435 889 4486 Plat.
908 4435 962 4484 in
981 4435 1118 4485 vitis
1142 4435 1288 4485 Pont.
1441 4444 1461 4466 ⁶
1496 4436 1653 4564 [Vide
1673 4451 1838 4499 supra.
1861 4451 1908 4499 p.
1930 4438 2038 4487 147.
2061 4442 2165 4486 not.
2190 4435 2228 4484 ¹³.

218 4517 272 4565 p.
298 4499 438 4563 338]
961 4507 970 4512 ’
1442 4499 1463 4529 ‘¹
1524 4501 1656 4550 vnde
1681 4517 1844 4564 supra,
1869 4516 1917 4564 p.
1945 4504 2053 4552 153.
2079 4507 2181 4551 not.
2204 4512 2237 4551 ².

1760 4588 1956 4647 <302
