<?xml version="1.0" encoding="UTF-8"?>
<!DOCTYPE html PUBLIC "-//W3C//DTD XHTML 1.0 Transitional//EN"
    "http://www.w3.org/TR/xhtml1/DTD/xhtml1-transitional.dtd">
<html xmlns="http://www.w3.org/1999/xhtml" xml:lang="en" lang="en">
 <head>
  <title>
</title>
<meta http-equiv="Content-Type" content="text/html;charset=utf-8" />
  <meta name='ocr-system' content='tesseract 3.04.00' />
  <meta name='ocr-capabilities' content='ocr_page ocr_carea ocr_par ocr_line ocrx_word'/>
</head>
<body>
  <div class='ocr_page' id='page_1' title='image "./responsioadapol01andrgoog_0334.png"; bbox 0 0 3165 4959; ppageno 0'>
   <div class='ocr_carea' id='block_1_1' title="bbox 731 335 2316 398">
    <p class='ocr_par' dir='ltr' id='par_1_1' title="bbox 731 335 2316 398">
     <span class='ocr_line' id='line_1_1' title="bbox 731 335 2316 398; baseline -0.008 -1"><span class='ocrx_word' id='word_1_1' title='bbox 731 335 862 398; x_wconf 84' lang='grc'>298</span> <span class='ocrx_word' id='word_1_2' title='bbox 1359 345 1444 393; x_wconf 76' lang='lat' dir='ltr'>An</span> <span class='ocrx_word' id='word_1_3' title='bbox 1491 340 1873 392; x_wconf 56' lang='lat' dir='ltr'>emmam</span> <span class='ocrx_word' id='word_1_4' title='bbox 1915 338 2316 387; x_wconf 66' lang='lat' dir='ltr'>ammi</span> 
     </span>
    </p>
   </div>
   <div class='ocr_carea' id='block_1_2' title="bbox 730 494 2953 1571">
    <p class='ocr_par' dir='ltr' id='par_1_2' title="bbox 730 494 2953 1199">
     <span class='ocr_line' id='line_1_2' title="bbox 731 494 2944 574; baseline -0.003 -10"><span class='ocrx_word' id='word_1_5' title='bbox 731 503 900 565; x_wconf 88' lang='lat' dir='ltr'>facto</span> <span class='ocrx_word' id='word_1_6' title='bbox 949 498 1268 562; x_wconf 90' lang='lat' dir='ltr'>inducunt</span> <span class='ocrx_word' id='word_1_7' title='bbox 1314 519 1431 561; x_wconf 91' lang='lat' dir='ltr'>nos</span> <span class='ocrx_word' id='word_1_8' title='bbox 1485 497 1558 559; x_wconf 93' lang='lat' dir='ltr'>in</span> <span class='ocrx_word' id='word_1_9' title='bbox 1608 516 1909 573; x_wconf 88' lang='lat' dir='ltr'>errorem,</span> <span class='ocrx_word' id='word_1_10' title='bbox 1952 500 2030 557; x_wconf 91' lang='lat' dir='ltr'>ut</span> <span class='ocrx_word' id='word_1_11' title='bbox 2070 494 2112 555; x_wconf 89' lang='lat' dir='ltr'><strong>J</strong></span> <span class='ocrx_word' id='word_1_12' title='bbox 2117 494 2389 558; x_wconf 89' lang='lat' dir='ltr'>acobum</span> <span class='ocrx_word' id='word_1_13' title='bbox 2435 494 2529 558; x_wconf 92' lang='lat' dir='ltr'>ibi</span> <span class='ocrx_word' id='word_1_14' title='bbox 2573 495 2944 574; x_wconf 74' lang='lat' dir='ltr'>Praesidem,</span> 
     </span>
     <span class='ocr_line' id='line_1_3' title="bbox 731 596 2949 685; baseline -0.002 -18"><span class='ocrx_word' id='word_1_15' title='bbox 731 625 865 667; x_wconf 91' lang='lat' dir='ltr'>non</span> <span class='ocrx_word' id='word_1_16' title='bbox 896 605 1164 667; x_wconf 89' lang='lat' dir='ltr'>Petrum</span> <span class='ocrx_word' id='word_1_17' title='bbox 1195 608 1496 685; x_wconf 89' lang='lat' dir='ltr'>putemus</span> <span class='ocrx_word' id='word_1_18' title='bbox 1521 626 1534 663; x_wconf 93' lang='lat'><strong>:</strong></span> <span class='ocrx_word' id='word_1_19' title='bbox 1585 621 1732 663; x_wconf 89' lang='lat' dir='ltr'>cum</span> <span class='ocrx_word' id='word_1_20' title='bbox 1763 599 1805 662; x_wconf 88' lang='lat' dir='ltr'><strong>J</strong></span> <span class='ocrx_word' id='word_1_21' title='bbox 1810 597 1992 661; x_wconf 88' lang='lat' dir='ltr'>acobi</span> <span class='ocrx_word' id='word_1_22' title='bbox 2032 596 2194 675; x_wconf 77' lang='lat'>1000,</span> <span class='ocrx_word' id='word_1_23' title='bbox 2225 618 2360 660; x_wconf 89' lang='lat' dir='ltr'>non</span> <span class='ocrx_word' id='word_1_24' title='bbox 2388 598 2585 677; x_wconf 87' lang='lat' dir='ltr'>Petri,</span> <span class='ocrx_word' id='word_1_25' title='bbox 2619 601 2949 662; x_wconf 87' lang='lat' dir='ltr'>sententia</span> 
     </span>
     <span class='ocr_line' id='line_1_4' title="bbox 730 699 2945 786; baseline -0.002 -16"><span class='ocrx_word' id='word_1_26' title='bbox 730 707 883 772; x_wconf 88' lang='lat' dir='ltr'>ferri</span> <span class='ocrx_word' id='word_1_27' title='bbox 928 708 1164 770; x_wconf 80' lang='lat' dir='ltr'><strong>soleat:</strong></span> <span class='ocrx_word' id='word_1_28' title='bbox 1212 706 1343 783; x_wconf 91' lang='lat' dir='ltr'>sed,</span> <span class='ocrx_word' id='word_1_29' title='bbox 1377 704 1457 768; x_wconf 92' lang='lat' dir='ltr'>de</span> <span class='ocrx_word' id='word_1_30' title='bbox 1488 703 1769 766; x_wconf 79' lang='lat' dir='ltr'>Praeside</span> <span class='ocrx_word' id='word_1_31' title='bbox 1800 699 2105 786; x_wconf 92' lang='lat' dir='ltr'>quicquid</span> <span class='ocrx_word' id='word_1_32' title='bbox 2137 700 2242 777; x_wconf 91' lang='lat' dir='ltr'>sit,</span> <span class='ocrx_word' id='word_1_33' title='bbox 2273 701 2345 763; x_wconf 90' lang='lat' dir='ltr'>in</span> <span class='ocrx_word' id='word_1_34' title='bbox 2373 702 2641 765; x_wconf 80' lang='lat' dir='ltr'>Decreta</span> <span class='ocrx_word' id='word_1_35' title='bbox 2682 723 2945 784; x_wconf 89' lang='lat' dir='ltr'>ponun-</span> 
     </span>
     <span class='ocr_line' id='line_1_5' title="bbox 730 805 2950 894; baseline -0.002 -20"><span class='ocrx_word' id='word_1_36' title='bbox 730 818 842 874; x_wconf 88' lang='lat' dir='ltr'>tur</span> <span class='ocrx_word' id='word_1_37' title='bbox 891 810 1254 894; x_wconf 87' lang='lat' dir='ltr'>promiscua</span> <span class='ocrx_word' id='word_1_38' title='bbox 1300 829 1454 872; x_wconf 88' lang='lat' dir='ltr'>voce</span> <span class='ocrx_word' id='word_1_39' title='bbox 1496 808 1788 889; x_wconf 79' lang='lat' dir='ltr'>Apostoli</span> <span class='ocrx_word' id='word_1_40' title='bbox 1836 805 2027 868; x_wconf 86' lang='lat' dir='ltr'>simul</span> <span class='ocrx_word' id='word_1_41' title='bbox 2068 825 2273 867; x_wconf 78' lang='lat' dir='ltr'>omnes</span> <span class='ocrx_word' id='word_1_42' title='bbox 2293 832 2312 866; x_wconf 90' lang='lat'>.·</span> <span class='ocrx_word' id='word_1_43' title='bbox 2377 806 2579 887; x_wconf 77' lang='lat' dir='ltr'>Caput</span> <span class='ocrx_word' id='word_1_44' title='bbox 2621 827 2950 889; x_wconf 84' lang='lat' dir='ltr'><strong>nusquam</strong></span> 
     </span>
     <span class='ocr_line' id='line_1_6' title="bbox 735 907 2953 998; baseline -0.002 -20"><span class='ocrx_word' id='word_1_45' title='bbox 735 922 1081 998; x_wconf 89' lang='lat' dir='ltr'>comparet,</span> <span class='ocrx_word' id='word_1_46' title='bbox 1132 934 1449 996; x_wconf 83' lang='lat' dir='ltr'>nusquam</span> <span class='ocrx_word' id='word_1_47' title='bbox 1490 913 1784 974; x_wconf 86' lang='lat' dir='ltr'>Potestas</span> <span class='ocrx_word' id='word_1_48' title='bbox 1826 910 1939 972; x_wconf 90' lang='lat' dir='ltr'>illa</span> <span class='ocrx_word' id='word_1_49' title='bbox 1975 909 2047 972; x_wconf 92' lang='lat' dir='ltr'>in</span> <span class='ocrx_word' id='word_1_50' title='bbox 2086 907 2366 991; x_wconf 90' lang='lat' dir='ltr'>reliquos</span> <span class='ocrx_word' id='word_1_51' title='bbox 2403 910 2768 987; x_wconf 80' lang='lat' dir='ltr'>Ordinaria,</span> <span class='ocrx_word' id='word_1_52' title='bbox 2813 932 2953 973; x_wconf 90' lang='lat' dir='ltr'>una</span> 
     </span>
     <span class='ocr_line' id='line_1_7' title="bbox 737 1011 2950 1096; baseline -0.002 -15"><span class='ocrx_word' id='word_1_53' title='bbox 737 1039 893 1081; x_wconf 85' lang='lat' dir='ltr'>voce</span> <span class='ocrx_word' id='word_1_54' title='bbox 923 1016 1328 1080; x_wconf 83' lang='lat' dir='ltr'>concluditur</span> <span class='ocrx_word' id='word_1_55' title='bbox 1367 1035 1515 1078; x_wconf 89' lang='lat' dir='ltr'>cum</span> <span class='ocrx_word' id='word_1_56' title='bbox 1556 1013 1677 1077; x_wconf 88' lang='lat' dir='ltr'>sibi</span> <span class='ocrx_word' id='word_1_57' title='bbox 1722 1011 2047 1096; x_wconf 87' lang='lat' dir='ltr'>subjectis,</span> <span class='ocrx_word' id='word_1_58' title='bbox 2079 1033 2213 1075; x_wconf 91' lang='lat' dir='ltr'>non</span> <span class='ocrx_word' id='word_1_59' title='bbox 2258 1011 2396 1075; x_wconf 91' lang='lat' dir='ltr'>sine</span> <span class='ocrx_word' id='word_1_60' title='bbox 2442 1012 2680 1096; x_wconf 84' lang='lat' dir='ltr'>injuria</span> <span class='ocrx_word' id='word_1_61' title='bbox 2709 1013 2950 1096; x_wconf 85' lang='lat' dir='ltr'>aliqua.</span> 
     </span>
     <span class='ocr_line' id='line_1_8' title="bbox 733 1116 2249 1199; baseline -0.005 -14"><span class='ocrx_word' id='word_1_62' title='bbox 733 1121 1056 1185; x_wconf 88' lang='lat' dir='ltr'>Nonnihil</span> <span class='ocrx_word' id='word_1_63' title='bbox 1086 1121 1259 1184; x_wconf 90' lang='lat' dir='ltr'>enim</span> <span class='ocrx_word' id='word_1_64' title='bbox 1289 1119 1444 1182; x_wconf 89' lang='lat' dir='ltr'>hinc</span> <span class='ocrx_word' id='word_1_65' title='bbox 1480 1118 1690 1199; x_wconf 74' lang='lat' dir='ltr'>Capiti</span> <span class='ocrx_word' id='word_1_66' title='bbox 1720 1116 2099 1199; x_wconf 87' lang='lat' dir='ltr'>derogatum</span> <span class='ocrx_word' id='word_1_67' title='bbox 2129 1122 2249 1178; x_wconf 86' lang='lat' dir='ltr'>est.</span> 
     </span>
    </p>

    <p class='ocr_par' dir='ltr' id='par_1_3' title="bbox 801 1257 2952 1571">
     <span class='ocr_line' id='line_1_9' title="bbox 801 1257 2952 1325; baseline -0.002 -11"><span class='ocrx_word' id='word_1_68' title='bbox 801 1264 856 1315; x_wconf 84' lang='lat' dir='ltr'>Si</span> <span class='ocrx_word' id='word_1_69' title='bbox 878 1278 943 1314; x_wconf 86' lang='lat' dir='ltr'>ex</span> <span class='ocrx_word' id='word_1_70' title='bbox 975 1262 1200 1313; x_wconf 87' lang='lat' dir='ltr'>hocloco</span> <span class='ocrx_word' id='word_1_71' title='bbox 1222 1262 1395 1324; x_wconf 80' lang='lat' dir='ltr'>colligi</span> <span class='ocrx_word' id='word_1_72' title='bbox 1418 1265 1602 1325; x_wconf 84' lang='lat' dir='ltr'>posset,</span> <span class='ocrx_word' id='word_1_73' title='bbox 1624 1260 1832 1310; x_wconf 87' lang='lat' dir='ltr'>Petrum</span> <span class='ocrx_word' id='word_1_74' title='bbox 1854 1273 1958 1308; x_wconf 91' lang='lat' dir='ltr'>non</span> <span class='ocrx_word' id='word_1_75' title='bbox 1990 1258 2141 1307; x_wconf 82' lang='lat' dir='ltr'>fuisse</span> <span class='ocrx_word' id='word_1_76' title='bbox 2174 1262 2324 1321; x_wconf 87' lang='lat' dir='ltr'>caput</span> <span class='ocrx_word' id='word_1_77' title='bbox 2345 1257 2597 1320; x_wconf 70' lang='lat' dir='ltr'>Ecclesiae,</span> <span class='ocrx_word' id='word_1_78' title='bbox 2622 1274 2764 1323; x_wconf 76' lang='lat' dir='ltr'>posse</span> <span class='ocrx_word' id='word_1_79' title='bbox 2791 1260 2952 1310; x_wconf 80' lang='lat' dir='ltr'>etiam</span> 
     </span>
     <span class='ocr_line' id='line_1_10' title="bbox 868 1337 2952 1407; baseline -0.001 -13"><span class='ocrx_word' id='word_1_80' title='bbox 868 1345 1044 1407; x_wconf 86' lang='lat' dir='ltr'>colligi</span> <span class='ocrx_word' id='word_1_81' title='bbox 1066 1342 1325 1393; x_wconf 86' lang='lat' dir='ltr'>Christum</span> <span class='ocrx_word' id='word_1_82' title='bbox 1349 1357 1545 1405; x_wconf 86' lang='lat' dir='ltr'>quoque</span> <span class='ocrx_word' id='word_1_83' title='bbox 1574 1356 1679 1390; x_wconf 91' lang='lat' dir='ltr'>non</span> <span class='ocrx_word' id='word_1_84' title='bbox 1701 1355 1806 1390; x_wconf 82' lang='lat' dir='ltr'>esse</span> <span class='ocrx_word' id='word_1_85' title='bbox 1827 1343 1979 1403; x_wconf 83' lang='lat' dir='ltr'>eaput</span> <span class='ocrx_word' id='word_1_86' title='bbox 2001 1337 2238 1388; x_wconf 84' lang='lat' dir='ltr'>Ecclesioe</span> <span class='ocrx_word' id='word_1_87' title='bbox 2261 1375 2272 1386; x_wconf 93' lang='lat'>.</span> <span class='ocrx_word' id='word_1_88' title='bbox 2297 1375 2310 1387; x_wconf 95' lang='lat'>.</span> <span class='ocrx_word' id='word_1_89' title='bbox 2334 1375 2347 1388; x_wconf 93' lang='lat'>.</span> <span class='ocrx_word' id='word_1_90' title='bbox 2372 1339 2472 1396; x_wconf 84' lang='lat' dir='ltr'>Qui</span> <span class='ocrx_word' id='word_1_91' title='bbox 2505 1338 2743 1390; x_wconf 78' lang='lat' dir='ltr'>dicebaut</span> <span class='ocrx_word' id='word_1_92' title='bbox 2762 1355 2823 1390; x_wconf 83' lang='lat' dir='ltr'>se</span> <span class='ocrx_word' id='word_1_93' title='bbox 2845 1356 2952 1391; x_wconf 78' lang='lat' dir='ltr'>ease</span> 
     </span>
     <span class='ocr_line' id='line_1_11' title="bbox 867 1421 2951 1486; baseline -0.002 -9"><span class='ocrx_word' id='word_1_94' title='bbox 867 1427 1013 1478; x_wconf 87' lang='lat' dir='ltr'>Pauli</span> <span class='ocrx_word' id='word_1_95' title='bbox 1037 1463 1049 1476; x_wconf 89' lang='lat'>.</span> <span class='ocrx_word' id='word_1_96' title='bbox 1075 1462 1087 1474; x_wconf 93' lang='lat'>.</span> <span class='ocrx_word' id='word_1_97' title='bbox 1102 1441 1206 1475; x_wconf 89' lang='lat' dir='ltr'>non</span> <span class='ocrx_word' id='word_1_98' title='bbox 1234 1424 1535 1475; x_wconf 84' lang='lat' dir='ltr'>recedebant</span> <span class='ocrx_word' id='word_1_99' title='bbox 1554 1439 1586 1473; x_wconf 90' lang='lat' dir='ltr'>a</span> <span class='ocrx_word' id='word_1_100' title='bbox 1609 1423 1826 1480; x_wconf 86' lang='lat' dir='ltr'>Christo,</span> <span class='ocrx_word' id='word_1_101' title='bbox 1851 1459 1862 1470; x_wconf 94' lang='lat'>.</span> <span class='ocrx_word' id='word_1_102' title='bbox 1888 1458 1900 1470; x_wconf 94' lang='lat'>.</span> <span class='ocrx_word' id='word_1_103' title='bbox 1925 1459 1936 1471; x_wconf 90' lang='lat'>.</span> <span class='ocrx_word' id='word_1_104' title='bbox 1961 1421 2049 1471; x_wconf 83' lang='lat' dir='ltr'>sed</span> <span class='ocrx_word' id='word_1_105' title='bbox 2079 1421 2430 1483; x_wconf 80' lang='lat' dir='ltr'>gloriabantur</span> <span class='ocrx_word' id='word_1_106' title='bbox 2461 1422 2552 1472; x_wconf 83' lang='lat' dir='ltr'>alii</span> <span class='ocrx_word' id='word_1_107' title='bbox 2582 1438 2635 1472; x_wconf 83' lang='lat' dir='ltr'>se</span> <span class='ocrx_word' id='word_1_108' title='bbox 2660 1423 2951 1486; x_wconf 60' lang='lat' dir='ltr'>baptizatos</span> 
     </span>
     <span class='ocr_line' id='line_1_12' title="bbox 867 1503 2952 1571; baseline -0.002 -11"><span class='ocrx_word' id='word_1_109' title='bbox 867 1526 899 1560; x_wconf 89' lang='lat' dir='ltr'>a</span> <span class='ocrx_word' id='word_1_110' title='bbox 915 1510 1087 1570; x_wconf 91' lang='lat' dir='ltr'>Paulo,</span> <span class='ocrx_word' id='word_1_111' title='bbox 1111 1509 1200 1559; x_wconf 86' lang='lat' dir='ltr'>alii</span> <span class='ocrx_word' id='word_1_112' title='bbox 1221 1509 1286 1559; x_wconf 90' lang='lat' dir='ltr'>ab</span> <span class='ocrx_word' id='word_1_113' title='bbox 1300 1507 1500 1571; x_wconf 84' lang='lat' dir='ltr'>Apollo,</span> <span class='ocrx_word' id='word_1_114' title='bbox 1524 1507 1636 1570; x_wconf 87' lang='lat' dir='ltr'>[alii</span> <span class='ocrx_word' id='word_1_115' title='bbox 1657 1520 1689 1556; x_wconf 96' lang='lat' dir='ltr'>a</span> <span class='ocrx_word' id='word_1_116' title='bbox 1710 1503 1897 1568; x_wconf 84' lang='lat' dir='ltr'>Petro.]</span> <span class='ocrx_word' id='word_1_117' title='bbox 1920 1504 2010 1554; x_wconf 88' lang='lat' dir='ltr'>alii</span> <span class='ocrx_word' id='word_1_118' title='bbox 2034 1503 2383 1567; x_wconf 72' lang='lat' dir='ltr'>prudentiores</span> <span class='ocrx_word' id='word_1_119' title='bbox 2407 1504 2744 1569; x_wconf 83' lang='lat' dir='ltr'>[baptismum</span> <span class='ocrx_word' id='word_1_120' title='bbox 2767 1506 2952 1569; x_wconf 85' lang='lat' dir='ltr'>suum]</span> 
     </span>
    </p>
   </div>
   <div class='ocr_carea' id='block_1_3' title="bbox 868 1584 2954 1733">
    <p class='ocr_par' dir='ltr' id='par_1_4' title="bbox 868 1584 2954 1733">
     <span class='ocr_line' id='line_1_13' title="bbox 868 1584 2954 1651; baseline -0.002 -10"><span class='ocrx_word' id='word_1_121' title='bbox 868 1590 932 1641; x_wconf 77' lang='lat' dir='ltr'>ad</span> <span class='ocrx_word' id='word_1_122' title='bbox 952 1627 963 1639; x_wconf 99' lang='lat'>.</span> <span class='ocrx_word' id='word_1_123' title='bbox 990 1627 1001 1638; x_wconf 94' lang='lat'>.</span> <span class='ocrx_word' id='word_1_124' title='bbox 1021 1590 1281 1640; x_wconf 79' lang='lat' dir='ltr'><strong>Christum</strong></span> <span class='ocrx_word' id='word_1_125' title='bbox 1302 1586 1821 1651; x_wconf 61' lang='lat' dir='ltr'>referebant-[Bell.</span> <span class='ocrx_word' id='word_1_126' title='bbox 1843 1585 1994 1649; x_wconf 83' lang='lat' dir='ltr'>Apol.</span> <span class='ocrx_word' id='word_1_127' title='bbox 2019 1600 2112 1650; x_wconf 89' lang='lat' dir='ltr'>pro</span> <span class='ocrx_word' id='word_1_128' title='bbox 2135 1584 2304 1650; x_wconf 85' lang='lat' dir='ltr'>Resp.]</span> <span class='ocrx_word' id='word_1_129' title='bbox 2330 1600 2378 1648; x_wconf 93' lang='lat' dir='ltr'>p.</span> <span class='ocrx_word' id='word_1_130' title='bbox 2403 1587 2512 1635; x_wconf 81' lang='lat'>124.</span> <span class='ocrx_word' id='word_1_131' title='bbox 2551 1586 2672 1650; x_wconf 91' lang='lat' dir='ltr'>[Op.</span> <span class='ocrx_word' id='word_1_132' title='bbox 2709 1591 2841 1636; x_wconf 85' lang='lat' dir='ltr'>tom.</span> <span class='ocrx_word' id='word_1_133' title='bbox 2865 1588 2954 1636; x_wconf 77' lang='lat' dir='ltr'>vii.</span> 
     </span>
     <span class='ocr_line' id='line_1_14' title="bbox 869 1669 1293 1733; baseline -0.005 -13"><span class='ocrx_word' id='word_1_134' title='bbox 869 1671 964 1720; x_wconf 88' lang='lat' dir='ltr'>eol.</span> <span class='ocrx_word' id='word_1_135' title='bbox 991 1671 1100 1722; x_wconf 81' lang='lat'>774.</span> <span class='ocrx_word' id='word_1_136' title='bbox 1126 1669 1183 1719; x_wconf 90' lang='lat' dir='ltr'>B.</span> <span class='ocrx_word' id='word_1_137' title='bbox 1208 1669 1293 1733; x_wconf 80' lang='grc'>0.]</span> 
     </span>
    </p>
   </div>
   <div class='ocr_carea' id='block_1_4' title="bbox 416 1772 2959 3173">
    <p class='ocr_par' dir='ltr' id='par_1_5' title="bbox 416 1772 2959 2783">
     <span class='ocr_line' id='line_1_15' title="bbox 446 1772 2956 1858; baseline -0.002 -20"><span class='ocrx_word' id='word_1_138' title='bbox 446 1789 675 1838; x_wconf 73' lang='lat' dir='ltr'>Christus</span> <span class='ocrx_word' id='word_1_139' title='bbox 829 1778 994 1854; x_wconf 92' lang='lat' dir='ltr'>Imo,</span> <span class='ocrx_word' id='word_1_140' title='bbox 1044 1777 1254 1858; x_wconf 60' lang='lat' dir='ltr'>colligi</span> <span class='ocrx_word' id='word_1_141' title='bbox 1296 1795 1418 1838; x_wconf 81' lang='lat' dir='ltr'>non</span> <span class='ocrx_word' id='word_1_142' title='bbox 1451 1780 1681 1857; x_wconf 85' lang='lat' dir='ltr'>potest,</span> <span class='ocrx_word' id='word_1_143' title='bbox 1745 1793 1825 1836; x_wconf 71' lang='lat' dir='ltr'>eoe</span> <span class='ocrx_word' id='word_1_144' title='bbox 1868 1774 1999 1835; x_wconf 82' lang='lat' dir='ltr'>loco</span> <span class='ocrx_word' id='word_1_145' title='bbox 2032 1774 2066 1834; x_wconf 92' lang='lat'>1</span> <span class='ocrx_word' id='word_1_146' title='bbox 2109 1772 2248 1835; x_wconf 86' lang='lat' dir='ltr'>Cor.</span> <span class='ocrx_word' id='word_1_147' title='bbox 2280 1772 2323 1835; x_wconf 89' lang='lat' dir='ltr'>i.</span> <span class='ocrx_word' id='word_1_148' title='bbox 2381 1773 2693 1835; x_wconf 77' lang='lat' dir='ltr'>Christum</span> <span class='ocrx_word' id='word_1_149' title='bbox 2747 1774 2956 1856; x_wconf 73' lang='lat' dir='ltr'>Caput</span> 
     </span>
     <span class='ocr_line' id='line_1_16' title="bbox 416 1854 2958 1981; baseline -0.001 -40"><span class='ocrx_word' id='word_1_150' title='bbox 416 1854 653 1981; x_wconf 44' lang='lat' dir='ltr'>02³3?thae</span> <span class='ocrx_word' id='word_1_151' title='bbox 741 1879 1041 1942; x_wconf 71' lang='lat' dir='ltr'>Ecclesiae</span> <span class='ocrx_word' id='word_1_152' title='bbox 1099 1899 1223 1941; x_wconf 81' lang='lat' dir='ltr'>non</span> <span class='ocrx_word' id='word_1_153' title='bbox 1273 1875 1499 1957; x_wconf 79' lang='lat' dir='ltr'>faisse.</span> <span class='ocrx_word' id='word_1_154' title='bbox 1595 1874 1728 1939; x_wconf 90' lang='lat' dir='ltr'>Soli</span> <span class='ocrx_word' id='word_1_155' title='bbox 1788 1873 1964 1937; x_wconf 91' lang='lat' dir='ltr'>enim</span> <span class='ocrx_word' id='word_1_156' title='bbox 2025 1874 2377 1958; x_wconf 80' lang='lat' dir='ltr'>sapiebant,</span> <span class='ocrx_word' id='word_1_157' title='bbox 2438 1874 2557 1938; x_wconf 91' lang='lat' dir='ltr'>soli</span> <span class='ocrx_word' id='word_1_158' title='bbox 2603 1877 2958 1956; x_wconf 70' lang='lat' dir='ltr'>pmdemes</span> 
     </span>
     <span class='ocr_line' id='line_1_17' title="bbox 742 1976 2958 2062; baseline -0 -19"><span class='ocrx_word' id='word_1_159' title='bbox 742 1987 945 2058; x_wconf 87' lang='lat' dir='ltr'>erant,</span> <span class='ocrx_word' id='word_1_160' title='bbox 975 1980 1087 2062; x_wconf 84' lang='lat' dir='ltr'>qui</span> <span class='ocrx_word' id='word_1_161' title='bbox 1116 2000 1182 2042; x_wconf 88' lang='lat' dir='ltr'>se</span> <span class='ocrx_word' id='word_1_162' title='bbox 1206 1979 1464 2042; x_wconf 88' lang='lat' dir='ltr'>Christo</span> <span class='ocrx_word' id='word_1_163' title='bbox 1494 1977 1897 2040; x_wconf 78' lang='lat' dir='ltr'>addixerant.</span> <span class='ocrx_word' id='word_1_164' title='bbox 1989 1976 2267 2059; x_wconf 83' lang='lat' dir='ltr'>Reliqui,</span> <span class='ocrx_word' id='word_1_165' title='bbox 2294 1978 2406 2060; x_wconf 82' lang='lat' dir='ltr'>qui</span> <span class='ocrx_word' id='word_1_166' title='bbox 2434 1978 2536 2040; x_wconf 86' lang='lat' dir='ltr'>vel</span> <span class='ocrx_word' id='word_1_167' title='bbox 2567 1978 2830 2060; x_wconf 83' lang='lat' dir='ltr'>Cephae,</span> <span class='ocrx_word' id='word_1_168' title='bbox 2857 1978 2958 2042; x_wconf 78' lang='lat' dir='ltr'>vel</span> 
     </span>
     <span class='ocr_line' id='line_1_18' title="bbox 739 2079 2954 2165; baseline -0 -19"><span class='ocrx_word' id='word_1_169' title='bbox 739 2083 992 2165; x_wconf 85' lang='lat' dir='ltr'>Apollo,</span> <span class='ocrx_word' id='word_1_170' title='bbox 1040 2082 1142 2145; x_wconf 85' lang='lat' dir='ltr'>vel</span> <span class='ocrx_word' id='word_1_171' title='bbox 1201 2081 1423 2158; x_wconf 85' lang='lat' dir='ltr'>Paulo,</span> <span class='ocrx_word' id='word_1_172' title='bbox 1479 2081 1551 2143; x_wconf 89' lang='lat' dir='ltr'>in</span> <span class='ocrx_word' id='word_1_173' title='bbox 1611 2079 1954 2143; x_wconf 81' lang='lat' dir='ltr'>schismate</span> <span class='ocrx_word' id='word_1_174' title='bbox 2001 2086 2206 2155; x_wconf 86' lang='lat' dir='ltr'>erant,</span> <span class='ocrx_word' id='word_1_175' title='bbox 2256 2101 2295 2143; x_wconf 90' lang='lat' dir='ltr'>a</span> <span class='ocrx_word' id='word_1_176' title='bbox 2344 2079 2473 2143; x_wconf 86' lang='lat' dir='ltr'>fide</span> <span class='ocrx_word' id='word_1_177' title='bbox 2526 2089 2954 2145; x_wconf 84' lang='lat' dir='ltr'>recesserant.</span> 
     </span>
     <span class='ocr_line' id='line_1_19' title="bbox 740 2181 2955 2265; baseline 0 -18"><span class='ocrx_word' id='word_1_178' title='bbox 740 2185 828 2247; x_wconf 89' lang='lat' dir='ltr'>Et</span> <span class='ocrx_word' id='word_1_179' title='bbox 857 2184 910 2247; x_wconf 89' lang='lat' dir='ltr'>is</span> <span class='ocrx_word' id='word_1_180' title='bbox 932 2183 1096 2249; x_wconf 86' lang='lat' dir='ltr'>forte</span> <span class='ocrx_word' id='word_1_181' title='bbox 1127 2205 1303 2247; x_wconf 89' lang='lat' dir='ltr'>error</span> <span class='ocrx_word' id='word_1_182' title='bbox 1332 2182 1517 2246; x_wconf 88' lang='lat' dir='ltr'>Pauli</span> <span class='ocrx_word' id='word_1_183' title='bbox 1538 2182 1683 2261; x_wconf 88' lang='lat' dir='ltr'>fuit,</span> <span class='ocrx_word' id='word_1_184' title='bbox 1719 2182 1890 2265; x_wconf 90' lang='lat' dir='ltr'>quod</span> <span class='ocrx_word' id='word_1_185' title='bbox 1921 2181 2207 2264; x_wconf 91' lang='lat' dir='ltr'>Cepham</span> <span class='ocrx_word' id='word_1_186' title='bbox 2238 2203 2278 2245; x_wconf 90' lang='lat' dir='ltr'>a</span> <span class='ocrx_word' id='word_1_187' title='bbox 2306 2182 2565 2247; x_wconf 87' lang='lat' dir='ltr'>Christo</span> <span class='ocrx_word' id='word_1_188' title='bbox 2588 2186 2955 2263; x_wconf 82' lang='lat' dir='ltr'>secreverit,</span> 
     </span>
     <span class='ocr_line' id='line_1_20' title="bbox 743 2283 2954 2371; baseline 0.001 -22"><span class='ocrx_word' id='word_1_189' title='bbox 743 2293 809 2349; x_wconf 91' lang='lat' dir='ltr'>et</span> <span class='ocrx_word' id='word_1_190' title='bbox 841 2285 998 2351; x_wconf 90' lang='lat' dir='ltr'>alios</span> <span class='ocrx_word' id='word_1_191' title='bbox 1031 2284 1273 2350; x_wconf 86' lang='lat' dir='ltr'>Christi</span> <span class='ocrx_word' id='word_1_192' title='bbox 1301 2285 1554 2363; x_wconf 82' lang='lat' dir='ltr'>dixerit,</span> <span class='ocrx_word' id='word_1_193' title='bbox 1604 2284 1762 2348; x_wconf 86' lang='lat' dir='ltr'>alios</span> <span class='ocrx_word' id='word_1_194' title='bbox 1809 2283 2087 2367; x_wconf 80' lang='lat' dir='ltr'>Cephae3</span> <span class='ocrx_word' id='word_1_195' title='bbox 2137 2306 2285 2348; x_wconf 90' lang='lat' dir='ltr'>cum</span> <span class='ocrx_word' id='word_1_196' title='bbox 2321 2307 2545 2350; x_wconf 91' lang='lat' dir='ltr'>omnes</span> <span class='ocrx_word' id='word_1_197' title='bbox 2576 2287 2685 2369; x_wconf 90' lang='lat' dir='ltr'>qui</span> <span class='ocrx_word' id='word_1_198' title='bbox 2710 2288 2954 2371; x_wconf 85' lang='lat' dir='ltr'>Cephae</span> 
     </span>
     <span class='ocr_line' id='line_1_21' title="bbox 746 2386 2959 2473; baseline 0.001 -22"><span class='ocrx_word' id='word_1_199' title='bbox 746 2395 919 2467; x_wconf 89' lang='lat' dir='ltr'>sunt,</span> <span class='ocrx_word' id='word_1_200' title='bbox 959 2389 1097 2472; x_wconf 88' lang='lat' dir='ltr'>ipso</span> <span class='ocrx_word' id='word_1_201' title='bbox 1132 2388 1301 2453; x_wconf 85' lang='lat' dir='ltr'>facto</span> <span class='ocrx_word' id='word_1_202' title='bbox 1339 2389 1469 2451; x_wconf 91' lang='lat' dir='ltr'>sint</span> <span class='ocrx_word' id='word_1_203' title='bbox 1508 2386 1770 2464; x_wconf 87' lang='lat' dir='ltr'>Christi,</span> <span class='ocrx_word' id='word_1_204' title='bbox 1816 2407 2151 2469; x_wconf 86' lang='lat' dir='ltr'>unumque</span> <span class='ocrx_word' id='word_1_205' title='bbox 2189 2387 2273 2450; x_wconf 88' lang='lat' dir='ltr'>sit</span> <span class='ocrx_word' id='word_1_206' title='bbox 2319 2388 2564 2452; x_wconf 87' lang='lat' dir='ltr'>Christi</span> <span class='ocrx_word' id='word_1_207' title='bbox 2606 2395 2672 2451; x_wconf 92' lang='lat' dir='ltr'>et</span> <span class='ocrx_word' id='word_1_208' title='bbox 2714 2389 2959 2473; x_wconf 85' lang='lat' dir='ltr'>Cephae</span> 
     </span>
     <span class='ocr_line' id='line_1_22' title="bbox 750 2489 2955 2574; baseline 0 -17"><span class='ocrx_word' id='word_1_209' title='bbox 750 2493 1239 2558; x_wconf 89' lang='lat' dir='ltr'>Consistorium.</span> <span class='ocrx_word' id='word_1_210' title='bbox 1327 2492 1503 2555; x_wconf 92' lang='lat' dir='ltr'>Nam</span> <span class='ocrx_word' id='word_1_211' title='bbox 1546 2492 1627 2554; x_wconf 92' lang='lat' dir='ltr'>de</span> <span class='ocrx_word' id='word_1_212' title='bbox 1673 2490 2023 2571; x_wconf 67' lang='lat' dir='ltr'>Baptismo,</span> <span class='ocrx_word' id='word_1_213' title='bbox 2085 2489 2257 2574; x_wconf 92' lang='lat' dir='ltr'>quod</span> <span class='ocrx_word' id='word_1_214' title='bbox 2314 2490 2509 2554; x_wconf 85' lang='lat' dir='ltr'>infert</span> <span class='ocrx_word' id='word_1_215' title='bbox 2570 2492 2955 2571; x_wconf 84' lang='lat' dir='ltr'>Cardinalis,</span> 
     </span>
     <span class='ocr_line' id='line_1_23' title="bbox 747 2591 2954 2680; baseline -0 -20"><span class='ocrx_word' id='word_1_216' title='bbox 747 2597 1003 2660; x_wconf 85' lang='lat' dir='ltr'>vacillat</span> <span class='ocrx_word' id='word_1_217' title='bbox 1048 2596 1417 2660; x_wconf 87' lang='lat' dir='ltr'>admodum.</span> <span class='ocrx_word' id='word_1_218' title='bbox 1510 2592 1798 2677; x_wconf 90' lang='lat' dir='ltr'>Cepham</span> <span class='ocrx_word' id='word_1_219' title='bbox 1843 2591 2018 2667; x_wconf 81' lang='lat' dir='ltr'>enim</span> <span class='ocrx_word' id='word_1_220' title='bbox 2065 2593 2361 2657; x_wconf 87' lang='lat' dir='ltr'>Corinthi</span> <span class='ocrx_word' id='word_1_221' title='bbox 2403 2594 2600 2659; x_wconf 88' lang='lat' dir='ltr'>fuisse</span> <span class='ocrx_word' id='word_1_222' title='bbox 2643 2617 2954 2680; x_wconf 87' lang='lat' dir='ltr'>unquam,</span> 
     </span>
     <span class='ocr_line' id='line_1_24' title="bbox 748 2694 2956 2783; baseline -0 -19"><span class='ocrx_word' id='word_1_223' title='bbox 748 2700 849 2764; x_wconf 87' lang='lat' dir='ltr'>vel</span> <span class='ocrx_word' id='word_1_224' title='bbox 882 2722 1247 2783; x_wconf 88' lang='lat' dir='ltr'>quenquam</span> <span class='ocrx_word' id='word_1_225' title='bbox 1287 2699 1380 2763; x_wconf 89' lang='lat' dir='ltr'>ibi</span> <span class='ocrx_word' id='word_1_226' title='bbox 1419 2699 1792 2781; x_wconf 71' lang='lat' dir='ltr'>baptizasse,</span> <span class='ocrx_word' id='word_1_227' title='bbox 1824 2694 1947 2758; x_wconf 89' lang='lat' dir='ltr'>erit</span> <span class='ocrx_word' id='word_1_228' title='bbox 1995 2695 2230 2779; x_wconf 89' lang='lat' dir='ltr'>(credo)</span> <span class='ocrx_word' id='word_1_229' title='bbox 2287 2697 2678 2770; x_wconf 79' lang='lat' dir='ltr'>difficfflimae</span> <span class='ocrx_word' id='word_1_230' title='bbox 2721 2699 2956 2782; x_wconf 86' lang='lat' dir='ltr'>proba—</span> 
     </span>
    </p>

    <p class='ocr_par' dir='ltr' id='par_1_6' title="bbox 507 2802 2955 3173">
     <span class='ocr_line' id='line_1_25' title="bbox 747 2802 961 2868; baseline 0.009 -2"><span class='ocrx_word' id='word_1_231' title='bbox 747 2802 961 2868; x_wconf 69' lang='lat' dir='ltr'>tionis».</span> 
     </span>
     <span class='ocr_line' id='line_1_26' title="bbox 507 2932 2953 3010; baseline 0.001 -17"><span class='ocrx_word' id='word_1_232' title='bbox 507 2932 634 2994; x_wconf 82' lang='grc'>217</span> <span class='ocrx_word' id='word_1_233' title='bbox 814 2946 993 3008; x_wconf 82' lang='lat' dir='ltr'>Neque</span> <span class='ocrx_word' id='word_1_234' title='bbox 1026 2948 1083 2994; x_wconf 88' lang='lat' dir='ltr'>in</span> <span class='ocrx_word' id='word_1_235' title='bbox 1115 2960 1173 2995; x_wconf 91' lang='lat' dir='ltr'>eo</span> <span class='ocrx_word' id='word_1_236' title='bbox 1206 2947 1386 3009; x_wconf 85' lang='lat' dir='ltr'>capite,</span> <span class='ocrx_word' id='word_1_237' title='bbox 1419 2960 1581 3008; x_wconf 87' lang='lat' dir='ltr'>neque</span> <span class='ocrx_word' id='word_1_238' title='bbox 1615 2961 1827 3010; x_wconf 83' lang='lat' dir='ltr'>usquam</span> <span class='ocrx_word' id='word_1_239' title='bbox 1861 2947 1988 2997; x_wconf 88' lang='lat' dir='ltr'>alibi</span> <span class='ocrx_word' id='word_1_240' title='bbox 2024 2961 2106 2997; x_wconf 87' lang='lat' dir='ltr'>me</span> <span class='ocrx_word' id='word_1_241' title='bbox 2134 2946 2318 3010; x_wconf 79' lang='lat' dir='ltr'>legisse</span> <span class='ocrx_word' id='word_1_242' title='bbox 2341 2946 2559 2997; x_wconf 87' lang='lat' dir='ltr'>Paulum</span> <span class='ocrx_word' id='word_1_243' title='bbox 2580 2961 2633 2996; x_wconf 86' lang='lat' dir='ltr'>se</span> <span class='ocrx_word' id='word_1_244' title='bbox 2654 2947 2953 2996; x_wconf 72' lang='lat' dir='ltr'>antetulisse</span> 
     </span>
     <span class='ocr_line' id='line_1_27' title="bbox 879 3025 2955 3092; baseline 0.001 -18"><span class='ocrx_word' id='word_1_245' title='bbox 879 3025 1045 3084; x_wconf 88' lang='lat' dir='ltr'>Petro,</span> <span class='ocrx_word' id='word_1_246' title='bbox 1069 3026 1169 3074; x_wconf 84' lang='lat' dir='ltr'>nisi</span> <span class='ocrx_word' id='word_1_247' title='bbox 1202 3026 1550 3089; x_wconf 75' lang='lat' dir='ltr'>praelationem</span> <span class='ocrx_word' id='word_1_248' title='bbox 1585 3027 1738 3077; x_wconf 86' lang='lat' dir='ltr'>istam</span> <span class='ocrx_word' id='word_1_249' title='bbox 1773 3029 1982 3091; x_wconf 80' lang='lat' dir='ltr'>colligat</span> <span class='ocrx_word' id='word_1_250' title='bbox 2007 3028 2170 3092; x_wconf 87' lang='lat' dir='ltr'>[Rex]</span> <span class='ocrx_word' id='word_1_251' title='bbox 2194 3043 2259 3077; x_wconf 84' lang='lat' dir='ltr'>ex</span> <span class='ocrx_word' id='word_1_252' title='bbox 2281 3041 2354 3087; x_wconf 89' lang='lat' dir='ltr'>eo,</span> <span class='ocrx_word' id='word_1_253' title='bbox 2379 3027 2515 3091; x_wconf 88' lang='lat' dir='ltr'>quod</span> <span class='ocrx_word' id='word_1_254' title='bbox 2536 3027 2721 3077; x_wconf 87' lang='lat' dir='ltr'>Paulus</span> <span class='ocrx_word' id='word_1_255' title='bbox 2744 3028 2955 3077; x_wconf 75' lang='lat' dir='ltr'>Petrum</span> 
     </span>
     <span class='ocr_line' id='line_1_28' title="bbox 879 3105 2954 3173; baseline 0.002 -20"><span class='ocrx_word' id='word_1_256' title='bbox 879 3105 1219 3168; x_wconf 83' lang='lat' dir='ltr'>reprehendit.</span> <span class='ocrx_word' id='word_1_257' title='bbox 1301 3107 1455 3164; x_wconf 84' lang='lat' dir='ltr'>Quasi</span> <span class='ocrx_word' id='word_1_258' title='bbox 1497 3122 1602 3156; x_wconf 89' lang='lat' dir='ltr'>non</span> <span class='ocrx_word' id='word_1_259' title='bbox 1644 3108 1840 3158; x_wconf 88' lang='lat' dir='ltr'>soleant</span> <span class='ocrx_word' id='word_1_260' title='bbox 1884 3108 2156 3172; x_wconf 84' lang='lat' dir='ltr'>aliquando</span> <span class='ocrx_word' id='word_1_261' title='bbox 2200 3109 2480 3173; x_wconf 84' lang='lat' dir='ltr'>superiores</span> <span class='ocrx_word' id='word_1_262' title='bbox 2525 3109 2590 3158; x_wconf 91' lang='lat' dir='ltr'>ab</span> <span class='ocrx_word' id='word_1_263' title='bbox 2633 3108 2954 3158; x_wconf 76' lang='lat' dir='ltr'>inferioribus</span> 
     </span>
    </p>
   </div>
   <div class='ocr_carea' id='block_1_5' title="bbox 879 3184 2954 3337">
    <p class='ocr_par' dir='ltr' id='par_1_7' title="bbox 879 3184 2954 3337">
     <span class='ocr_line' id='line_1_29' title="bbox 879 3184 2954 3255; baseline 0.003 -23"><span class='ocrx_word' id='word_1_264' title='bbox 879 3184 1191 3247; x_wconf 86' lang='lat' dir='ltr'>reprebendi.</span> <span class='ocrx_word' id='word_1_265' title='bbox 1262 3186 1376 3249; x_wconf 89' lang='lat' dir='ltr'>Ipse</span> <span class='ocrx_word' id='word_1_266' title='bbox 1410 3224 1421 3235; x_wconf 90' lang='lat'>.</span> <span class='ocrx_word' id='word_1_267' title='bbox 1457 3224 1470 3236; x_wconf 95' lang='lat'>.</span> <span class='ocrx_word' id='word_1_268' title='bbox 1509 3187 1686 3238; x_wconf 85' lang='lat' dir='ltr'>Petrus</span> <span class='ocrx_word' id='word_1_269' title='bbox 1709 3188 1970 3239; x_wconf 86' lang='lat' dir='ltr'>Christum</span> <span class='ocrx_word' id='word_1_270' title='bbox 1997 3191 2253 3253; x_wconf 85' lang='lat' dir='ltr'>increpare</span> <span class='ocrx_word' id='word_1_271' title='bbox 2275 3189 2664 3255; x_wconf 63' lang='lat' dir='ltr'>eoepit—[Bell.</span> <span class='ocrx_word' id='word_1_272' title='bbox 2688 3190 2838 3253; x_wconf 84' lang='lat' dir='ltr'>Apol.</span> <span class='ocrx_word' id='word_1_273' title='bbox 2864 3203 2954 3253; x_wconf 82' lang='lat' dir='ltr'>pro</span> 
     </span>
     <span class='ocr_line' id='line_1_30' title="bbox 881 3264 2246 3337; baseline 0.003 -21"><span class='ocrx_word' id='word_1_274' title='bbox 881 3264 1051 3331; x_wconf 68' lang='lat' dir='ltr'>Resp]</span> <span class='ocrx_word' id='word_1_275' title='bbox 1074 3282 1157 3331; x_wconf 89' lang='lat' dir='ltr'>pp.</span> <span class='ocrx_word' id='word_1_276' title='bbox 1184 3269 1295 3327; x_wconf 84' lang='lat'>124,</span> <span class='ocrx_word' id='word_1_277' title='bbox 1318 3270 1432 3319; x_wconf 83' lang='lat'>125.</span> <span class='ocrx_word' id='word_1_278' title='bbox 1470 3270 1605 3334; x_wconf 89' lang='lat' dir='ltr'>[Op.,</span> <span class='ocrx_word' id='word_1_279' title='bbox 1637 3275 1760 3320; x_wconf 85' lang='lat' dir='ltr'>tom.</span> <span class='ocrx_word' id='word_1_280' title='bbox 1778 3272 1866 3322; x_wconf 75' lang='lat' dir='ltr'>vii.</span> <span class='ocrx_word' id='word_1_281' title='bbox 1900 3273 1992 3323; x_wconf 90' lang='lat' dir='ltr'>col.</span> <span class='ocrx_word' id='word_1_282' title='bbox 2017 3273 2080 3325; x_wconf 87' lang='grc'>77</span> <span class='ocrx_word' id='word_1_283' title='bbox 2083 3273 2133 3321; x_wconf 80' lang='lat'>4.</span> <span class='ocrx_word' id='word_1_284' title='bbox 2156 3272 2246 3337; x_wconf 82' lang='lat' dir='ltr'>D.]</span> 
     </span>
    </p>
   </div>
   <div class='ocr_carea' id='block_1_6' title="bbox 426 3375 2959 4288">
    <p class='ocr_par' dir='ltr' id='par_1_8' title="bbox 426 3375 2959 4288">
     <span class='ocr_line' id='line_1_31' title="bbox 427 3375 2954 3466; baseline 0.002 -28"><span class='ocrx_word' id='word_1_285' title='bbox 427 3387 497 3453; x_wconf 83' lang='lat' dir='ltr'>[S.</span> <span class='ocrx_word' id='word_1_286' title='bbox 524 3385 710 3436; x_wconf 72' lang='lat' dir='ltr'>Paulus</span> <span class='ocrx_word' id='word_1_287' title='bbox 836 3376 1147 3456; x_wconf 81' lang='lat' dir='ltr'>AEquavit</span> <span class='ocrx_word' id='word_1_288' title='bbox 1196 3396 1262 3438; x_wconf 89' lang='lat' dir='ltr'>se</span> <span class='ocrx_word' id='word_1_289' title='bbox 1320 3376 1512 3440; x_wconf 87' lang='lat' dir='ltr'>Petro</span> <span class='ocrx_word' id='word_1_290' title='bbox 1558 3378 1818 3457; x_wconf 89' lang='lat' dir='ltr'>Paulus,</span> <span class='ocrx_word' id='word_1_291' title='bbox 1867 3376 2044 3443; x_wconf 81' lang='grc' dir='ltr'>οὐδὲν</span> <span class='ocrx_word' id='word_1_292' title='bbox 2101 3375 2520 3466; x_wconf 74' lang='grc' dir='ltr'>ὑστερηκέναι</span> <span class='ocrx_word' id='word_1_293' title='bbox 2578 3379 2678 3444; x_wconf 92' lang='lat' dir='ltr'>bis</span> <span class='ocrx_word' id='word_1_294' title='bbox 2737 3379 2900 3442; x_wconf 79' lang='lat' dir='ltr'>dixit</span> <span class='ocrx_word' id='word_1_295' title='bbox 2911 3388 2954 3456; x_wconf 71' lang='lat'>⁸,</span> 
     </span>
     <span class='ocr_line' id='line_1_32' title="bbox 426 3450 2956 3581; baseline 0.002 -41"><span class='ocrx_word' id='word_1_296' title='bbox 426 3450 727 3581; x_wconf 46' lang='lat' dir='ltr'>ffiqffifssf?</span> <span class='ocrx_word' id='word_1_297' title='bbox 752 3479 982 3541; x_wconf 86' lang='lat' dir='ltr'>Petrus</span> <span class='ocrx_word' id='word_1_298' title='bbox 1041 3477 1264 3557; x_wconf 81' lang='lat' dir='ltr'>Paulo,</span> <span class='ocrx_word' id='word_1_299' title='bbox 1317 3498 1454 3542; x_wconf 81' lang='lat' dir='ltr'>oum</span> <span class='ocrx_word' id='word_1_300' title='bbox 1500 3480 1789 3543; x_wconf 73' lang='lat' dir='ltr'>dextram</span> <span class='ocrx_word' id='word_1_301' title='bbox 1845 3484 2163 3545; x_wconf 80' lang='lat' dir='ltr'>societatis</span> <span class='ocrx_word' id='word_1_302' title='bbox 2222 3483 2394 3544; x_wconf 83' lang='lat' dir='ltr'>dedit</span> <span class='ocrx_word' id='word_1_303' title='bbox 2413 3479 2447 3544; x_wconf 72' lang='lat' dir='ltr'>f.</span> <span class='ocrx_word' id='word_1_304' title='bbox 2543 3482 2956 3563; x_wconf 70' lang='lat' dir='ltr'>Reprehensio</span> 
     </span>
     <span class='ocr_line' id='line_1_33' title="bbox 753 3582 2957 3665; baseline 0.001 -21"><span class='ocrx_word' id='word_1_305' title='bbox 753 3590 971 3645; x_wconf 87' lang='lat' dir='ltr'>autem</span> <span class='ocrx_word' id='word_1_306' title='bbox 1022 3602 1157 3645; x_wconf 89' lang='lat' dir='ltr'>non</span> <span class='ocrx_word' id='word_1_307' title='bbox 1202 3582 1412 3645; x_wconf 91' lang='lat' dir='ltr'>omnis</span> <span class='ocrx_word' id='word_1_308' title='bbox 1463 3603 1503 3645; x_wconf 90' lang='lat' dir='ltr'>a</span> <span class='ocrx_word' id='word_1_309' title='bbox 1550 3585 1867 3665; x_wconf 79' lang='lat' dir='ltr'>superiore</span> <span class='ocrx_word' id='word_1_310' title='bbox 1918 3591 2052 3648; x_wconf 89' lang='lat' dir='ltr'>est:</span> <span class='ocrx_word' id='word_1_311' title='bbox 2113 3605 2266 3663; x_wconf 91' lang='lat' dir='ltr'>non,</span> <span class='ocrx_word' id='word_1_312' title='bbox 2322 3584 2377 3647; x_wconf 91' lang='lat' dir='ltr'>si</span> <span class='ocrx_word' id='word_1_313' title='bbox 2434 3584 2697 3650; x_wconf 85' lang='lat' dir='ltr'>seorsim</span> <span class='ocrx_word' id='word_1_314' title='bbox 2746 3584 2957 3648; x_wconf 86' lang='lat' dir='ltr'>solum</span> 
     </span>
     <span class='ocr_line' id='line_1_34' title="bbox 754 3684 2956 3770; baseline 0.001 -23"><span class='ocrx_word' id='word_1_315' title='bbox 754 3684 1051 3762; x_wconf 84' lang='lat' dir='ltr'>abducat,</span> <span class='ocrx_word' id='word_1_316' title='bbox 1082 3706 1234 3762; x_wconf 91' lang='lat' dir='ltr'>non,</span> <span class='ocrx_word' id='word_1_317' title='bbox 1269 3686 1325 3748; x_wconf 91' lang='lat' dir='ltr'>si</span> <span class='ocrx_word' id='word_1_318' title='bbox 1364 3685 1587 3748; x_wconf 82' lang='lat' dir='ltr'>blande</span> <span class='ocrx_word' id='word_1_319' title='bbox 1627 3687 1967 3770; x_wconf 85' lang='lat' dir='ltr'>compellet</span> <span class='ocrx_word' id='word_1_320' title='bbox 2010 3694 2086 3750; x_wconf 91' lang='lat' dir='ltr'>ut</span> <span class='ocrx_word' id='word_1_321' title='bbox 2117 3687 2471 3751; x_wconf 88' lang='lat' dir='ltr'>Dominum</span> <span class='ocrx_word' id='word_1_322' title='bbox 2506 3689 2760 3766; x_wconf 74' lang='lat' dir='ltr'>PetruS,</span> <span class='ocrx_word' id='word_1_323' title='bbox 2792 3689 2956 3750; x_wconf 82' lang='lat' dir='ltr'>Pro-</span> 
     </span>
     <span class='ocr_line' id='line_1_35' title="bbox 741 3787 2957 3874; baseline 0.001 -26"><span class='ocrx_word' id='word_1_324' title='bbox 741 3788 947 3868; x_wconf 77' lang='lat' dir='ltr'>pitius</span> <span class='ocrx_word' id='word_1_325' title='bbox 988 3787 1104 3849; x_wconf 75' lang='lat' dir='ltr'>tibi</span> <span class='ocrx_word' id='word_1_326' title='bbox 1145 3789 1235 3849; x_wconf 81' lang='lat' dir='ltr'>sis</span> <span class='ocrx_word' id='word_1_327' title='bbox 1263 3788 1564 3851; x_wconf 60' lang='lat' dir='ltr'>Domine&amp;</span> <span class='ocrx_word' id='word_1_328' title='bbox 1584 3814 1607 3852; x_wconf 93' lang='lat'>.·</span> <span class='ocrx_word' id='word_1_329' title='bbox 1681 3790 1792 3869; x_wconf 92' lang='lat' dir='ltr'>At,</span> <span class='ocrx_word' id='word_1_330' title='bbox 1828 3789 1929 3852; x_wconf 79' lang='lat' dir='ltr'>vix</span> <span class='ocrx_word' id='word_1_331' title='bbox 1971 3797 2048 3852; x_wconf 89' lang='lat' dir='ltr'>ut</span> <span class='ocrx_word' id='word_1_332' title='bbox 2086 3788 2446 3871; x_wconf 82' lang='lat' dir='ltr'>inferiorem</span> <span class='ocrx_word' id='word_1_333' title='bbox 2477 3812 2545 3854; x_wconf 91' lang='lat' dir='ltr'>se</span> <span class='ocrx_word' id='word_1_334' title='bbox 2574 3799 2774 3874; x_wconf 87' lang='lat' dir='ltr'>geret,</span> <span class='ocrx_word' id='word_1_335' title='bbox 2806 3790 2862 3853; x_wconf 93' lang='lat' dir='ltr'>si</span> <span class='ocrx_word' id='word_1_336' title='bbox 2891 3791 2957 3851; x_wconf 76' lang='lat' dir='ltr'>in</span> 
     </span>
     <span class='ocr_line' id='line_1_36' title="bbox 742 3887 2953 3972; baseline 0.002 -21"><span class='ocrx_word' id='word_1_337' title='bbox 742 3887 1002 3970; x_wconf 80' lang='lat' dir='ltr'>faciem,</span> <span class='ocrx_word' id='word_1_338' title='bbox 1064 3890 1117 3952; x_wconf 88' lang='lat' dir='ltr'>si</span> <span class='ocrx_word' id='word_1_339' title='bbox 1175 3911 1409 3972; x_wconf 80' lang='lat' dir='ltr'>aspere,</span> <span class='ocrx_word' id='word_1_340' title='bbox 1464 3891 1519 3954; x_wconf 91' lang='lat' dir='ltr'>si</span> <span class='ocrx_word' id='word_1_341' title='bbox 1579 3912 1790 3954; x_wconf 78' lang='lat' dir='ltr'>coram</span> <span class='ocrx_word' id='word_1_342' title='bbox 1847 3893 2141 3972; x_wconf 78' lang='lat' dir='ltr'>omnibus,</span> <span class='ocrx_word' id='word_1_343' title='bbox 2195 3900 2269 3957; x_wconf 91' lang='lat' dir='ltr'>ut</span> <span class='ocrx_word' id='word_1_344' title='bbox 2321 3895 2562 3957; x_wconf 87' lang='lat' dir='ltr'>Paulus</span> <span class='ocrx_word' id='word_1_345' title='bbox 2609 3890 2953 3967; x_wconf 77' lang='lat' dir='ltr'>Petrum¹²5</span> 
     </span>
     <span class='ocr_line' id='line_1_37' title="bbox 755 3983 2955 4079; baseline 0.001 -24"><span class='ocrx_word' id='word_1_346' title='bbox 755 3992 948 4075; x_wconf 91' lang='lat' dir='ltr'>idque</span> <span class='ocrx_word' id='word_1_347' title='bbox 979 3993 1361 4071; x_wconf 85' lang='lat' dir='ltr'>Antiochiae,</span> <span class='ocrx_word' id='word_1_348' title='bbox 1407 3994 1522 4058; x_wconf 93' lang='lat' dir='ltr'>ubi</span> <span class='ocrx_word' id='word_1_349' title='bbox 1565 4002 1785 4059; x_wconf 90' lang='lat' dir='ltr'>tamen</span> <span class='ocrx_word' id='word_1_350' title='bbox 1823 3996 1916 4058; x_wconf 80' lang='lat' dir='ltr'>bis</span> <span class='ocrx_word' id='word_1_351' title='bbox 1953 3997 2331 4059; x_wconf 78' lang='lat' dir='ltr'>ordinarius</span> <span class='ocrx_word' id='word_1_352' title='bbox 2369 3983 2634 4074; x_wconf 67' lang='lat' dir='ltr'>Petrus,&#39;</span> <span class='ocrx_word' id='word_1_353' title='bbox 2652 4005 2727 4060; x_wconf 89' lang='lat' dir='ltr'>ut</span> <span class='ocrx_word' id='word_1_354' title='bbox 2767 3996 2955 4079; x_wconf 89' lang='lat' dir='ltr'>Epis-</span> 
     </span>
     <span class='ocr_line' id='line_1_38' title="bbox 759 4098 2959 4182; baseline 0.001 -23"><span class='ocrx_word' id='word_1_355' title='bbox 759 4117 972 4179; x_wconf 89' lang='lat' dir='ltr'>copus,</span> <span class='ocrx_word' id='word_1_356' title='bbox 1003 4103 1078 4160; x_wconf 90' lang='lat' dir='ltr'>ut</span> <span class='ocrx_word' id='word_1_357' title='bbox 1109 4098 1283 4180; x_wconf 87' lang='lat' dir='ltr'>Papa</span> <span class='ocrx_word' id='word_1_358' title='bbox 1311 4098 1775 4162; x_wconf 89' lang='lat' dir='ltr'>Antiochenus.</span> <span class='ocrx_word' id='word_1_359' title='bbox 1872 4100 1946 4162; x_wconf 82' lang='lat' dir='ltr'>Si</span> <span class='ocrx_word' id='word_1_360' title='bbox 1979 4106 2087 4173; x_wconf 83' lang='lat' dir='ltr'>tu;</span> <span class='ocrx_word' id='word_1_361' title='bbox 2134 4108 2219 4178; x_wconf 91' lang='lat' dir='ltr'>et,</span> <span class='ocrx_word' id='word_1_362' title='bbox 2259 4101 2386 4162; x_wconf 83' lang='lat' dir='ltr'>Cur</span> <span class='ocrx_word' id='word_1_363' title='bbox 2414 4102 2582 4182; x_wconf 73' lang='lat' dir='ltr'>coyis</span> <span class='ocrx_word' id='word_1_364' title='bbox 2609 4100 2959 4163; x_wconf 76' lang='lat' dir='ltr'>Judaizare</span> 
     </span>
     <span class='ocr_line' id='line_1_39' title="bbox 768 4201 2954 4288; baseline 0.002 -25"><span class='ocrx_word' id='word_1_365' title='bbox 768 4202 995 4264; x_wconf 78' lang='lat' dir='ltr'>Gentes</span> <span class='ocrx_word' id='word_1_366' title='bbox 1018 4203 1051 4264; x_wconf 72' lang='lat'>,2</span> <span class='ocrx_word' id='word_1_367' title='bbox 1111 4201 1183 4264; x_wconf 91' lang='lat' dir='ltr'>in</span> <span class='ocrx_word' id='word_1_368' title='bbox 1230 4202 1412 4285; x_wconf 86' lang='lat' dir='ltr'>cujus</span> <span class='ocrx_word' id='word_1_369' title='bbox 1453 4202 1555 4265; x_wconf 83' lang='lat' dir='ltr'>vel</span> <span class='ocrx_word' id='word_1_370' title='bbox 1599 4202 1773 4266; x_wconf 88' lang='lat' dir='ltr'>facto</span> <span class='ocrx_word' id='word_1_371' title='bbox 1819 4204 2195 4285; x_wconf 73' lang='lat' dir='ltr'>hypocrisin,</span> <span class='ocrx_word' id='word_1_372' title='bbox 2236 4204 2338 4267; x_wconf 85' lang='lat' dir='ltr'>vel</span> <span class='ocrx_word' id='word_1_373' title='bbox 2376 4203 2620 4288; x_wconf 84' lang='lat' dir='ltr'>judicio</span> <span class='ocrx_word' id='word_1_374' title='bbox 2664 4224 2954 4281; x_wconf 70' lang='lat' dir='ltr'>errorem,</span> 
     </span>
    </p>
   </div>
   <div class='ocr_carea' id='block_1_7' title="bbox 761 4304 2954 4390">
    <p class='ocr_par' dir='ltr' id='par_1_9' title="bbox 761 4304 2954 4390">
     <span class='ocr_line' id='line_1_40' title="bbox 761 4304 2954 4390; baseline 0.001 -22"><span class='ocrx_word' id='word_1_375' title='bbox 761 4304 995 4368; x_wconf 84' lang='lat' dir='ltr'>acriter</span> <span class='ocrx_word' id='word_1_376' title='bbox 1046 4304 1332 4369; x_wconf 84' lang='lat' dir='ltr'>notavit:</span> <span class='ocrx_word' id='word_1_377' title='bbox 1398 4312 1464 4369; x_wconf 91' lang='lat' dir='ltr'>et</span> <span class='ocrx_word' id='word_1_378' title='bbox 1518 4305 1754 4389; x_wconf 86' lang='lat' dir='ltr'>scripto</span> <span class='ocrx_word' id='word_1_379' title='bbox 1801 4305 1924 4370; x_wconf 89' lang='lat' dir='ltr'>hoc</span> <span class='ocrx_word' id='word_1_380' title='bbox 1970 4313 2134 4390; x_wconf 90' lang='lat' dir='ltr'>post,</span> <span class='ocrx_word' id='word_1_381' title='bbox 2184 4307 2365 4389; x_wconf 88' lang='lat' dir='ltr'>quasi</span> <span class='ocrx_word' id='word_1_382' title='bbox 2407 4306 2648 4371; x_wconf 87' lang='lat' dir='ltr'>bonum</span> <span class='ocrx_word' id='word_1_383' title='bbox 2692 4306 2954 4382; x_wconf 83' lang='lat' dir='ltr'>factum,</span> 
     </span>
    </p>
   </div>
   <div class='ocr_carea' id='block_1_8' title="bbox 825 4469 2457 4603">
    <p class='ocr_par' dir='ltr' id='par_1_10' title="bbox 825 4469 2457 4603">
     <span class='ocr_line' id='line_1_41' title="bbox 825 4469 2457 4538; baseline 0.004 -20"><span class='ocrx_word' id='word_1_384' title='bbox 825 4478 845 4501; x_wconf 76' lang='lat'><em>⁶</em></span> <span class='ocrx_word' id='word_1_385' title='bbox 883 4471 941 4531; x_wconf 84' lang='lat'>[2</span> <span class='ocrx_word' id='word_1_386' title='bbox 964 4469 1075 4521; x_wconf 85' lang='lat' dir='ltr'>Cor.</span> <span class='ocrx_word' id='word_1_387' title='bbox 1099 4473 1170 4520; x_wconf 88' lang='lat' dir='ltr'>xi.</span> <span class='ocrx_word' id='word_1_388' title='bbox 1196 4475 1271 4532; x_wconf 82' lang='lat'>6.;</span> <span class='ocrx_word' id='word_1_389' title='bbox 1306 4474 1395 4522; x_wconf 86' lang='lat' dir='ltr'>xii.</span> <span class='ocrx_word' id='word_1_390' title='bbox 1420 4474 1527 4537; x_wconf 89' lang='grc'><strong>11.]</strong></span> <span class='ocrx_word' id='word_1_391' title='bbox 1966 4483 1990 4515; x_wconf 73' lang='lat'><em>¹</em></span> <span class='ocrx_word' id='word_1_392' title='bbox 2055 4474 2202 4524; x_wconf 80' lang='lat' dir='ltr'>Matt.</span> <span class='ocrx_word' id='word_1_393' title='bbox 2230 4475 2333 4524; x_wconf 82' lang='lat' dir='ltr'>xvi.</span> <span class='ocrx_word' id='word_1_394' title='bbox 2358 4474 2457 4538; x_wconf 67' lang='lat'>22]</span> 
     </span>
     <span class='ocr_line' id='line_1_42' title="bbox 825 4475 2372 4603; baseline 0.006 -22"><span class='ocrx_word' id='word_1_395' title='bbox 825 4531 842 4560; x_wconf 76' lang='lat'><em>¹</em></span> <span class='ocrx_word' id='word_1_396' title='bbox 889 4532 1026 4593; x_wconf 86' lang='lat' dir='ltr'>[Gal.</span> <span class='ocrx_word' id='word_1_397' title='bbox 1050 4535 1102 4583; x_wconf 81' lang='lat' dir='ltr'>ii.</span> <span class='ocrx_word' id='word_1_398' title='bbox 1129 4537 1202 4598; x_wconf 89' lang='grc'>9.]</span> <span class='ocrx_word' id='word_1_399' title='bbox 1968 4538 1990 4570; x_wconf 73' lang='lat'>*⁴</span> <span class='ocrx_word' id='word_1_400' title='bbox 2027 4475 2165 4602; x_wconf 53' lang='lat' dir='ltr'>{Gal</span> <span class='ocrx_word' id='word_1_401' title='bbox 2185 4540 2239 4589; x_wconf 88' lang='lat' dir='ltr'>ii.</span> <span class='ocrx_word' id='word_1_402' title='bbox 2266 4539 2372 4603; x_wconf 87' lang='grc'><strong>11.]</strong></span> 
     </span>
    </p>
   </div>
   <div class='ocr_carea' id='block_1_9' title="bbox 3065 714 3103 749">
    <p class='ocr_par' dir='ltr' id='par_1_11' title="bbox 3065 714 3103 749">
     <span class='ocr_line' id='line_1_43' title="bbox 3065 714 3103 749; baseline 0 0"><span class='ocrx_word' id='word_1_403' title='bbox 3065 714 3103 749; x_wconf 61' lang='grc' dir='ltr'><strong><em>θ</em></strong></span> 
     </span>
    </p>
   </div>
  </div>
 </body>
</html>
