3165 4959
1016 362 1384 411 stomoma
1427 363 1796 413 RESPONsm.
2381 353 2508 416 245

387 516 945 600 chrysostomum,
998 538 1074 580 eo
1120 518 1262 582 loco
1312 520 1423 603 qui
1479 520 1730 603 legerit,
1777 520 2021 585 videbit
2081 521 2227 585 ideo
2276 520 2510 586 dixisse
2540 537 2751 601 [Secun-

300 618 661 682 Haereticos
696 619 863 698 illos,
895 619 1042 682 Non
1073 627 1353 701 oportere
1384 643 1508 703 per
1555 623 1870 686 Christum
1900 624 2211 699 accedere,
2252 624 2366 686 sed
2389 645 2513 706 per
2536 602 2814 734 gffissssgsst]

294 722 588 806 Anqelos,
621 720 823 785 ἐκεῖνο
865 719 992 807 «γὰρ
1031 722 1245 804 μεῖζόν
1283 720 1485 803 ἐστιν,
1515 724 1555 805 ἢ
1589 723 1731 788 καθ’
1760 723 1952 806 ἡμᾶς,
1984 747 2116 809 prae
2159 728 2513 790 humilitate
2778 707 2789 718 ι

294 825 365 888 id
396 824 650 903 dixisse,
675 824 948 889 fortasse
967 847 1099 889 non
1129 847 1297 903 vera,
1320 828 1430 890 sed
1460 827 1530 891 in
1561 828 1835 911 speciem
1866 836 2108 907 tamen,
2141 837 2507 912 apparente.

294 928 517 1012 Majus
558 928 730 991 enim
777 927 842 991 id
880 950 1038 1007 esse,
1088 950 1281 1013 quam
1309 937 1387 994 ut
1416 931 1607 996 nobis
1647 933 2005 1009 conveniat,
2046 939 2222 996 recta
2257 933 2503 997 scilicet

296 1030 473 1094 adire
518 1030 872 1110 Christum,
911 1039 977 1094 et
1025 1033 1166 1116 sin-e
1210 1034 1612 1117 Angelorum
1663 1035 2057 1099 interventu.
2148 1035 2505 1124 Indignum

294 1132 361 1195 id
394 1154 531 1196 esse
561 1133 912 1217 Majestate
937 1134 1198 1213 Christi,
1231 1143 1305 1199 ut
1336 1158 1449 1219 per
1477 1138 1688 1220 ipsum
1721 1137 2153 1201 adducamur:
2201 1138 2504 1202 humanae

296 1235 602 1298 tenuitati
640 1236 1036 1300 commodius
1070 1259 1226 1318 esse,
1258 1246 1333 1302 ut
1363 1240 1604 1323 Angeli
1633 1249 1871 1304 nostrae
1902 1241 2271 1304 adductioni
2302 1240 2504 1306 inser-

296 1339 494 1403 viant.
572 1341 737 1403 Inde
769 1347 985 1405 autem
1015 1342 1280 1421 factum,
1315 1349 1388 1406 ut
1418 1365 1533 1427 per
1562 1351 1774 1407 totum
1807 1328 2003 1427 caput
2033 1344 2216 1422 illud,
2244 1345 2508 1408 Sursum

293 1444 645 1526 Apostolus
690 1451 756 1507 et
797 1445 1099 1524 deorsum,
1133 1467 1265 1527 quoe
1306 1448 1382 1510 de
1418 1448 1687 1525 Christo,
1719 1453 2015 1510 versaret.
2110 1447 2504 1529 Sanguinem

294 1546 520 1624 cruciS,
565 1546 946 1629 passionem,
991 1548 1444 1629 dilectionem;
1493 1571 1621 1633 quo
1675 1549 1968 1613 vitiosam
2012 1549 2188 1612 illam
2245 1550 2502 1613 humili-

294 1656 495 1713 tatem
542 1657 888 1728 excuteret,
921 1659 986 1714 et
1035 1651 1117 1715 ad
1159 1652 1513 1732 Christum,
1557 1651 1834 1734 ἀμέσως,
1878 1655 1981 1717 vel
2025 1653 2166 1717 sine
2210 1654 2501 1737 AngeliS,

290 1753 605 1834 perveniri
634 1774 819 1837 posse
852 1755 1192 1837 judicaret.
1282 1759 1502 1840 Atque
1532 1757 1671 1820 haec
1702 1757 2220 1841 Chrysostomus.

358 1890 407 1940 S.
433 1890 773 1955 Hieronymus
796 1893 851 1941 in
874 1893 1037 1957 Epist.
1059 1892 1124 1943 ad
1148 1894 1409 1957 Algasiam
1436 1898 1613 1958 quaest.
1640 1897 1716 1944 10.
1751 1894 1912 1953 addit,
1933 1870 2235 1958 reprehendi
2259 1895 2324 1946 ab
2347 1897 2503 1959 Apos-

423 1973 529 2022 tolo
549 1989 647 2033 eos,
680 1976 767 2038 qui
792 1975 1022 2038 Angelis,
1056 1979 1116 2025 ut
1137 1976 1253 2025 Diis
1274 1976 1626 2027 sacrificabant
1636 1985 1673 2026 ¹.
1744 1977 2058 2027 Christianos
2079 1981 2252 2028 autem
2272 1978 2502 2040 Angelis,

423 2056 502 2106 vel
526 2056 725 2106 Sanctis
746 2058 1050 2107 sacrificasse
1072 2073 1222 2109 nemo
1245 2057 1588 2109 demonstrare
1620 2058 2017 2125 potest—[Bell.
2044 2060 2191 2125 Apol.
2217 2075 2309 2125 pro
2331 2060 2528 2138 Resp]=

423 2154 469 2201 p.
497 2139 573 2190 97.
610 2137 742 2202 [Op.,
767 2143 890 2189 tom.
908 2140 995 2191 vii.
1019 2140 1111 2189 col.
1132 2141 1243 2191 759.
1265 2138 1345 2203 Β.]

378 2236 555 2299 Nam
582 2237 1017 2321 Hieronymus
1040 2245 1258 2321 aperte
1277 2239 1520 2318 asserit,
1546 2239 1720 2324 loqui
1751 2241 1841 2304 ibi
1871 2241 2259 2324 Apostolum
2279 2249 2504 2306 contra
2557 2266 2609 2312 et
2631 2262 2679 2314 s,

290 2361 423 2418 eos,
485 2342 594 2425 qui
653 2342 1001 2406 credebant
1061 2363 1139 2405 ex
1198 2343 1239 2404 J
1243 2341 1441 2407 udaeis
1500 2343 1570 2406 in
1632 2345 1986 2408 Dominum
2065 2345 2498 2425 Salvatorem3
2585 2327 2761 2393 “¹⁰⁸3

290 2444 546 2528 quique,
579 2452 654 2508 ut
685 2445 839 2509 olim
889 2445 979 2510 eis
1030 2445 1398 2528 Stephanus
1435 2447 1537 2529 (ex
1566 2446 1791 2529 Amos)
1838 2446 2283 2531 exprobrabat,
2332 2449 2497 2513 cole-

287 2558 438 2613 rent
470 2551 761 2613 militiam
807 2551 963 2628 caeli,
996 2551 1285 2613 militiam
1317 2556 1533 2613 autem
1566 2552 1704 2613 coelz'
1748 2571 1882 2613 non
1911 2558 2083 2614 astra
2109 2551 2302 2614 modo
2334 2572 2494 2630 esse,

288 2655 405 2718 sed
446 2663 510 2718 et
557 2656 957 2739 Angelorum
1010 2655 1361 2730 exercitus;
1419 2654 1592 2738 quod
1636 2661 1702 2717 et
1750 2676 1829 2718 ex
1868 2655 2050 2718 Luca
2101 2655 2306 2734 docet,
2354 2657 2489 2734 ubi,

268 2757 467 2837 facta
513 2778 649 2819 cum
669 2759 908 2840 Anqelo
926 2758 1259 2820 multitudo
1289 2757 1528 2819 militiae
1560 2756 1823 2819 coelestis
1844 2766 1891 2819 Υ.
1942 2757 2104 2822 Quae
2122 2778 2271 2820 vero
2298 2757 2491 2841 (apud

286 2862 516 2944 Amos)
548 2861 815 2925 servitus
840 2860 1073 2925 dicitur
1096 2861 1337 2922 militiae
1361 2860 1515 2939 coeli,
1540 2880 1682 2922 eam
1709 2880 1884 2923 nunc
1909 2858 1988 2923 ab
2014 2859 2325 2942 Apostolo
2350 2859 2497 2938 dici,

2621 1136 2741 1199 181

286 3018 366 3069 διὰ
397 3023 494 3069 τοῖν
528 3021 770 3081 ἀγγέλων.
834 3022 1013 3071 Ἐκεῖνο
1051 3020 1149 3084 ’γὰρ
1185 3019 1349 3081 μεῖζόν
1442 3019 1475 3068 J
1481 3019 1657 3069 udaica
1689 3019 1973 3084 Stephanus
1998 3020 2195 3084 Max-tyr
2226 3035 2497 3084 exponens,

286 3087 442 3145 ἔστιν,
464 3086 495 3143 ἢ
518 3087 621 3135 καθ’
644 3087 776 3147 ἡμᾶς.
846 3087 938 3136 Διὰ
972 3090 1118 3135 τοῦτο
1141 3086 1236 3135 ἅνω
1261 3087 1342 3135 καὶ
1442 3088 1495 3134 et
1533 3085 1794 3135 revolvens
1848 3086 2113 3135 historiam
2151 3090 2387 3143 veterem,
2427 3086 2499 3134 sic

287 3151 420 3198 κάτω
445 3150 644 3211 στρέφει
658 3153 721 3200 τὰ
748 3151 862 3214 ὑπὲρ
883 3153 970 3199 τοῦ
992 3154 1203 3213 Χριστοῦ
1225 3160 1342 3212 λεχ·

287 3214 433 3263 θέντα
468 3216 610 3277 αὖτῷ,
640 3216 733 3264 Διὰ
757 3219 842 3265 τοῦ
864 3216 1060 3275 αἵματος
1081 3218 1167 3264 τοῦ
1200 3234 1343 3265 σταυ-

290 3280 376 3342 ροῦ
420 3281 564 3328 αὐτοῦ
613 3279 1007 3342 κατηλλάγημεν,
1051 3278 1168 3329 Ὀτι
1226 3280 1342 3343 ὑπὲρ

286 3345 422 3404 ’iu-5⁹
474 3344 662 3405 ἔπαθεν,
705 3342 820 3395 ''O-n
856 3343 1107 3404 ἠγάπησεν
1139 3347 1341 3404 ἡμᾶς.-

291 3410 343 3457 S.
382 3408 631 3471 chrysost.
681 3409 831 3459 Hom.
868 3411 955 3459 vii.
995 3410 1051 3458 in
1087 3408 1187 3459 Col.
1230 3410 1340 3474 Op„

294 3478 420 3522 tom.
446 3475 510 3522 iv.
534 3489 583 3536 p.
603 3477 710 3524 123.
733 3474 824 3524 lin.
850 3475 927 3525 27.

357 3546 379 3568 ¹
404 3540 455 3603 [“
471 3539 755 3595 Quaerimus
777 3540 897 3602 quid
959 3539 1086 3589 icere
1108 3539 1340 3599 voluerit,

291 3601 348 3651 in
382 3602 668 3653 humilitate
690 3610 735 3653 et
756 3604 997 3665 reliyione
1030 3603 1341 3666 anyelorum,

290 3672 380 3717 aut
418 3682 568 3731 quem
613 3684 813 3717 sensum
852 3669 1046 3718 habeat.
1116 3668 1195 3718 Ex
1242 3683 1342 3731 quo

292 3731 542 3780 Dominus
579 3733 775 3782 locutus
813 3738 889 3782 est
934 3734 997 3784 ad
1037 3733 1342 3796 discipulos;

292 3796 507 3858 Sumite,
544 3812 721 3846 camus
749 3797 880 3857 hinc,
905 3798 985 3859 Et,
1008 3798 1343 3860 Relinquetur

289 3861 427 3909 vobis
443 3861 625 3910 domm
641 3868 805 3910 vestra
822 3862 1018 3911 deserta
1036 3879 1059 3921 ;
1077 3863 1158 3921 Et,
1179 3863 1342 3912 Locus

290 3925 349 3973 in
367 3941 465 3987 quo
486 3925 747 3976 Dominus
776 3927 1042 3990 crucifixus
1074 3933 1159 3983 est,
1187 3928 1341 3989 spiri-

290 3990 499 4039 tualiter
520 3991 774 4055 AEqyptws
794 3998 1003 4040 vocatur
1022 3998 1067 4040 et
1097 3992 1339 4050 Sodoma,

290 4056 458 4103 omnis
539 4056 571 4104 J
578 4057 865 4106 udaicarum
932 4057 1339 4106 observationum

288 4119 486 4168 cultura
524 4119 778 4170 destructa
809 4126 902 4180 est,
939 4125 992 4169 et
1022 4135 1340 4184 quascunque

289 4182 508 4233 offerunt
541 4186 792 4245 victimas,
831 4200 934 4234 non
968 4184 1073 4234 Deo
1107 4185 1337 4243 offerunt,

287 4248 374 4297 sed
412 4249 607 4311 angelis
641 4250 828 4308 refugis
863 4255 915 4300 et
949 4251 1213 4312 spiritibus
1249 4252 1340 4300 im·

286 4311 505 4362 mundis.
558 4314 667 4363 Nec
689 4316 892 4372 mirum,
917 4316 960 4363 si
984 4313 1078 4364 hoc
1101 4320 1214 4378 post
1235 4330 1339 4378 pas-

287 4379 479 4427 sionem
524 4378 735 4428 Domini
791 4380 993 4437 faciant,
1039 4394 1195 4443 quum
1251 4395 1341 4442 per

289 4442 448 4492 Amos
480 4457 676 4506 quoque
714 4444 1016 4507 Prophetam
1055 4444 1254 4494 dicatur
1274 4444 1337 4494 ad

286 4523 369 4556 eos
388 4523 401 4565 ;
434 4507 703 4570 Numquid
736 4509 938 4569 hostias,
976 4516 1059 4559 etc.
1090 4509 1268 4570 (Amos
1293 4525 1334 4558 v.

288 4576 363 4632 25,
390 4576 490 4637 26.)
560 4573 703 4632 Quod
750 4574 948 4637 plenius
998 4575 1053 4625 in
1103 4575 1338 4625 concione

1440 3149 1640 3199 locutus
1672 3155 1764 3209 est,
1809 3149 1881 3199 Ec
1912 3150 2128 3200 vittdum
2160 3150 2401 3212 fecerunt
2441 3150 2499 3199 in

1440 3214 1616 3265 diebus
1638 3214 1758 3273 illis,
1772 3220 1817 3264 et
1834 3216 2119 3265 obtulerunt
2129 3215 2324 3264 hostias
2345 3212 2497 3273 idolo,

1439 3286 1485 3329 et
1522 3280 1830 3330 laetabantur
1875 3281 1934 3330 in
1977 3281 2214 3343 operibus
2244 3295 2498 3330 manuum

1438 3360 1672 3395 suarum.
1709 3345 1989 3394 Conversus
2017 3352 2185 3394 autem
2221 3344 2362 3394 Deus
2394 3351 2497 3394 tra-

1442 3409 1581 3458 didit
1618 3425 1715 3469 eos,
1756 3417 1814 3459 ut
1838 3410 2050 3459 colerent
2070 3409 2314 3459 militiam
2347 3410 2457 3459 coeli
2471 3424 2495 3466 ,-

1439 3474 1571 3523 sicta
1605 3475 1854 3538 scriptum
1874 3481 1943 3525 cst
1967 3475 2022 3524 in
2045 3474 2174 3523 libro
2207 3474 2496 3537 Propheta-

1442 3554 1574 3588 rum.
1623 3539 1818 3588 Militia
1838 3546 2006 3588 autem
2032 3539 2148 3588 coeli
2175 3553 2277 3586 non
2293 3543 2494 3589 tantum

1442 3603 1517 3651 sol
1548 3603 1848 3666 appellatur,
1884 3608 1937 3652 et
1967 3603 2104 3661 luna,
2126 3608 2176 3651 ct
2198 3607 2331 3651 astra
2369 3606 2491 3653 ruti-

1443 3668 1635 3725 lantia;
1669 3667 1754 3715 sed
1790 3673 1842 3716 et
1864 3668 2029 3715 omnis
2067 3667 2296 3728 angelica
2325 3668 2494 3717 multi-

1442 3732 1580 3787 tudo.
1601 3745 1871 3795 eorumque
1894 3732 2143 3780 exercitus
2167 3767 2178 3779 .
2205 3766 2216 3778 .
2243 3767 2253 3778 .
2273 3730 2420 3781 Unde
2442 3737 2494 3782 et

1442 3798 1497 3845 in
1529 3796 1805 3857 Evangelio
1828 3796 1983 3858 juxta
2022 3795 2206 3844 Lucam
2246 3793 2493 3857 legimus;

1442 3862 1513 3910 Et
1531 3862 1698 3911 subito
1715 3861 1868 3923 sada
1890 3865 1961 3909 est
1982 3876 2094 3909 cum
2125 3858 2303 3921 anyelo
2326 3861 2492 3910 multi-

1441 3927 1568 3975 tudo
1618 3926 1819 3975 militia·
1872 3924 2090 3982 caelestis,
2127 3931 2211 3973 etc.
2247 3959 2259 3972 .
2296 3960 2307 3973 .
2343 3960 2356 3973 .
2426 3926 2494 3975 Et.

1478 3998 1705 4055 ropterea
1759 3990 1847 4053 qui
1898 3989 2116 4038 vitulum
2164 3989 2382 4038 fecerant
2436 3991 2492 4039 in

1440 4006 1632 4116 fior-eb,
1676 4060 1728 4105 et
1760 4056 2019 4104 coluerant
2050 4054 2190 4102 sidus
2218 4052 2313 4102 Dei
2338 4052 2489 4103 Rem-

1440 4119 1592 4183 pham
1619 4157 1631 4168 .
1656 4155 1669 4167 .
1694 4157 1704 4168 .
1738 4119 2072 4169 adoraverunt
2115 4119 2316 4180 figuras,
2371 4132 2495 4181 quas

1440 4187 1538 4248 ipsi
1560 4187 1818 4243 fecerunt;
1851 4189 1904 4234 et
1921 4183 2136 4233 tradidit
2156 4197 2241 4232 eos
2263 4182 2412 4241 Deus,
2436 4188 2495 4232 ut

1439 4250 1686 4299 servirent
1721 4250 1924 4299 militiae
1956 4248 2086 4307 coeli,
2126 4263 2238 4310 quae
2271 4261 2405 4296 nunc
2431 4248 2495 4298 ab

1440 4314 1684 4377 Apostolo
1700 4314 1889 4362 dicitur
1901 4315 2080 4374 religio
2094 4312 2492 4374 augelorum.”—

1441 4379 1488 4428 S.
1505 4378 1642 4428 Hier.
1669 4379 1759 4441 Ep.
1783 4379 1917 4427 cxxi.
1935 4378 2067 4427 Vall.
2095 4378 2176 4439 (al.
2196 4377 2297 4440 cli.)
2321 4377 2383 4426 ad
2411 4379 2495 4427 Al·

1439 4459 1541 4506 gas.
1578 4444 1767 4500 Quaest.
1790 4447 1866 4492 10.
1909 4443 2018 4505 Ορ.,
2042 4446 2163 4492 tom.
2190 4442 2221 4491 i.
2246 4442 2359 4491 coll.
2382 4443 2494 4495 875.

1442 4508 1502 4556 D.
1530 4508 1584 4556 Ε.
1612 4509 1719 4559 876.
1749 4510 1810 4557 Α.
1838 4508 1893 4557 Β.
1922 4508 1999 4572 C.]

1504 4582 1525 4612 Τ
1559 4573 1700 4637 [Luc.
1724 4575 1778 4623 ii.
1796 4572 1896 4637 13.]
