3165 4959
967 357 1331 405 APOLOGIAM
1377 359 1739 408 RESPONSIO.
2337 348 2465 412 437

382 514 650 572 getarum:
686 510 773 560 sed
799 510 1026 575 Principi
1059 526 1091 560 a
1111 526 1229 561 vers
1260 512 1506 575 religione
1538 513 1720 571 aliena,
1745 514 1833 576 qui
1858 493 2098 576 ³sigillum
2124 514 2464 565 confessionis

386 590 635 641 divinitus
667 592 970 655 imperatum
1007 593 1203 654 irridet,
1225 600 1278 643 et
1299 609 1450 656 quem
1483 595 1607 644 satis
1634 599 1830 644 constat
1852 609 1955 644 non
1976 610 2255 659 passurum,
2279 600 2337 644 ut
2359 610 2465 660 per-

386 688 509 722 sona
530 673 820 723 confitentis
842 675 1010 735 lateat,
1035 674 1176 724 nullo
1198 675 1349 724 modo
1366 675 1732 740 licen—[Bw.
1751 676 1896 740 Apol.
1917 692 2008 741 pro
2032 676 2208 740 Resp.]
2246 691 2329 740 pp.
2352 677 2464 737 178,

388 755 497 805 179.
533 755 664 819 [Op.‚
689 760 812 805 tom.
835 757 921 806 vii.
945 756 1037 805 col.
1062 759 1174 807 806.
1200 755 1287 820 A.]

339 846 521 908 Bene
560 853 625 909 et
669 845 848 924 illud,
881 846 1101 909 Dicere
1131 847 1555 927 proditionem
1601 848 1667 909 in
1713 847 2174 910 sacramentali
2210 844 2464 928 Conses-
2487 844 2620 959 {5820
2640 848 2789 958 gnra

248 949 426 1010 sione
470 949 779 1031 cognitam
829 950 1031 1012 verbis
1068 949 1464 1031 yeneralibus
1517 951 1873 1013 Christiano
1921 957 1982 1027 et
2018 953 2132 1032 pio
2174 952 2463 1033 Principi
2485 925 2788 1038 &gusto-

249 1052 520 1130 aperire,
551 1057 622 1113 ut
649 1051 986 1113 remedium
1016 1053 1360 1114 imminenti
1377 1054 1539 1114 malo
1558 1058 1771 1133 paret.
1865 1054 2058 1119 Quod
2088 1055 2265 1116 licuit
2295 1074 2459 1136 erqo,

249 1174 371 1216 cur
399 1154 644 1217 sactum
674 1176 809 1218 non
838 1162 934 1217 est
959 1155 986 1217 1³
1077 1155 1160 1218 In
1188 1176 1372 1219 mora
1401 1156 1724 1237 Princeps,
1757 1156 1858 1219 vel
1888 1177 2009 1219 non
2045 1157 2460 1236 Christianus,

248 1256 353 1318 vel
401 1264 573 1320 certe
625 1278 747 1320 non
792 1259 963 1338 pius.
1053 1259 1313 1341 Ergone
1365 1258 1418 1320 si
1471 1280 1593 1321 non
1643 1259 2059 1338 Christianus,
2121 1281 2243 1322 non
2287 1262 2459 1341 pius,

249 1359 514 1442 pulvere
563 1360 949 1424 difflandus?
996 1362 1217 1425 licetne
1266 1361 1337 1424 in
1395 1362 1571 1424 hunc
1633 1370 1767 1424 tam
1827 1362 2168 1426 infandum
2230 1363 2456 1441 scelus,

249 1463 427 1545 quod
464 1463 533 1525 in
564 1464 837 1531 alterum
870 1486 1002 1527 non
1034 1466 1178 1527 licet
1197 1466 1231 1526 .?
1318 1464 1681 1528 Plurimum
1710 1465 1961 1544 merit0,
1996 1465 2189 1529 dices.
2281 1467 2456 1530 Nam

243 1566 302 1627 si
355 1568 526 1628 ultra
555 1565 671 1647 fas
714 1568 1175 1650 interroyasset,
1221 1589 1333 1632 nec
1364 1589 1674 1650 passurus
1710 1570 1906 1631 latere
1937 1590 2274 1650 personam
2315 1590 2458 1632 con-

227 1671 501 1750 fitentis.
580 1670 825 1735 Quodsi
857 1691 1006 1753 ergo
1029 1692 1162 1734 non
1191 1671 1627 1753 interroyaret,
1655 1671 1877 1755 quodsi
1895 1692 2232 1753 personam
2261 1673 2457 1735 latere

231 1778 587 1851 pateretur,
637 1774 781 1835 licet
820 1780 879 1836 et
923 1775 1040 1836 illi.
1130 1776 1221 1838 At
1268 1774 1601 1838 absentem
1643 1775 1815 1837 ultra
1859 1796 2036 1837 mare
2066 1777 2454 1857 inter-royare

244 1896 383 1938 non
429 1883 680 1958 poterat
696 1901 714 1951 ς
763 1882 829 1939 et
863 1898 1173 1957 passurus
1224 1884 1362 1940 erat
1414 1879 1610 1939 latere
1638 1885 1802 1956 tum,
1837 1899 1979 1960 quae
2024 1900 2155 1941 non
2200 1886 2452 1960 poterat

241 1979 653 2059 interr-oyare.
745 1979 943 2042 Omni
983 2000 1135 2062 ergo
1164 1978 1356 2043 modo
1383 1980 1767 2061 probitatem
1807 1980 1983 2042 illam
2015 1979 2448 2043 desideramus

241 2081 314 2145 in
348 2082 688 2160 Garnetto,
722 2082 830 2164 qui
875 2082 1303 2164 proditionem
1340 2083 1585 2165 aperire
1628 2083 1859 2162 noluit,
1893 2104 2041 2147 curn
2072 2086 2268 2147 latere
2302 2106 2448 2167 pos-

239 2191 366 2262 set,
400 2192 465 2247 et
495 2206 572 2248 eo
602 2185 724 2248 loci
755 2185 1040 2248 conferre
1081 2206 1169 2263 se,
1204 2206 1279 2249 eo
1321 2206 1387 2247 se
1430 2186 1569 2249 loco
1613 2207 1872 2269 ponere,
1904 2187 2021 2251 ubi
2061 2187 2141 2250 de
2174 2208 2448 2269 persona

239 2309 377 2352 non
405 2296 619 2371 posset
649 2290 1044 2370 interroyari.

335 2392 691 2454 Christiano
721 2398 786 2455 et
814 2393 947 2472 pio,
988 2391 1230 2474 aperire
1267 2391 1440 2459 sinit.
1531 2391 1612 2454 Id
1646 2393 1784 2455 vult
1819 2393 2029 2456 dicere
2060 2393 2442 2471 cardinalis,
2468 2415 2600 2528 {Rex
2625 2415 2775 2477 sigil-

237 2494 366 2557 nisi
398 2496 539 2577 quis
565 2517 642 2559 ex
673 2496 995 2559 sententia
1032 2495 1128 2558 illi
1173 2496 1255 2558 sit
1291 2496 1687 2558 Christianus
1716 2504 1781 2559 et
1808 2498 1999 2577 pius‚·
2052 2497 2445 2559 Christianus
2469 2495 2704 2608 r'fggtf‘fn

238 2619 317 2660 ex
357 2598 559 2660 Curiae
577 2599 871 2660 Romanoe
899 2598 1224 2681 Symbolo,
1252 2598 1405 2662 Pius
1436 2599 1519 2662 ad
1549 2599 1648 2661 Pii
1679 2599 1893 2682 quarti
1922 2599 2224 2681 pietatem
2247 2626 2266 2676 3
2309 2621 2443 2663 non

237 2721 425 2782 posse
463 2700 533 2762 in
570 2700 740 2763 illius
780 2701 1054 2784 gratiam
1101 2701 1356 2785 detegi;
1410 2702 1504 2764 illi
1540 2701 1718 2765 nefas
1764 2723 2090 2763 summum
2143 2702 2442 2783 Sigillum

236 2803 486 2886 aperire
505 2829 523 2880 ;
575 2803 893 2886 Sigillum,
940 2825 1092 2886 erga
1134 2804 1338 2882 illum,
1380 2804 1589 2867 omnis
1640 2803 1944 2886 nequitiae
1988 2809 2180 2886 atque
2231 2804 2443 2886 prodi-

235 2906 438 2969 tionis
488 2906 929 2970 velamentum
978 2914 1095 2970 est.
1214 2907 1446 2989 Neque
1492 2907 1660 2968 ridet
1722 2907 2010 2989 Siyillum
2061 2907 2218 2984 Rex,
2278 2907 2445 2968 ridet

235 3019 481 3088 tamen,
515 3010 624 3092 qui
669 3010 738 3072 in
787 3031 937 3073 eum
983 3011 1180 3072 finem
1217 3009 1447 3072 dixerit
1478 3010 1780 3072 divinitus
1810 3011 2197 3090 imperatum.
2290 3011 2443 3072 Per-

237 3120 501 3195 gratum
528 3133 678 3175 vero
705 3111 979 3190 fecisset,
1013 3111 1067 3173 si
1097 3132 1223 3194 quo
1252 3113 1394 3176 1000
1422 3114 1788 3193 imperasset
1816 3112 1882 3175 id
1916 3113 2091 3175 Deus
2128 3113 2224 3193 (ut
2254 3112 2446 3175 nimi-

235 3237 386 3279 rum
432 3214 785 3279 horrendas
827 3214 1219 3299 proditiones
1249 3214 1669 3298 obsignaret),
1701 3237 1837 3279 non
1874 3216 2132 3278 celasset
2163 3237 2298 3293 nOS,
2332 3215 2443 3298 qui

234 3340 314 3381 ex
346 3317 509 3380 alius
539 3317 808 3400 imperio
837 3316 1242 3399 exsculptum
1274 3317 1512 3380 scimus
1542 3317 1823 3401 sigillum
1858 3318 2039 3396 illud,
2073 3339 2265 3399 quam
2296 3317 2440 3381 Dei.

240 3421 344 3484 Sit
387 3421 597 3483 salvus
630 3420 855 3503 Sigillo
886 3420 1090 3483 honos
1131 3441 1324 3496 suus3
1373 3419 1486 3483 sed
1518 3441 1671 3502 erga
1699 3421 2106 3503 poenitentes‚
2150 3440 2270 3482 nec
2300 3441 2443 3501 per·

237 3532 465 3609 gentes
508 3524 579 3587 in
623 3524 876 3587 scelere.
949 3523 1099 3590 Quo
1128 3544 1277 3587 vero
1321 3530 1458 3586 tam
1501 3523 1812 3586 immania
1854 3515 2093 3586 scelera
2136 3530 2444 3603 tanquam

231 3628 564 3693 involucro
611 3633 943 3710 teguntur,
995 3648 1129 3689 non
1171 3626 1315 3704 Dei,
1364 3647 1496 3689 non
1548 3624 1811 3703 Christi,
1861 3626 2117 3687 Satanae
2160 3624 2440 3707 sigillum

234 3739 353 3809 est,
389 3737 455 3794 et
486 3729 896 3793 Antichristi.

297 3850 431 3907 Quis
465 3835 600 3912 leges
637 3848 910 3912 prohibent
943 3849 1162 3913 recipere
1196 3848 1535 3913 [Sacerdotes]
1570 3847 1869 3907 Cstholicos,
1895 3882 1909 3896 .
1932 3882 1945 3895 .
1980 3844 2292 3896 reconciliari
2327 3859 2442 3894 cum

363 3930 585 3980 Ecclesia
604 3929 876 3988 Catholiea,
899 3965 913 3979 .
937 3966 950 3980 .
975 3967 987 3978 .
1010 3930 1252 3979 interesse
1289 3929 1491 3978 Missae:
1516 3928 1705 3993 jubent
1738 3927 1969 3991 praestari
1994 3926 2347 3988 juramentum
2379 3924 2442 3974 de

361 4010 586 4075 primatu
621 4009 774 4072 Regis
814 4009 897 4073 [in
931 4008 1320 4075 spiritualibus}
1355 4010 1436 4059 vel
1468 4045 1483 4060 .
1522 4046 1534 4059 .
1575 4047 1587 4059 .
1618 4009 1807 4073 suscipi
1850 4006 2199 4071 juramentum
2238 4005 2301 4054 de
2340 4020 2442 4055 11011

359 4090 581 4141 curanda
592 4091 1112 4140 excommunicatione
1134 4126 1147 4139 .
1172 4125 1185 4138 .
1213 4089 1488 4150 Pontificis,
1511 4092 1564 4138 et
1584 4089 1687 4138 alia
1709 4125 1722 4139 .
1751 4125 1763 4137 .
1790 4125 1802 4138 .
1824 4088 2003 4147 multa,
2021 4101 2134 4150 quse
2156 4085 2222 4136 ad
2246 4086 2443 4148 religio-

361 4186 481 4221 nem
502 4171 774 4235 pertinent,
798 4207 810 4219 .
836 4207 849 4220 .
875 4208 887 4220 .
911 4172 1095 4220 merito
1119 4170 1222 4219 dici
1245 4173 1456 4233 possunt
1481 4206 1493 4219 .
1517 4205 1529 4217 .
1555 4205 1566 4218 .
1593 4169 1842 4233 supplicio
1863 4168 1995 4218 affici
2017 4171 2222 4231 propter
2244 4166 2441 4228 religio-

360 4267 495 4313 nem,
512 4253 599 4316 qui
622 4257 829 4316 propter
850 4252 1295 4314 transgressionem
1314 4249 1561 4314 ejusmodi
1585 4250 1756 4313 legum
1780 4286 1793 4298 .
1810 4285 1822 4298 .
1843 4285 1857 4299 .
1879 4249 2126 4313 supplicio
2138 4248 2438 4299 afficiuntur.

356 4333 553 4383 —BelL
577 4333 726 4397 Apol.
748 4348 841 4398 pro
863 4333 1039 4397 Besp.]
1065 4348 1114 4397 p.
1139 4333 1247 4384 179.
1284 4331 1418 4396 [Op.‚
1440 4336 1563 4381 tom.
1589 4332 1673 4381 vii.
1699 4331 1791 4381 col.
1812 4333 1923 4381 805.
1948 4330 2004 4380 Β.
2024 4329 2101 4395 0.]

318 4432 594 4496 Saevitiae
624 4432 987 4515 opinionem
1038 4454 1077 4495 a
1118 4433 1287 4514 Reye
1330 4430 1603 4510 amoliri,
1635 4430 1799 4493 nihil
1830 4451 2025 4513 opus:
2075 4429 2189 4493 sed
2235 4450 2355 4492 nec
2400 4450 2438 4492 a
2465 4442 2654 4504 [Quare

231 4536 470 4618 Reqina
501 4535 825 4614 defuncta,
859 4535 989 4598 nisi
1020 4556 1131 4598 vos
1166 4535 1544 4598 clamatores
1581 4533 1788 4597 odiosi
1829 4553 1901 4596 ac
1936 4532 2195 4596 molesti
2238 4533 2435 4596 finem
2547 4535 2676 4597 317
