<?xml version="1.0" encoding="UTF-8"?>
<!DOCTYPE html PUBLIC "-//W3C//DTD XHTML 1.0 Transitional//EN"
    "http://www.w3.org/TR/xhtml1/DTD/xhtml1-transitional.dtd">
<html xmlns="http://www.w3.org/1999/xhtml" xml:lang="en" lang="en">
 <head>
  <title>
</title>
<meta http-equiv="Content-Type" content="text/html;charset=utf-8" />
  <meta name='ocr-system' content='tesseract 3.04.00' />
  <meta name='ocr-capabilities' content='ocr_page ocr_carea ocr_par ocr_line ocrx_word'/>
</head>
<body>
  <div class='ocr_page' id='page_1' title='image "./responsioadapol01andrgoog_0265.png"; bbox 0 0 3165 4959; ppageno 0'>
   <div class='ocr_carea' id='block_1_1' title="bbox 993 328 2498 398">
    <p class='ocr_par' dir='ltr' id='par_1_1' title="bbox 993 328 2498 398">
     <span class='ocr_line' id='line_1_1' title="bbox 993 328 2498 398; baseline 0.004 -8"><span class='ocrx_word' id='word_1_1' title='bbox 993 342 1362 390; x_wconf 68' lang='lat' dir='ltr'>Aronoomu</span> <span class='ocrx_word' id='word_1_2' title='bbox 1408 330 1775 390; x_wconf 71' lang='lat' dir='ltr'>nnsroNsm.</span> <span class='ocrx_word' id='word_1_3' title='bbox 2364 328 2498 398; x_wconf 79' lang='lat'>229</span> 
     </span>
    </p>
   </div>
   <div class='ocr_carea' id='block_1_2' title="bbox 272 495 2492 1179">
    <p class='ocr_par' dir='ltr' id='par_1_2' title="bbox 272 495 2492 1179">
     <span class='ocr_line' id='line_1_2' title="bbox 276 495 2492 579; baseline 0 -17"><span class='ocrx_word' id='word_1_4' title='bbox 276 503 441 576; x_wconf 82' lang='lat' dir='ltr'>tum,</span> <span class='ocrx_word' id='word_1_5' title='bbox 475 496 711 562; x_wconf 88' lang='lat' dir='ltr'>acriter</span> <span class='ocrx_word' id='word_1_6' title='bbox 738 503 958 561; x_wconf 88' lang='lat' dir='ltr'>tamen</span> <span class='ocrx_word' id='word_1_7' title='bbox 987 496 1078 561; x_wconf 92' lang='lat' dir='ltr'>ibi</span> <span class='ocrx_word' id='word_1_8' title='bbox 1110 502 1337 561; x_wconf 89' lang='lat' dir='ltr'>contra</span> <span class='ocrx_word' id='word_1_9' title='bbox 1364 495 1508 560; x_wconf 91' lang='lat' dir='ltr'>Arii</span> <span class='ocrx_word' id='word_1_10' title='bbox 1537 496 1773 579; x_wconf 85' lang='lat' dir='ltr'><strong>dogma</strong></span> <span class='ocrx_word' id='word_1_11' title='bbox 1801 495 2178 561; x_wconf 82' lang='lat' dir='ltr'>disseruisse</span> <span class='ocrx_word' id='word_1_12' title='bbox 2195 497 2230 560; x_wconf 89' lang='lat'>¹.</span> <span class='ocrx_word' id='word_1_13' title='bbox 2320 499 2492 563; x_wconf 83' lang='lat' dir='ltr'>Con-</span> 
     </span>
     <span class='ocr_line' id='line_1_3' title="bbox 273 599 2488 685; baseline 0 -20"><span class='ocrx_word' id='word_1_14' title='bbox 273 600 497 665; x_wconf 80' lang='lat' dir='ltr'>venire</span> <span class='ocrx_word' id='word_1_15' title='bbox 528 623 683 685; x_wconf 86' lang='lat' dir='ltr'>ergo</span> <span class='ocrx_word' id='word_1_16' title='bbox 701 622 907 684; x_wconf 88' lang='lat' dir='ltr'>posse,</span> <span class='ocrx_word' id='word_1_17' title='bbox 939 621 1123 685; x_wconf 88' lang='lat' dir='ltr'>posse</span> <span class='ocrx_word' id='word_1_18' title='bbox 1142 606 1207 663; x_wconf 90' lang='lat' dir='ltr'>et</span> <span class='ocrx_word' id='word_1_19' title='bbox 1227 600 1560 677; x_wconf 79' lang='lat' dir='ltr'>disserere,</span> <span class='ocrx_word' id='word_1_20' title='bbox 1595 606 1662 663; x_wconf 89' lang='lat' dir='ltr'>at</span> <span class='ocrx_word' id='word_1_21' title='bbox 1694 599 2072 683; x_wconf 87' lang='lat' dir='ltr'>suffragium</span> <span class='ocrx_word' id='word_1_22' title='bbox 2101 607 2324 664; x_wconf 90' lang='lat' dir='ltr'>tamen</span> <span class='ocrx_word' id='word_1_23' title='bbox 2352 624 2488 665; x_wconf 90' lang='lat' dir='ltr'>non</span> 
     </span>
     <span class='ocr_line' id='line_1_4' title="bbox 272 702 2483 788; baseline 0.001 -22"><span class='ocrx_word' id='word_1_24' title='bbox 272 703 537 782; x_wconf 79' lang='lat' dir='ltr'>habere.</span> <span class='ocrx_word' id='word_1_25' title='bbox 653 703 785 767; x_wconf 85' lang='lat' dir='ltr'>Sed</span> <span class='ocrx_word' id='word_1_26' title='bbox 833 724 1044 786; x_wconf 90' lang='lat' dir='ltr'>neque</span> <span class='ocrx_word' id='word_1_27' title='bbox 1095 703 1454 786; x_wconf 87' lang='lat' dir='ltr'>promiscue</span> <span class='ocrx_word' id='word_1_28' title='bbox 1503 703 1827 788; x_wconf 88' lang='lat' dir='ltr'>confluere</span> <span class='ocrx_word' id='word_1_29' title='bbox 1872 723 1948 766; x_wconf 91' lang='lat' dir='ltr'>eo</span> <span class='ocrx_word' id='word_1_30' title='bbox 1994 702 2483 772; x_wconf 81' lang='lat' dir='ltr'>multitudinem</span> 
     </span>
     <span class='ocr_line' id='line_1_5' title="bbox 273 804 2485 889; baseline 0.001 -21"><span class='ocrx_word' id='word_1_31' title='bbox 273 827 642 885; x_wconf 80' lang='lat' dir='ltr'>onerosam,</span> <span class='ocrx_word' id='word_1_32' title='bbox 685 806 796 870; x_wconf 85' lang='lat' dir='ltr'>sed</span> <span class='ocrx_word' id='word_1_33' title='bbox 827 807 929 869; x_wconf 88' lang='lat' dir='ltr'>vel</span> <span class='ocrx_word' id='word_1_34' title='bbox 967 805 1213 881; x_wconf 87' lang='lat' dir='ltr'>missos,</span> <span class='ocrx_word' id='word_1_35' title='bbox 1246 807 1347 886; x_wconf 84' lang='lat' dir='ltr'>vel</span> <span class='ocrx_word' id='word_1_36' title='bbox 1375 805 1561 869; x_wconf 86' lang='lat' dir='ltr'>venia</span> <span class='ocrx_word' id='word_1_37' title='bbox 1602 804 1752 868; x_wconf 89' lang='lat' dir='ltr'>data</span> <span class='ocrx_word' id='word_1_38' title='bbox 1791 805 1870 869; x_wconf 86' lang='lat' dir='ltr'>ab</span> <span class='ocrx_word' id='word_1_39' title='bbox 1903 805 2064 883; x_wconf 86' lang='lat' dir='ltr'>aliis,</span> <span class='ocrx_word' id='word_1_40' title='bbox 2099 827 2257 888; x_wconf 86' lang='lat' dir='ltr'>quos</span> <span class='ocrx_word' id='word_1_41' title='bbox 2286 828 2485 889; x_wconf 87' lang='lat' dir='ltr'>penes</span> 
     </span>
     <span class='ocr_line' id='line_1_6' title="bbox 273 901 2489 987; baseline 0 -15"><span class='ocrx_word' id='word_1_42' title='bbox 273 930 421 972; x_wconf 88' lang='lat' dir='ltr'>eam</span> <span class='ocrx_word' id='word_1_43' title='bbox 476 909 671 973; x_wconf 90' lang='lat' dir='ltr'>dandi</span> <span class='ocrx_word' id='word_1_44' title='bbox 723 908 997 974; x_wconf 79' lang='lat' dir='ltr'>facultas</span> <span class='ocrx_word' id='word_1_45' title='bbox 1043 917 1163 974; x_wconf 89' lang='lat' dir='ltr'>est.</span> <span class='ocrx_word' id='word_1_46' title='bbox 1254 901 1405 972; x_wconf 86' lang='lat' dir='ltr'>Nec</span> <span class='ocrx_word' id='word_1_47' title='bbox 1448 930 1655 972; x_wconf 71' lang='lat' dir='ltr'>omnes</span> <span class='ocrx_word' id='word_1_48' title='bbox 1700 930 1776 973; x_wconf 90' lang='lat' dir='ltr'>eo</span> <span class='ocrx_word' id='word_1_49' title='bbox 1805 907 2041 987; x_wconf 85' lang='lat' dir='ltr'>venire,</span> <span class='ocrx_word' id='word_1_50' title='bbox 2087 909 2198 973; x_wconf 88' lang='lat' dir='ltr'>sed</span> <span class='ocrx_word' id='word_1_51' title='bbox 2242 910 2489 974; x_wconf 91' lang='lat' dir='ltr'>nemini</span> 
     </span>
     <span class='ocr_line' id='line_1_7' title="bbox 273 1011 2487 1097; baseline 0.001 -23"><span class='ocrx_word' id='word_1_52' title='bbox 273 1011 527 1075; x_wconf 88' lang='lat' dir='ltr'>aditum</span> <span class='ocrx_word' id='word_1_53' title='bbox 566 1011 900 1087; x_wconf 85' lang='lat' dir='ltr'>interdici3</span> <span class='ocrx_word' id='word_1_54' title='bbox 948 1033 1081 1076; x_wconf 90' lang='lat' dir='ltr'>non</span> <span class='ocrx_word' id='word_1_55' title='bbox 1111 1032 1316 1074; x_wconf 79' lang='lat' dir='ltr'>omnes</span> <span class='ocrx_word' id='word_1_56' title='bbox 1352 1012 1662 1095; x_wconf 90' lang='lat' dir='ltr'>(inquam)</span> <span class='ocrx_word' id='word_1_57' title='bbox 1698 1011 1936 1090; x_wconf 87' lang='lat' dir='ltr'>venire,</span> <span class='ocrx_word' id='word_1_58' title='bbox 1982 1011 2093 1076; x_wconf 93' lang='lat' dir='ltr'>sed</span> <span class='ocrx_word' id='word_1_59' title='bbox 2141 1020 2214 1077; x_wconf 90' lang='lat' dir='ltr'>ut</span> <span class='ocrx_word' id='word_1_60' title='bbox 2259 1014 2487 1097; x_wconf 84' lang='lat' dir='ltr'>cuique</span> 
     </span>
     <span class='ocr_line' id='line_1_8' title="bbox 274 1114 1365 1179; baseline -0.002 0"><span class='ocrx_word' id='word_1_61' title='bbox 274 1122 500 1179; x_wconf 85' lang='lat' dir='ltr'>tamen</span> <span class='ocrx_word' id='word_1_62' title='bbox 527 1115 793 1179; x_wconf 88' lang='lat' dir='ltr'>libertas</span> <span class='ocrx_word' id='word_1_63' title='bbox 825 1115 909 1179; x_wconf 87' lang='lat' dir='ltr'>sit</span> <span class='ocrx_word' id='word_1_64' title='bbox 940 1136 1016 1179; x_wconf 91' lang='lat' dir='ltr'>eo</span> <span class='ocrx_word' id='word_1_65' title='bbox 1045 1114 1365 1179; x_wconf 85' lang='lat' dir='ltr'>veniendi.</span> 
     </span>
    </p>
   </div>
   <div class='ocr_carea' id='block_1_3' title="bbox 342 1264 2489 1661">
    <p class='ocr_par' dir='ltr' id='par_1_3' title="bbox 342 1264 2489 1661">
     <span class='ocr_line' id='line_1_9' title="bbox 342 1264 2489 1328; baseline 0.001 -14"><span class='ocrx_word' id='word_1_66' title='bbox 342 1264 497 1314; x_wconf 76' lang='lat' dir='ltr'>Vidit</span> <span class='ocrx_word' id='word_1_67' title='bbox 520 1302 531 1313; x_wconf 95' lang='lat'>.</span> <span class='ocrx_word' id='word_1_68' title='bbox 557 1302 568 1314; x_wconf 93' lang='lat'>.</span> <span class='ocrx_word' id='word_1_69' title='bbox 595 1302 606 1314; x_wconf 93' lang='lat'>.</span> <span class='ocrx_word' id='word_1_70' title='bbox 631 1264 821 1327; x_wconf 87' lang='lat' dir='ltr'>Regem</span> <span class='ocrx_word' id='word_1_71' title='bbox 839 1280 942 1315; x_wconf 92' lang='lat' dir='ltr'>non</span> <span class='ocrx_word' id='word_1_72' title='bbox 964 1279 1069 1315; x_wconf 84' lang='lat' dir='ltr'>esse</span> <span class='ocrx_word' id='word_1_73' title='bbox 1093 1264 1258 1328; x_wconf 89' lang='lat' dir='ltr'>Caput</span> <span class='ocrx_word' id='word_1_74' title='bbox 1281 1265 1531 1315; x_wconf 77' lang='lat' dir='ltr'>Ecclesiae.</span> <span class='ocrx_word' id='word_1_75' title='bbox 1602 1264 1863 1324; x_wconf 86' lang='lat' dir='ltr'>Quomodo</span> <span class='ocrx_word' id='word_1_76' title='bbox 1886 1267 2021 1317; x_wconf 89' lang='lat' dir='ltr'>enim</span> <span class='ocrx_word' id='word_1_77' title='bbox 2046 1266 2111 1316; x_wconf 88' lang='lat' dir='ltr'>ab</span> <span class='ocrx_word' id='word_1_78' title='bbox 2127 1265 2489 1316; x_wconf 79' lang='lat' dir='ltr'>Ecclesiasticis</span> 
     </span>
     <span class='ocr_line' id='line_1_10' title="bbox 409 1345 2488 1411; baseline 0 -16"><span class='ocrx_word' id='word_1_79' title='bbox 409 1347 630 1409; x_wconf 77' lang='lat' dir='ltr'>negotiis</span> <span class='ocrx_word' id='word_1_80' title='bbox 665 1350 919 1396; x_wconf 84' lang='lat' dir='ltr'>arceretur</span> <span class='ocrx_word' id='word_1_81' title='bbox 952 1346 1212 1411; x_wconf 78' lang='lat' dir='ltr'>[Ecclesioe</span> <span class='ocrx_word' id='word_1_82' title='bbox 1246 1345 1428 1410; x_wconf 74' lang='lat' dir='ltr'>ipsius]</span> <span class='ocrx_word' id='word_1_83' title='bbox 1460 1348 1646 1409; x_wconf 76' lang='lat' dir='ltr'>caputl</span> <span class='ocrx_word' id='word_1_84' title='bbox 1712 1346 1930 1397; x_wconf 83' lang='lat' dir='ltr'>Proinde</span> <span class='ocrx_word' id='word_1_85' title='bbox 1964 1346 2088 1407; x_wconf 86' lang='lat' dir='ltr'>Rex,</span> <span class='ocrx_word' id='word_1_86' title='bbox 2111 1347 2197 1410; x_wconf 91' lang='lat' dir='ltr'>qui</span> <span class='ocrx_word' id='word_1_87' title='bbox 2220 1350 2385 1410; x_wconf 84' lang='lat' dir='ltr'>caput,</span> <span class='ocrx_word' id='word_1_88' title='bbox 2409 1347 2488 1396; x_wconf 79' lang='lat' dir='ltr'>vel</span> 
     </span>
     <span class='ocr_line' id='line_1_11' title="bbox 408 1426 2488 1490; baseline 0 -14"><span class='ocrx_word' id='word_1_89' title='bbox 408 1463 422 1476; x_wconf 94' lang='lat'>.</span> <span class='ocrx_word' id='word_1_90' title='bbox 445 1463 457 1476; x_wconf 92' lang='lat'>.</span> <span class='ocrx_word' id='word_1_91' title='bbox 481 1463 493 1475; x_wconf 94' lang='lat'>.</span> <span class='ocrx_word' id='word_1_92' title='bbox 514 1426 911 1477; x_wconf 73' lang='lat' dir='ltr'>Gubernatorem</span> <span class='ocrx_word' id='word_1_93' title='bbox 925 1427 1212 1489; x_wconf 79' lang='lat' dir='ltr'>generalem</span> <span class='ocrx_word' id='word_1_94' title='bbox 1231 1426 1469 1476; x_wconf 72' lang='lat' dir='ltr'>Ecclesiae</span> <span class='ocrx_word' id='word_1_95' title='bbox 1493 1427 1658 1490; x_wconf 80' lang='lat' dir='ltr'>Regni</span> <span class='ocrx_word' id='word_1_96' title='bbox 1681 1427 1760 1476; x_wconf 80' lang='lat' dir='ltr'>aui</span> <span class='ocrx_word' id='word_1_97' title='bbox 1784 1442 1836 1476; x_wconf 85' lang='lat' dir='ltr'>se</span> <span class='ocrx_word' id='word_1_98' title='bbox 1859 1442 1964 1477; x_wconf 77' lang='lat' dir='ltr'>esse</span> <span class='ocrx_word' id='word_1_99' title='bbox 1986 1426 2115 1477; x_wconf 80' lang='lat' dir='ltr'>dicit</span> <span class='ocrx_word' id='word_1_100' title='bbox 2115 1462 2280 1487; x_wconf 91' lang='lat'>.....</span> <span class='ocrx_word' id='word_1_101' title='bbox 2306 1441 2488 1476; x_wconf 85' lang='lat' dir='ltr'>novam</span> 
     </span>
     <span class='ocr_line' id='line_1_12' title="bbox 411 1493 2487 1573; baseline 0 -16"><span class='ocrx_word' id='word_1_102' title='bbox 411 1508 753 1557; x_wconf 88' lang='lat' dir='ltr'>Conciliorum</span> <span class='ocrx_word' id='word_1_103' title='bbox 791 1495 1005 1558; x_wconf 80' lang='lat' dir='ltr'>formam</span> <span class='ocrx_word' id='word_1_104' title='bbox 1037 1508 1355 1558; x_wconf 75' lang='lat' dir='ltr'>introducere</span> <span class='ocrx_word' id='word_1_105' title='bbox 1390 1493 1818 1572; x_wconf 53' lang='lat' dir='ltr'>satagit—[Bell.</span> <span class='ocrx_word' id='word_1_106' title='bbox 1842 1509 1990 1572; x_wconf 88' lang='lat' dir='ltr'>Apol.</span> <span class='ocrx_word' id='word_1_107' title='bbox 2015 1524 2107 1572; x_wconf 90' lang='lat' dir='ltr'>pro</span> <span class='ocrx_word' id='word_1_108' title='bbox 2131 1507 2300 1573; x_wconf 68' lang='lat' dir='ltr'>Resp]</span> <span class='ocrx_word' id='word_1_109' title='bbox 2336 1524 2384 1573; x_wconf 87' lang='lat' dir='ltr'>p.</span> <span class='ocrx_word' id='word_1_110' title='bbox 2410 1511 2487 1559; x_wconf 88' lang='lat'>91.</span> 
     </span>
     <span class='ocr_line' id='line_1_13' title="bbox 411 1588 1257 1661; baseline 0.002 -24"><span class='ocrx_word' id='word_1_111' title='bbox 411 1589 545 1653; x_wconf 88' lang='lat' dir='ltr'>[Op.,</span> <span class='ocrx_word' id='word_1_112' title='bbox 567 1594 688 1638; x_wconf 88' lang='lat' dir='ltr'>tom.</span> <span class='ocrx_word' id='word_1_113' title='bbox 703 1590 790 1638; x_wconf 73' lang='lat' dir='ltr'>vii.</span> <span class='ocrx_word' id='word_1_114' title='bbox 816 1590 907 1639; x_wconf 91' lang='lat' dir='ltr'>col.</span> <span class='ocrx_word' id='word_1_115' title='bbox 933 1590 1043 1641; x_wconf 72' lang='lat'>755.</span> <span class='ocrx_word' id='word_1_116' title='bbox 1066 1588 1152 1653; x_wconf 87' lang='lat' dir='ltr'>D.]</span> <span class='ocrx_word' id='word_1_117' title='bbox 1253 1657 1257 1661; x_wconf 87' lang='lat'>.</span> 
     </span>
    </p>
   </div>
   <div class='ocr_carea' id='block_1_4' title="bbox 367 1654 2819 1814">
    <p class='ocr_par' dir='ltr' id='par_1_4' title="bbox 367 1654 2819 1814">
     <span class='ocr_line' id='line_1_14' title="bbox 367 1654 2819 1814; baseline -0.001 -62"><span class='ocrx_word' id='word_1_118' title='bbox 367 1688 555 1752; x_wconf 90' lang='lat' dir='ltr'>Nihil</span> <span class='ocrx_word' id='word_1_119' title='bbox 585 1710 733 1753; x_wconf 88' lang='lat' dir='ltr'>vero</span> <span class='ocrx_word' id='word_1_120' title='bbox 762 1667 859 1753; x_wconf 88' lang='lat' dir='ltr'>ibi</span> <span class='ocrx_word' id='word_1_121' title='bbox 888 1689 1074 1772; x_wconf 87' lang='lat' dir='ltr'>Regii</span> <span class='ocrx_word' id='word_1_122' title='bbox 1098 1688 1405 1765; x_wconf 75' lang='lat' dir='ltr'>muneriS,</span> <span class='ocrx_word' id='word_1_123' title='bbox 1438 1688 1563 1752; x_wconf 87' lang='lat' dir='ltr'>uisi</span> <span class='ocrx_word' id='word_1_124' title='bbox 1595 1654 1669 1751; x_wconf 86' lang='lat' dir='ltr'>ut</span> <span class='ocrx_word' id='word_1_125' title='bbox 1710 1688 1973 1771; x_wconf 84' lang='lat' dir='ltr'>(lictoris</span> <span class='ocrx_word' id='word_1_126' title='bbox 2003 1689 2226 1770; x_wconf 87' lang='lat' dir='ltr'>instar)</span> <span class='ocrx_word' id='word_1_127' title='bbox 2266 1687 2487 1752; x_wconf 82' lang='lat' dir='ltr'>turbas</span> <span class='ocrx_word' id='word_1_128' title='bbox 2513 1659 2819 1814; x_wconf 45' lang='lat' dir='ltr'>Effegnegffln-</span> 
     </span>
    </p>
   </div>
   <div class='ocr_carea' id='block_1_5' title="bbox 272 1791 2816 2800">
    <p class='ocr_par' dir='ltr' id='par_1_5' title="bbox 272 1791 2816 2288">
     <span class='ocr_line' id='line_1_15' title="bbox 275 1791 2816 1878; baseline 0 -24"><span class='ocrx_word' id='word_1_129' title='bbox 275 1798 700 1870; x_wconf 84' lang='lat' dir='ltr'>summoveat,</span> <span class='ocrx_word' id='word_1_130' title='bbox 763 1798 956 1874; x_wconf 88' lang='lat' dir='ltr'>atque</span> <span class='ocrx_word' id='word_1_131' title='bbox 1007 1791 1158 1869; x_wconf 88' lang='lat' dir='ltr'>vim,</span> <span class='ocrx_word' id='word_1_132' title='bbox 1219 1814 1350 1855; x_wconf 89' lang='lat' dir='ltr'>non</span> <span class='ocrx_word' id='word_1_133' title='bbox 1402 1792 1571 1854; x_wconf 83' lang='lat' dir='ltr'>videt</span> <span class='ocrx_word' id='word_1_134' title='bbox 1633 1792 1764 1853; x_wconf 71' lang='lat' dir='ltr'>Rex</span> <span class='ocrx_word' id='word_1_135' title='bbox 1785 1819 1803 1853; x_wconf 86' lang='lat'>.-</span> <span class='ocrx_word' id='word_1_136' title='bbox 1870 1792 2025 1855; x_wconf 85' lang='lat' dir='ltr'>alias</span> <span class='ocrx_word' id='word_1_137' title='bbox 2072 1793 2241 1854; x_wconf 84' lang='lat' dir='ltr'>videt</span> <span class='ocrx_word' id='word_1_138' title='bbox 2291 1791 2486 1855; x_wconf 72' lang='lat' dir='ltr'>fiiisse</span> <span class='ocrx_word' id='word_1_139' title='bbox 2512 1827 2816 1878; x_wconf 75' lang='lat' dir='ltr'>confirmant</span> 
     </span>
     <span class='ocr_line' id='line_1_16' title="bbox 272 1892 2778 1978; baseline 0 -22"><span class='ocrx_word' id='word_1_140' title='bbox 272 1901 493 1977; x_wconf 83' lang='lat' dir='ltr'>partes</span> <span class='ocrx_word' id='word_1_141' title='bbox 541 1895 970 1973; x_wconf 83' lang='lat' dir='ltr'>Constantini,</span> <span class='ocrx_word' id='word_1_142' title='bbox 1018 1894 1089 1957; x_wconf 92' lang='lat' dir='ltr'>in</span> <span class='ocrx_word' id='word_1_143' title='bbox 1141 1895 1433 1977; x_wconf 71' lang='lat' dir='ltr'>primom:</span> <span class='ocrx_word' id='word_1_144' title='bbox 1500 1894 1656 1957; x_wconf 84' lang='lat' dir='ltr'>alias</span> <span class='ocrx_word' id='word_1_145' title='bbox 1701 1894 2023 1958; x_wconf 88' lang='lat' dir='ltr'>Marciani</span> <span class='ocrx_word' id='word_1_146' title='bbox 2068 1895 2137 1958; x_wconf 91' lang='lat' dir='ltr'>in</span> <span class='ocrx_word' id='word_1_147' title='bbox 2187 1901 2414 1978; x_wconf 90' lang='lat' dir='ltr'>quarto</span> <span class='ocrx_word' id='word_1_148' title='bbox 2434 1904 2482 1959; x_wconf 85' lang='lat'>¹¹.</span> <span class='ocrx_word' id='word_1_149' title='bbox 2513 1892 2778 1957; x_wconf 57' lang='lat' dir='ltr'>eoncilia]</span> 
     </span>
     <span class='ocr_line' id='line_1_17' title="bbox 277 1991 2730 2082; baseline -0 -21"><span class='ocrx_word' id='word_1_150' title='bbox 277 1999 572 2081; x_wconf 89' lang='lat' dir='ltr'>Uterque</span> <span class='ocrx_word' id='word_1_151' title='bbox 618 1998 865 2082; x_wconf 86' lang='lat' dir='ltr'>praeivit</span> <span class='ocrx_word' id='word_1_152' title='bbox 912 1997 1077 2062; x_wconf 88' lang='lat' dir='ltr'>viam</span> <span class='ocrx_word' id='word_1_153' title='bbox 1113 1999 1419 2076; x_wconf 89' lang='lat' dir='ltr'>Concilio,</span> <span class='ocrx_word' id='word_1_154' title='bbox 1470 2006 1536 2062; x_wconf 92' lang='lat' dir='ltr'>et</span> <span class='ocrx_word' id='word_1_155' title='bbox 1578 1991 1812 2081; x_wconf 89' lang='lat' dir='ltr'>quibus</span> <span class='ocrx_word' id='word_1_156' title='bbox 1861 1998 1940 2062; x_wconf 91' lang='lat' dir='ltr'>de</span> <span class='ocrx_word' id='word_1_157' title='bbox 1984 1998 2196 2076; x_wconf 76' lang='lat' dir='ltr'>rebuS,</span> <span class='ocrx_word' id='word_1_158' title='bbox 2247 2005 2313 2062; x_wconf 90' lang='lat' dir='ltr'>et</span> <span class='ocrx_word' id='word_1_159' title='bbox 2360 2020 2486 2081; x_wconf 84' lang='lat' dir='ltr'>qua</span> <span class='ocrx_word' id='word_1_160' title='bbox 2600 1998 2730 2061; x_wconf 84' lang='lat'>170</span> 
     </span>
     <span class='ocr_line' id='line_1_18' title="bbox 272 2088 2482 2185; baseline 0 -22"><span class='ocrx_word' id='word_1_161' title='bbox 272 2100 526 2165; x_wconf 87' lang='lat' dir='ltr'>ratione</span> <span class='ocrx_word' id='word_1_162' title='bbox 571 2107 963 2165; x_wconf 82' lang='lat' dir='ltr'>tractarent:</span> <span class='ocrx_word' id='word_1_163' title='bbox 1015 2097 1286 2183; x_wconf 86' lang='lat' dir='ltr'>uterque</span> <span class='ocrx_word' id='word_1_164' title='bbox 1333 2088 1638 2185; x_wconf 83' lang='lat' dir='ltr'>suffragio</span> <span class='ocrx_word' id='word_1_165' title='bbox 1697 2122 1831 2179; x_wconf 72' lang='lat' dir='ltr'>sun,</span> <span class='ocrx_word' id='word_1_166' title='bbox 1882 2107 2074 2184; x_wconf 89' lang='lat' dir='ltr'>atque</span> <span class='ocrx_word' id='word_1_167' title='bbox 2131 2100 2482 2178; x_wconf 87' lang='lat' dir='ltr'>sanctione,</span> 
     </span>
     <span class='ocr_line' id='line_1_19' title="bbox 277 2197 2487 2288; baseline 0.001 -21"><span class='ocrx_word' id='word_1_168' title='bbox 277 2203 574 2267; x_wconf 87' lang='lat' dir='ltr'>Decretis</span> <span class='ocrx_word' id='word_1_169' title='bbox 605 2203 736 2267; x_wconf 84' lang='lat' dir='ltr'>vim</span> <span class='ocrx_word' id='word_1_170' title='bbox 768 2202 1033 2267; x_wconf 89' lang='lat' dir='ltr'>addidit.</span> <span class='ocrx_word' id='word_1_171' title='bbox 1125 2204 1338 2282; x_wconf 86' lang='lat' dir='ltr'>Certe,</span> <span class='ocrx_word' id='word_1_172' title='bbox 1371 2197 1423 2267; x_wconf 84' lang='lat' dir='ltr'>si</span> <span class='ocrx_word' id='word_1_173' title='bbox 1455 2205 1743 2283; x_wconf 79' lang='lat' dir='ltr'>aderant,</span> <span class='ocrx_word' id='word_1_174' title='bbox 1773 2211 1847 2267; x_wconf 91' lang='lat' dir='ltr'>ut</span> <span class='ocrx_word' id='word_1_175' title='bbox 1878 2204 1949 2267; x_wconf 91' lang='lat' dir='ltr'>in</span> <span class='ocrx_word' id='word_1_176' title='bbox 1978 2203 2189 2288; x_wconf 88' lang='lat' dir='ltr'>prima</span> <span class='ocrx_word' id='word_1_177' title='bbox 2221 2203 2487 2287; x_wconf 90' lang='lat' dir='ltr'>periodo</span> 
     </span>
    </p>

    <p class='ocr_par' dir='ltr' id='par_1_6' title="bbox 278 2306 2489 2391">
     <span class='ocr_line' id='line_1_20' title="bbox 278 2306 2489 2391; baseline -0.001 -21"><span class='ocrx_word' id='word_1_178' title='bbox 278 2306 391 2384; x_wconf 84' lang='lat' dir='ltr'>ait,</span> <span class='ocrx_word' id='word_1_179' title='bbox 423 2327 558 2370; x_wconf 90' lang='lat' dir='ltr'>non</span> <span class='ocrx_word' id='word_1_180' title='bbox 597 2306 973 2370; x_wconf 77' lang='lat' dir='ltr'>arcebantur</span> <span class='ocrx_word' id='word_1_181' title='bbox 1000 2306 1219 2390; x_wconf 87' lang='lat' dir='ltr'>igitur,</span> <span class='ocrx_word' id='word_1_182' title='bbox 1262 2306 1434 2390; x_wconf 91' lang='lat' dir='ltr'>quod</span> <span class='ocrx_word' id='word_1_183' title='bbox 1472 2308 1563 2371; x_wconf 90' lang='lat' dir='ltr'>ait</span> <span class='ocrx_word' id='word_1_184' title='bbox 1604 2308 1914 2391; x_wconf 85' lang='lat' dir='ltr'>proxima.</span> <span class='ocrx_word' id='word_1_185' title='bbox 2005 2308 2114 2385; x_wconf 87' lang='lat' dir='ltr'>Et,</span> <span class='ocrx_word' id='word_1_186' title='bbox 2147 2315 2489 2389; x_wconf 90' lang='lat' dir='ltr'>quantum-</span> 
     </span>
    </p>

    <p class='ocr_par' dir='ltr' id='par_1_7' title="bbox 277 2408 2491 2598">
     <span class='ocr_line' id='line_1_21' title="bbox 277 2408 2490 2496; baseline -0.001 -23"><span class='ocrx_word' id='word_1_187' title='bbox 277 2430 532 2493; x_wconf 90' lang='lat' dir='ltr'>cunque</span> <span class='ocrx_word' id='word_1_188' title='bbox 564 2431 631 2473; x_wconf 90' lang='lat' dir='ltr'>se</span> <span class='ocrx_word' id='word_1_189' title='bbox 661 2409 891 2494; x_wconf 86' lang='lat' dir='ltr'>fatig‘et</span> <span class='ocrx_word' id='word_1_190' title='bbox 923 2409 1304 2489; x_wconf 75' lang='lat' dir='ltr'>cardinalia,</span> <span class='ocrx_word' id='word_1_191' title='bbox 1331 2412 1514 2496; x_wconf 89' lang='lat' dir='ltr'>cujus</span> <span class='ocrx_word' id='word_1_192' title='bbox 1547 2409 1931 2473; x_wconf 86' lang='lat' dir='ltr'>auctoritate</span> <span class='ocrx_word' id='word_1_193' title='bbox 1952 2429 2215 2472; x_wconf 85' lang='lat' dir='ltr'>necesse</span> <span class='ocrx_word' id='word_1_194' title='bbox 2244 2408 2490 2472; x_wconf 87' lang='lat' dir='ltr'>habent</span> 
     </span>
     <span class='ocr_line' id='line_1_22' title="bbox 279 2506 2491 2598; baseline -0.001 -21"><span class='ocrx_word' id='word_1_195' title='bbox 279 2515 616 2578; x_wconf 87' lang='lat' dir='ltr'>convocari</span> <span class='ocrx_word' id='word_1_196' title='bbox 649 2512 938 2578; x_wconf 89' lang='lat' dir='ltr'>Concilia</span> <span class='ocrx_word' id='word_1_197' title='bbox 956 2506 975 2590; x_wconf 76' lang='lat'><em>3</em></span> <span class='ocrx_word' id='word_1_198' title='bbox 1024 2509 1208 2598; x_wconf 89' lang='lat' dir='ltr'>cujus</span> <span class='ocrx_word' id='word_1_199' title='bbox 1256 2516 1453 2578; x_wconf 90' lang='lat' dir='ltr'>etiam</span> <span class='ocrx_word' id='word_1_200' title='bbox 1496 2514 1884 2591; x_wconf 88' lang='lat' dir='ltr'>confirmari,</span> <span class='ocrx_word' id='word_1_201' title='bbox 1918 2535 2060 2597; x_wconf 87' lang='lat' dir='ltr'>quae</span> <span class='ocrx_word' id='word_1_202' title='bbox 2106 2512 2199 2577; x_wconf 92' lang='lat' dir='ltr'>ibi</span> <span class='ocrx_word' id='word_1_203' title='bbox 2233 2513 2491 2577; x_wconf 86' lang='lat' dir='ltr'>decreta</span> 
     </span>
    </p>

    <p class='ocr_par' dir='ltr' id='par_1_8' title="bbox 278 2607 2488 2700">
     <span class='ocr_line' id='line_1_23' title="bbox 278 2607 2488 2700; baseline -0.001 -20"><span class='ocrx_word' id='word_1_204' title='bbox 278 2623 434 2680; x_wconf 85' lang='lat' dir='ltr'>sunt</span> <span class='ocrx_word' id='word_1_205' title='bbox 461 2642 475 2679; x_wconf 72' lang='grc' dir='ltr'>ε</span> <span class='ocrx_word' id='word_1_206' title='bbox 531 2607 835 2699; x_wconf 57' lang='grc' dir='ltr'>(θεῖ’νεῩΟ</span> <span class='ocrx_word' id='word_1_207' title='bbox 868 2608 1222 2700; x_wconf 57' lang='grc' dir='ltr'>Βεςὶεξθεῑ)</span> <span class='ocrx_word' id='word_1_208' title='bbox 1270 2616 1402 2679; x_wconf 89' lang='lat' dir='ltr'>sint</span> <span class='ocrx_word' id='word_1_209' title='bbox 1430 2623 1816 2680; x_wconf 87' lang='lat' dir='ltr'>tractatores</span> <span class='ocrx_word' id='word_1_210' title='bbox 1861 2615 1973 2693; x_wconf 92' lang='lat' dir='ltr'>ibi,</span> <span class='ocrx_word' id='word_1_211' title='bbox 2008 2615 2116 2697; x_wconf 93' lang='lat' dir='ltr'>qui</span> <span class='ocrx_word' id='word_1_212' title='bbox 2147 2615 2385 2692; x_wconf 88' lang='lat' dir='ltr'>volent,</span> <span class='ocrx_word' id='word_1_213' title='bbox 2419 2614 2488 2678; x_wconf 87' lang='lat' dir='ltr'>Is</span> 
     </span>
    </p>

    <p class='ocr_par' dir='ltr' id='par_1_9' title="bbox 278 2712 2486 2800">
     <span class='ocr_line' id='line_1_24' title="bbox 278 2712 2486 2800; baseline -0.002 -16"><span class='ocrx_word' id='word_1_214' title='bbox 278 2720 420 2799; x_wconf 90' lang='lat' dir='ltr'>erit,</span> <span class='ocrx_word' id='word_1_215' title='bbox 453 2727 518 2783; x_wconf 91' lang='lat' dir='ltr'>et</span> <span class='ocrx_word' id='word_1_216' title='bbox 547 2741 636 2798; x_wconf 92' lang='lat' dir='ltr'>re,</span> <span class='ocrx_word' id='word_1_217' title='bbox 672 2726 739 2783; x_wconf 91' lang='lat' dir='ltr'>et</span> <span class='ocrx_word' id='word_1_218' title='bbox 756 2712 940 2795; x_wconf 52' lang='lat' dir='ltr'>“voce,</span> <span class='ocrx_word' id='word_1_219' title='bbox 966 2719 1267 2782; x_wconf 70' lang='lat' dir='ltr'>Ecclesiae</span> <span class='ocrx_word' id='word_1_220' title='bbox 1296 2720 1363 2781; x_wconf 80' lang='lat' dir='ltr'>in</span> <span class='ocrx_word' id='word_1_221' title='bbox 1392 2719 1606 2800; x_wconf 69' lang='lat' dir='ltr'>Reqno</span> <span class='ocrx_word' id='word_1_222' title='bbox 1637 2718 1881 2799; x_wconf 78' lang='lat' dir='ltr'>quidem</span> <span class='ocrx_word' id='word_1_223' title='bbox 1927 2738 2036 2780; x_wconf 73' lang='lat' dir='ltr'>suo</span> <span class='ocrx_word' id='word_1_224' title='bbox 2074 2716 2486 2780; x_wconf 77' lang='lat' dir='ltr'>Gubernator.</span> 
     </span>
    </p>
   </div>
   <div class='ocr_carea' id='block_1_6' title="bbox 345 2868 2493 3424">
    <p class='ocr_par' dir='ltr' id='par_1_10' title="bbox 345 2868 2493 3424">
     <span class='ocr_line' id='line_1_25' title="bbox 345 2868 2489 2937; baseline -0.002 -16"><span class='ocrx_word' id='word_1_225' title='bbox 345 2870 524 2921; x_wconf 80' lang='lat' dir='ltr'>Fidem</span> <span class='ocrx_word' id='word_1_226' title='bbox 548 2875 600 2935; x_wconf 87' lang='lat' dir='ltr'>et</span> <span class='ocrx_word' id='word_1_227' title='bbox 621 2871 919 2935; x_wconf 78' lang='lat' dir='ltr'>religionem</span> <span class='ocrx_word' id='word_1_228' title='bbox 945 2870 1117 2935; x_wconf 88' lang='lat' dir='ltr'>[quam</span> <span class='ocrx_word' id='word_1_229' title='bbox 1142 2870 1273 2935; x_wconf 83' lang='lat' dir='ltr'>ipse]</span> <span class='ocrx_word' id='word_1_230' title='bbox 1291 2868 1615 2937; x_wconf 79' lang='lat' dir='ltr'>reformatam</span> <span class='ocrx_word' id='word_1_231' title='bbox 1635 2869 1832 2933; x_wconf 76' lang='lat' dir='ltr'>[vocat]</span> <span class='ocrx_word' id='word_1_232' title='bbox 1859 2907 1870 2919; x_wconf 92' lang='lat'>.</span> <span class='ocrx_word' id='word_1_233' title='bbox 1896 2906 1908 2917; x_wconf 94' lang='lat'>.</span> <span class='ocrx_word' id='word_1_234' title='bbox 1934 2905 1947 2918; x_wconf 92' lang='lat'>.</span> <span class='ocrx_word' id='word_1_235' title='bbox 1971 2868 2122 2931; x_wconf 87' lang='lat' dir='ltr'>longe</span> <span class='ocrx_word' id='word_1_236' title='bbox 2143 2868 2315 2919; x_wconf 81' lang='lat' dir='ltr'>abesse</span> <span class='ocrx_word' id='word_1_237' title='bbox 2337 2883 2368 2917; x_wconf 86' lang='lat' dir='ltr'>a</span> <span class='ocrx_word' id='word_1_238' title='bbox 2390 2868 2489 2917; x_wconf 86' lang='lat' dir='ltr'>fide</span> 
     </span>
     <span class='ocr_line' id='line_1_26' title="bbox 410 2943 2488 3016; baseline -0.001 -14"><span class='ocrx_word' id='word_1_239' title='bbox 410 2956 463 3002; x_wconf 82' lang='lat' dir='ltr'>et</span> <span class='ocrx_word' id='word_1_240' title='bbox 480 2952 723 3015; x_wconf 78' lang='lat' dir='ltr'>religione</span> <span class='ocrx_word' id='word_1_241' title='bbox 745 2943 939 3016; x_wconf 58' lang='lat' dir='ltr'>Sjnodi</span> <span class='ocrx_word' id='word_1_242' title='bbox 968 2950 1407 3002; x_wconf 77' lang='lat' dir='ltr'>Chalcedonensis.</span> <span class='ocrx_word' id='word_1_243' title='bbox 1441 2988 1453 3001; x_wconf 94' lang='lat'>.</span> <span class='ocrx_word' id='word_1_244' title='bbox 1491 2990 1502 3001; x_wconf 92' lang='lat'>.</span> <span class='ocrx_word' id='word_1_245' title='bbox 1539 2988 1551 2999; x_wconf 93' lang='lat'>.</span> <span class='ocrx_word' id='word_1_246' title='bbox 1589 2950 1819 3000; x_wconf 86' lang='lat' dir='ltr'>Primum</span> <span class='ocrx_word' id='word_1_247' title='bbox 1853 2986 1865 2999; x_wconf 90' lang='lat'>.</span> <span class='ocrx_word' id='word_1_248' title='bbox 1901 2988 1913 2999; x_wconf 94' lang='lat'>.</span> <span class='ocrx_word' id='word_1_249' title='bbox 1949 2987 1961 2999; x_wconf 94' lang='lat'>.</span> <span class='ocrx_word' id='word_1_250' title='bbox 1989 2950 2244 3000; x_wconf 79' lang='lat' dir='ltr'>Primatua</span> <span class='ocrx_word' id='word_1_251' title='bbox 2274 2949 2488 3000; x_wconf 83' lang='lat' dir='ltr'>Romani</span> 
     </span>
     <span class='ocr_line' id='line_1_27' title="bbox 408 3031 2490 3096; baseline -0 -14"><span class='ocrx_word' id='word_1_252' title='bbox 408 3034 672 3084; x_wconf 80' lang='lat' dir='ltr'>Pontificis</span> <span class='ocrx_word' id='word_1_253' title='bbox 693 3071 705 3085; x_wconf 93' lang='lat'>.</span> <span class='ocrx_word' id='word_1_254' title='bbox 729 3071 742 3084; x_wconf 92' lang='lat'>.</span> <span class='ocrx_word' id='word_1_255' title='bbox 767 3071 780 3083; x_wconf 92' lang='lat'>.</span> <span class='ocrx_word' id='word_1_256' title='bbox 806 3049 869 3084; x_wconf 86' lang='lat' dir='ltr'>ex</span> <span class='ocrx_word' id='word_1_257' title='bbox 893 3034 987 3084; x_wconf 88' lang='lat' dir='ltr'>hoc</span> <span class='ocrx_word' id='word_1_258' title='bbox 1011 3033 1239 3084; x_wconf 87' lang='lat' dir='ltr'>Concilio</span> <span class='ocrx_word' id='word_1_259' title='bbox 1263 3033 1528 3083; x_wconf 79' lang='lat' dir='ltr'>manifeste</span> <span class='ocrx_word' id='word_1_260' title='bbox 1549 3032 1824 3095; x_wconf 84' lang='lat' dir='ltr'>colligitur.</span> <span class='ocrx_word' id='word_1_261' title='bbox 1891 3031 2109 3082; x_wconf 79' lang='lat' dir='ltr'>Exstant</span> <span class='ocrx_word' id='word_1_262' title='bbox 2123 3031 2367 3096; x_wconf 71' lang='lat' dir='ltr'>Epiawlae</span> <span class='ocrx_word' id='word_1_263' title='bbox 2383 3032 2490 3095; x_wconf 91' lang='lat' dir='ltr'>plu-</span> 
     </span>
     <span class='ocr_line' id='line_1_28' title="bbox 414 3106 2493 3178; baseline -0 -16"><span class='ocrx_word' id='word_1_264' title='bbox 414 3114 561 3162; x_wconf 76' lang='lat' dir='ltr'>rimae</span> <span class='ocrx_word' id='word_1_265' title='bbox 599 3114 665 3164; x_wconf 83' lang='lat' dir='ltr'>ad</span> <span class='ocrx_word' id='word_1_266' title='bbox 701 3114 925 3164; x_wconf 84' lang='lat' dir='ltr'>Leonem</span> <span class='ocrx_word' id='word_1_267' title='bbox 960 3106 1298 3178; x_wconf 61' lang='lat' dir='ltr'>[Pontificum</span> <span class='ocrx_word' id='word_1_268' title='bbox 1336 3116 1390 3163; x_wconf 86' lang='lat' dir='ltr'>et</span> <span class='ocrx_word' id='word_1_269' title='bbox 1414 3112 1700 3163; x_wconf 86' lang='lat' dir='ltr'>Concilium</span> <span class='ocrx_word' id='word_1_270' title='bbox 1735 3111 2176 3176; x_wconf 80' lang='lat' dir='ltr'>Chalcedonense,]</span> <span class='ocrx_word' id='word_1_271' title='bbox 2212 3117 2264 3162; x_wconf 84' lang='lat' dir='ltr'>et</span> <span class='ocrx_word' id='word_1_272' title='bbox 2294 3126 2493 3176; x_wconf 81' lang='lat' dir='ltr'>semper</span> 
     </span>
     <span class='ocr_line' id='line_1_29' title="bbox 409 3196 2489 3261; baseline -0.001 -14"><span class='ocrx_word' id='word_1_273' title='bbox 409 3212 596 3247; x_wconf 86' lang='lat' dir='ltr'>nomen</span> <span class='ocrx_word' id='word_1_274' title='bbox 617 3196 876 3246; x_wconf 68' lang='lat' dir='ltr'>Pontificio</span> <span class='ocrx_word' id='word_1_275' title='bbox 894 3197 1091 3245; x_wconf 89' lang='lat' dir='ltr'>nomini</span> <span class='ocrx_word' id='word_1_276' title='bbox 1115 3196 1332 3246; x_wconf 89' lang='lat' dir='ltr'>Concilii</span> <span class='ocrx_word' id='word_1_277' title='bbox 1349 3198 1693 3261; x_wconf 82' lang='lat' dir='ltr'>anteponitur,</span> <span class='ocrx_word' id='word_1_278' title='bbox 1711 3196 1806 3246; x_wconf 91' lang='lat' dir='ltr'>hoc</span> <span class='ocrx_word' id='word_1_279' title='bbox 1825 3196 1994 3257; x_wconf 89' lang='lat' dir='ltr'>modo,</span> <span class='ocrx_word' id='word_1_280' title='bbox 2018 3199 2032 3222; x_wconf 92' lang='lat'><em>‘</em></span> <span class='ocrx_word' id='word_1_281' title='bbox 2046 3196 2374 3246; x_wconf 84' lang='lat' dir='ltr'>Sanctissimo</span> <span class='ocrx_word' id='word_1_282' title='bbox 2399 3233 2410 3245; x_wconf 93' lang='lat'>.</span> <span class='ocrx_word' id='word_1_283' title='bbox 2436 3231 2448 3243; x_wconf 90' lang='lat'>.</span> <span class='ocrx_word' id='word_1_284' title='bbox 2476 3229 2489 3244; x_wconf 92' lang='lat'>.</span> 
     </span>
     <span class='ocr_line' id='line_1_30' title="bbox 415 3277 2491 3342; baseline -0.001 -15"><span class='ocrx_word' id='word_1_285' title='bbox 415 3277 702 3328; x_wconf 74' lang='lat' dir='ltr'>Universali</span> <span class='ocrx_word' id='word_1_286' title='bbox 721 3277 1131 3341; x_wconf 80' lang='lat' dir='ltr'>Archiepiscopo‚</span> <span class='ocrx_word' id='word_1_287' title='bbox 1152 3314 1163 3326; x_wconf 94' lang='lat'>.</span> <span class='ocrx_word' id='word_1_288' title='bbox 1189 3314 1201 3327; x_wconf 92' lang='lat'>.</span> <span class='ocrx_word' id='word_1_289' title='bbox 1225 3313 1238 3326; x_wconf 98' lang='lat'>.</span> <span class='ocrx_word' id='word_1_290' title='bbox 1257 3283 1310 3327; x_wconf 82' lang='lat' dir='ltr'>ct</span> <span class='ocrx_word' id='word_1_291' title='bbox 1332 3278 1605 3328; x_wconf 79' lang='lat' dir='ltr'>universali</span> <span class='ocrx_word' id='word_1_292' title='bbox 1630 3316 1641 3327; x_wconf 91' lang='lat'>.</span> <span class='ocrx_word' id='word_1_293' title='bbox 1668 3316 1679 3328; x_wconf 93' lang='lat'>.</span> <span class='ocrx_word' id='word_1_294' title='bbox 1706 3315 1717 3328; x_wconf 95' lang='lat'>.</span> <span class='ocrx_word' id='word_1_295' title='bbox 1743 3277 1947 3341; x_wconf 82' lang='lat' dir='ltr'>Synodo</span> <span class='ocrx_word' id='word_1_296' title='bbox 1956 3287 2056 3328; x_wconf 81' lang='lat'>⁰.—</span> <span class='ocrx_word' id='word_1_297' title='bbox 2065 3277 2212 3342; x_wconf 82' lang='lat' dir='ltr'>[Bell.</span> <span class='ocrx_word' id='word_1_298' title='bbox 2229 3277 2379 3340; x_wconf 75' lang='lat' dir='ltr'>Apol.</span> <span class='ocrx_word' id='word_1_299' title='bbox 2400 3290 2491 3340; x_wconf 88' lang='lat' dir='ltr'>pro</span> 
     </span>
     <span class='ocr_line' id='line_1_31' title="bbox 412 3357 1692 3424; baseline -0.001 -15"><span class='ocrx_word' id='word_1_300' title='bbox 412 3357 585 3423; x_wconf 81' lang='lat' dir='ltr'>Rcsp.]</span> <span class='ocrx_word' id='word_1_301' title='bbox 610 3373 693 3422; x_wconf 84' lang='lat' dir='ltr'>pp.</span> <span class='ocrx_word' id='word_1_302' title='bbox 718 3361 798 3419; x_wconf 85' lang='lat'>91,</span> <span class='ocrx_word' id='word_1_303' title='bbox 822 3360 900 3407; x_wconf 84' lang='lat'>92.</span> <span class='ocrx_word' id='word_1_304' title='bbox 936 3357 1069 3423; x_wconf 87' lang='lat' dir='ltr'>[Op.,</span> <span class='ocrx_word' id='word_1_305' title='bbox 1091 3362 1214 3408; x_wconf 89' lang='lat' dir='ltr'>tom.</span> <span class='ocrx_word' id='word_1_306' title='bbox 1239 3360 1329 3408; x_wconf 74' lang='lat' dir='ltr'>vii.</span> <span class='ocrx_word' id='word_1_307' title='bbox 1353 3359 1446 3410; x_wconf 88' lang='lat' dir='ltr'>col.</span> <span class='ocrx_word' id='word_1_308' title='bbox 1461 3360 1573 3411; x_wconf 83' lang='lat'>756.</span> <span class='ocrx_word' id='word_1_309' title='bbox 1596 3359 1692 3424; x_wconf 80' lang='lat' dir='ltr'>A.]·</span> 
     </span>
    </p>
   </div>
   <div class='ocr_carea' id='block_1_7' title="bbox 276 3438 2819 3749">
    <p class='ocr_par' dir='ltr' id='par_1_11' title="bbox 276 3438 2819 3749">
     <span class='ocr_line' id='line_1_32' title="bbox 369 3438 2819 3543; baseline -0.003 -18"><span class='ocrx_word' id='word_1_310' title='bbox 369 3459 561 3525; x_wconf 79' lang='lat' dir='ltr'>Quod</span> <span class='ocrx_word' id='word_1_311' title='bbox 589 3458 681 3523; x_wconf 91' lang='lat' dir='ltr'>ibi</span> <span class='ocrx_word' id='word_1_312' title='bbox 702 3460 843 3542; x_wconf 88' lang='lat' dir='ltr'>jam</span> <span class='ocrx_word' id='word_1_313' title='bbox 862 3438 1183 3541; x_wconf 70' lang='lat' dir='ltr'>sequitur,</span> <span class='ocrx_word' id='word_1_314' title='bbox 1211 3458 1290 3523; x_wconf 88' lang='lat' dir='ltr'>de</span> <span class='ocrx_word' id='word_1_315' title='bbox 1314 3445 1544 3542; x_wconf 82' lang='lat' dir='ltr'>quarto</span> <span class='ocrx_word' id='word_1_316' title='bbox 1569 3459 1898 3537; x_wconf 89' lang='lat' dir='ltr'>Generali,</span> <span class='ocrx_word' id='word_1_317' title='bbox 1924 3460 2072 3543; x_wconf 76' lang='lat' dir='ltr'>jure</span> <span class='ocrx_word' id='word_1_318' title='bbox 2097 3459 2241 3541; x_wconf 89' lang='lat' dir='ltr'>quis</span> <span class='ocrx_word' id='word_1_319' title='bbox 2262 3479 2490 3522; x_wconf 85' lang='lat' dir='ltr'>nume·</span> <span class='ocrx_word' id='word_1_320' title='bbox 2521 3468 2819 3533; x_wconf 75' lang='lat' dir='ltr'>[Chalcedo-</span> 
     </span>
     <span class='ocr_line' id='line_1_33' title="bbox 276 3544 2799 3649; baseline -0.002 -22"><span class='ocrx_word' id='word_1_321' title='bbox 276 3571 380 3627; x_wconf 88' lang='lat' dir='ltr'>ret</span> <span class='ocrx_word' id='word_1_322' title='bbox 425 3563 599 3626; x_wconf 88' lang='lat' dir='ltr'>inter</span> <span class='ocrx_word' id='word_1_323' title='bbox 643 3544 978 3626; x_wconf 83' lang='lat' dir='ltr'>Paradoxa</span> <span class='ocrx_word' id='word_1_324' title='bbox 1009 3562 1369 3626; x_wconf 86' lang='lat' dir='ltr'>Cardinalis</span> <span class='ocrx_word' id='word_1_325' title='bbox 1392 3589 1405 3626; x_wconf 89' lang='lat'>:</span> <span class='ocrx_word' id='word_1_326' title='bbox 1431 3562 1626 3645; x_wconf 79' lang='lat' dir='ltr'>&#39;quod</span> <span class='ocrx_word' id='word_1_327' title='bbox 1668 3563 1994 3623; x_wconf 77' lang='lat' dir='ltr'>Primatus</span> <span class='ocrx_word' id='word_1_328' title='bbox 2021 3561 2290 3624; x_wconf 78' lang='lat' dir='ltr'>Romani</span> <span class='ocrx_word' id='word_1_329' title='bbox 2320 3561 2489 3622; x_wconf 84' lang='lat' dir='ltr'>Pon·</span> <span class='ocrx_word' id='word_1_330' title='bbox 2516 3549 2670 3649; x_wconf 54' lang='lat'>{222⁰</span> <span class='ocrx_word' id='word_1_331' title='bbox 2688 3598 2799 3648; x_wconf 76' lang='lat' dir='ltr'>Rex</span> 
     </span>
     <span class='ocr_line' id='line_1_34' title="bbox 277 3663 2741 3749; baseline -0 -20"><span class='ocrx_word' id='word_1_332' title='bbox 277 3667 469 3749; x_wconf 65' lang='lat' dir='ltr'>inficis</span> <span class='ocrx_word' id='word_1_333' title='bbox 497 3664 822 3749; x_wconf 55' lang='lat' dir='ltr'>manifeste</span> <span class='ocrx_word' id='word_1_334' title='bbox 851 3686 930 3728; x_wconf 70' lang='lat' dir='ltr'>ex</span> <span class='ocrx_word' id='word_1_335' title='bbox 958 3686 1030 3729; x_wconf 86' lang='lat' dir='ltr'>eo</span> <span class='ocrx_word' id='word_1_336' title='bbox 1054 3666 1329 3729; x_wconf 78' lang='lat' dir='ltr'>Concilio</span> <span class='ocrx_word' id='word_1_337' title='bbox 1361 3667 1713 3747; x_wconf 69' lang='lat' dir='ltr'>colliqatur.</span> <span class='ocrx_word' id='word_1_338' title='bbox 1781 3666 1862 3727; x_wconf 81' lang='lat' dir='ltr'>In</span> <span class='ocrx_word' id='word_1_339' title='bbox 1892 3670 2115 3746; x_wconf 79' lang='lat' dir='ltr'>quarto</span> <span class='ocrx_word' id='word_1_340' title='bbox 2143 3666 2491 3745; x_wconf 79' lang='lat' dir='ltr'>primatum</span> <span class='ocrx_word' id='word_1_341' title='bbox 2516 3663 2741 3728; x_wconf 60' lang='lat' dir='ltr'>recipit]</span> 
     </span>
    </p>
   </div>
   <div class='ocr_carea' id='block_1_8' title="bbox 278 3766 2492 3852">
    <p class='ocr_par' dir='ltr' id='par_1_12' title="bbox 278 3766 2492 3852">
     <span class='ocr_line' id='line_1_35' title="bbox 278 3766 2492 3852; baseline -0.003 -18"><span class='ocrx_word' id='word_1_342' title='bbox 278 3769 612 3851; x_wconf 69' lang='lat' dir='ltr'>Pomfficis</span> <span class='ocrx_word' id='word_1_343' title='bbox 659 3770 870 3852; x_wconf 72' lang='lat' dir='ltr'>colliqi</span> <span class='ocrx_word' id='word_1_344' title='bbox 921 3766 1244 3852; x_wconf 68' lang='lat' dir='ltr'>manifeste</span> <span class='ocrx_word' id='word_1_345' title='bbox 1266 3770 1301 3832; x_wconf 64' lang='grc' dir='ltr'>,Ρ</span> <span class='ocrx_word' id='word_1_346' title='bbox 1353 3776 1420 3832; x_wconf 89' lang='lat' dir='ltr'>et</span> <span class='ocrx_word' id='word_1_347' title='bbox 1470 3789 1609 3832; x_wconf 86' lang='lat' dir='ltr'>eam</span> <span class='ocrx_word' id='word_1_348' title='bbox 1659 3767 2020 3849; x_wconf 61' lang='lat' dir='ltr'>religionem</span> <span class='ocrx_word' id='word_1_349' title='bbox 2070 3787 2200 3830; x_wconf 77' lang='lat' dir='ltr'>esse</span> <span class='ocrx_word' id='word_1_350' title='bbox 2253 3767 2492 3848; x_wconf 79' lang='lat' dir='ltr'>Synodi</span> 
     </span>
    </p>
   </div>
   <div class='ocr_carea' id='block_1_9' title="bbox 276 3968 2495 4297">
    <p class='ocr_par' dir='ltr' id='par_1_13' title="bbox 276 3968 2492 4166">
     <span class='ocr_line' id='line_1_36' title="bbox 346 3968 2492 4039; baseline -0.002 -16"><span class='ocrx_word' id='word_1_351' title='bbox 346 3973 359 4005; x_wconf 81' lang='lat'>¹</span> <span class='ocrx_word' id='word_1_352' title='bbox 400 3973 558 4039; x_wconf 79' lang='lat' dir='ltr'>[Vide</span> <span class='ocrx_word' id='word_1_353' title='bbox 624 3974 675 4023; x_wconf 87' lang='lat' dir='ltr'>S.</span> <span class='ocrx_word' id='word_1_354' title='bbox 721 3973 913 4024; x_wconf 86' lang='lat' dir='ltr'>Athan.</span> <span class='ocrx_word' id='word_1_355' title='bbox 970 3973 1120 4037; x_wconf 77' lang='lat' dir='ltr'>Apol.</span> <span class='ocrx_word' id='word_1_356' title='bbox 1177 3976 1338 4023; x_wconf 89' lang='lat' dir='ltr'>contr.</span> <span class='ocrx_word' id='word_1_357' title='bbox 1428 3971 1520 4022; x_wconf 87' lang='lat' dir='ltr'>col.</span> <span class='ocrx_word' id='word_1_358' title='bbox 1541 3974 1651 4021; x_wconf 82' lang='lat'>609.</span> <span class='ocrx_word' id='word_1_359' title='bbox 1666 3975 1701 4033; x_wconf 70' lang='grc' dir='ltr'>ς)</span> <span class='ocrx_word' id='word_1_360' title='bbox 1729 3974 1783 4020; x_wconf 89' lang='lat' dir='ltr'>et</span> <span class='ocrx_word' id='word_1_361' title='bbox 1796 3969 2035 4020; x_wconf 79' lang='lat' dir='ltr'>Edictum</span> <span class='ocrx_word' id='word_1_362' title='bbox 2059 3969 2122 4019; x_wconf 89' lang='lat' dir='ltr'>de</span> <span class='ocrx_word' id='word_1_363' title='bbox 2144 3968 2492 4019; x_wconf 84' lang='lat' dir='ltr'>confirmando</span> 
     </span>
     <span class='ocr_line' id='line_1_37' title="bbox 277 4034 2491 4103; baseline -0.001 -14"><span class='ocrx_word' id='word_1_364' title='bbox 277 4040 454 4089; x_wconf 82' lang='lat' dir='ltr'>Arian.</span> <span class='ocrx_word' id='word_1_365' title='bbox 469 4043 586 4089; x_wconf 73' lang='lat' dir='ltr'>sect.</span> <span class='ocrx_word' id='word_1_366' title='bbox 606 4042 655 4088; x_wconf 87' lang='grc'>6.</span> <span class='ocrx_word' id='word_1_367' title='bbox 677 4038 790 4103; x_wconf 91' lang='lat' dir='ltr'>Op.,</span> <span class='ocrx_word' id='word_1_368' title='bbox 811 4044 933 4088; x_wconf 83' lang='lat' dir='ltr'>tom.</span> <span class='ocrx_word' id='word_1_369' title='bbox 952 4038 985 4088; x_wconf 85' lang='lat' dir='ltr'>i.</span> <span class='ocrx_word' id='word_1_370' title='bbox 1009 4053 1060 4101; x_wconf 90' lang='lat' dir='ltr'>p.</span> <span class='ocrx_word' id='word_1_371' title='bbox 1080 4040 1189 4088; x_wconf 83' lang='lat'>128.</span> <span class='ocrx_word' id='word_1_372' title='bbox 1207 4038 1263 4088; x_wconf 88' lang='lat' dir='ltr'>C.</span> <span class='ocrx_word' id='word_1_373' title='bbox 1277 4038 1338 4087; x_wconf 93' lang='lat' dir='ltr'>D.</span> <span class='ocrx_word' id='word_1_374' title='bbox 1430 4036 1679 4095; x_wconf 84' lang='lat' dir='ltr'>Concilio;</span> <span class='ocrx_word' id='word_1_375' title='bbox 1707 4036 1874 4093; x_wconf 82' lang='lat' dir='ltr'>(Cone.</span> <span class='ocrx_word' id='word_1_376' title='bbox 1887 4034 2054 4085; x_wconf 87' lang='lat' dir='ltr'>Chalc.</span> <span class='ocrx_word' id='word_1_377' title='bbox 2078 4034 2186 4085; x_wconf 87' lang='lat' dir='ltr'>Par.</span> <span class='ocrx_word' id='word_1_378' title='bbox 2205 4034 2280 4083; x_wconf 91' lang='lat' dir='ltr'>iii.</span> <span class='ocrx_word' id='word_1_379' title='bbox 2300 4049 2406 4098; x_wconf 85' lang='lat' dir='ltr'>cap.</span> <span class='ocrx_word' id='word_1_380' title='bbox 2425 4034 2491 4086; x_wconf 65' lang='lat' dir='ltr'>ir.</span> 
     </span>
     <span class='ocr_line' id='line_1_38' title="bbox 276 4099 2183 4166; baseline -0.004 -11"><span class='ocrx_word' id='word_1_381' title='bbox 276 4110 333 4155; x_wconf 83' lang='lat' dir='ltr'>et</span> <span class='ocrx_word' id='word_1_382' title='bbox 354 4104 486 4153; x_wconf 88' lang='lat' dir='ltr'>Socr.</span> <span class='ocrx_word' id='word_1_383' title='bbox 505 4103 639 4153; x_wconf 75' lang='lat' dir='ltr'>nist.</span> <span class='ocrx_word' id='word_1_384' title='bbox 658 4103 791 4153; x_wconf 84' lang='lat' dir='ltr'>Eccl.</span> <span class='ocrx_word' id='word_1_385' title='bbox 817 4103 905 4152; x_wconf 92' lang='lat' dir='ltr'>lib.</span> <span class='ocrx_word' id='word_1_386' title='bbox 923 4105 955 4153; x_wconf 90' lang='lat' dir='ltr'>i.</span> <span class='ocrx_word' id='word_1_387' title='bbox 979 4118 1084 4166; x_wconf 87' lang='lat' dir='ltr'>cap.</span> <span class='ocrx_word' id='word_1_388' title='bbox 1101 4105 1145 4152; x_wconf 88' lang='grc'>8.</span> <span class='ocrx_word' id='word_1_389' title='bbox 1171 4118 1219 4166; x_wconf 87' lang='lat' dir='ltr'>p.</span> <span class='ocrx_word' id='word_1_390' title='bbox 1242 4101 1341 4166; x_wconf 89' lang='grc'><strong>19.]</strong></span> <span class='ocrx_word' id='word_1_391' title='bbox 1430 4101 1555 4152; x_wconf 87' lang='lat' dir='ltr'>ibid.</span> <span class='ocrx_word' id='word_1_392' title='bbox 1579 4102 1671 4151; x_wconf 90' lang='lat' dir='ltr'>col.</span> <span class='ocrx_word' id='word_1_393' title='bbox 1699 4101 1836 4163; x_wconf 73' lang='lat'>841.)</span> <span class='ocrx_word' id='word_1_394' title='bbox 1857 4099 1878 4163; x_wconf 95' lang='lat'>]</span> <span class='ocrx_word' id='word_1_395' title='bbox 2177 4138 2183 4147; x_wconf 88' lang='lat'>.</span> 
     </span>
    </p>

    <p class='ocr_par' dir='ltr' id='par_1_14' title="bbox 277 4161 2495 4297">
     <span class='ocr_line' id='line_1_39' title="bbox 347 4161 2495 4245; baseline -0.005 -25"><span class='ocrx_word' id='word_1_396' title='bbox 347 4176 381 4199; x_wconf 78' lang='lat'>¹²</span> <span class='ocrx_word' id='word_1_397' title='bbox 416 4167 574 4245; x_wconf 72' lang='lat' dir='ltr'>[Vide</span> <span class='ocrx_word' id='word_1_398' title='bbox 610 4167 791 4219; x_wconf 74' lang='lat' dir='ltr'>Euaeb.</span> <span class='ocrx_word' id='word_1_399' title='bbox 832 4168 895 4218; x_wconf 82' lang='lat' dir='ltr'>de</span> <span class='ocrx_word' id='word_1_400' title='bbox 922 4168 1047 4218; x_wconf 79' lang='lat' dir='ltr'>Vita</span> <span class='ocrx_word' id='word_1_401' title='bbox 1082 4167 1340 4218; x_wconf 77' lang='lat' dir='ltr'>Constant..</span> <span class='ocrx_word' id='word_1_402' title='bbox 1494 4176 1517 4200; x_wconf 86' lang='lat'>⁰</span> <span class='ocrx_word' id='word_1_403' title='bbox 1553 4167 1656 4231; x_wconf 69' lang='grc' dir='ltr'>[Τῷ</span> <span class='ocrx_word' id='word_1_404' title='bbox 1710 4164 1961 4226; x_wconf 72' lang='grc' dir='ltr'>ἁγιωτάτῳ</span> <span class='ocrx_word' id='word_1_405' title='bbox 2015 4164 2094 4213; x_wconf 70' lang='grc' dir='ltr'>καὶ</span> <span class='ocrx_word' id='word_1_406' title='bbox 2148 4161 2495 4225; x_wconf 72' lang='grc' dir='ltr'><strong><em>μακαριωτάτφ</em></strong></span> 
     </span>
     <span class='ocr_line' id='line_1_40' title="bbox 277 4225 2492 4297; baseline -0.003 -14"><span class='ocrx_word' id='word_1_407' title='bbox 277 4233 368 4284; x_wconf 81' lang='lat' dir='ltr'>lib.</span> <span class='ocrx_word' id='word_1_408' title='bbox 394 4233 466 4282; x_wconf 72' lang='lat' dir='ltr'>iai.</span> <span class='ocrx_word' id='word_1_409' title='bbox 484 4248 623 4297; x_wconf 80' lang='lat' dir='ltr'>capp.</span> <span class='ocrx_word' id='word_1_410' title='bbox 643 4236 818 4282; x_wconf 80' lang='lat'>12-14.</span> <span class='ocrx_word' id='word_1_411' title='bbox 844 4249 878 4297; x_wconf 87' lang='lat' dir='ltr'>p</span> <span class='ocrx_word' id='word_1_412' title='bbox 917 4270 928 4282; x_wconf 93' lang='lat'>.</span> <span class='ocrx_word' id='word_1_413' title='bbox 951 4232 1218 4296; x_wconf 83' lang='lat'><strong>583-585.]</strong></span> <span class='ocrx_word' id='word_1_414' title='bbox 1428 4230 1729 4292; x_wconf 70' lang='grc' dir='ltr'><strong><em>οἶκονμενικῷ</em></strong></span> <span class='ocrx_word' id='word_1_415' title='bbox 1744 4226 2103 4294; x_wconf 70' lang='grc' dir='ltr'>ἀρχιεπισκότω</span> <span class='ocrx_word' id='word_1_416' title='bbox 2128 4228 2205 4278; x_wconf 76' lang='grc' dir='ltr'>καὶ</span> <span class='ocrx_word' id='word_1_417' title='bbox 2222 4225 2492 4292; x_wconf 72' lang='grc' dir='ltr'><strong><em>πατριάρχῃ</em></strong></span> 
     </span>
    </p>
   </div>
   <div class='ocr_carea' id='block_1_10' title="bbox 277 4280 2495 4489">
    <p class='ocr_par' dir='ltr' id='par_1_15' title="bbox 277 4280 2495 4489">
     <span class='ocr_line' id='line_1_41' title="bbox 346 4280 2495 4363; baseline -0.004 -15"><span class='ocrx_word' id='word_1_418' title='bbox 346 4305 369 4329; x_wconf 87' lang='lat'>¹¹</span> <span class='ocrx_word' id='word_1_419' title='bbox 404 4297 559 4363; x_wconf 80' lang='lat' dir='ltr'>[Vide</span> <span class='ocrx_word' id='word_1_420' title='bbox 593 4298 838 4348; x_wconf 79' lang='lat' dir='ltr'>Marciani</span> <span class='ocrx_word' id='word_1_421' title='bbox 967 4314 1005 4349; x_wconf 86' lang='lat' dir='ltr'>r.</span> <span class='ocrx_word' id='word_1_422' title='bbox 1029 4297 1091 4347; x_wconf 81' lang='lat' dir='ltr'>de</span> <span class='ocrx_word' id='word_1_423' title='bbox 1115 4296 1343 4346; x_wconf 83' lang='lat' dir='ltr'>Concilio</span> <span class='ocrx_word' id='word_1_424' title='bbox 1428 4299 1515 4353; x_wconf 83' lang='grc' dir='ltr'>τῆς</span> <span class='ocrx_word' id='word_1_425' title='bbox 1535 4293 1756 4356; x_wconf 73' lang='grc' dir='ltr'>μεγάλης</span> <span class='ocrx_word' id='word_1_426' title='bbox 1778 4294 1958 4355; x_wconf 68' lang='grc' dir='ltr'><strong><em>Ῥώμης</em></strong></span> <span class='ocrx_word' id='word_1_427' title='bbox 1980 4280 2163 4353; x_wconf 59' lang='lat' dir='ltr'>Moira,</span> <span class='ocrx_word' id='word_1_428' title='bbox 2186 4292 2263 4342; x_wconf 74' lang='lat' dir='ltr'>nal</span> <span class='ocrx_word' id='word_1_429' title='bbox 2292 4294 2355 4356; x_wconf 77' lang='grc' dir='ltr'>τῇ</span> <span class='ocrx_word' id='word_1_430' title='bbox 2377 4292 2495 4355; x_wconf 69' lang='grc' dir='ltr'>ἁγίᾳ</span> 
     </span>
     <span class='ocr_line' id='line_1_42' title="bbox 278 4356 2494 4424; baseline -0.004 -11"><span class='ocrx_word' id='word_1_431' title='bbox 278 4362 622 4420; x_wconf 63' lang='lat' dir='ltr'>convocandoz</span> <span class='ocrx_word' id='word_1_432' title='bbox 650 4364 819 4423; x_wconf 88' lang='lat' dir='ltr'>(Cone.</span> <span class='ocrx_word' id='word_1_433' title='bbox 838 4362 1005 4413; x_wconf 85' lang='lat' dir='ltr'>Chalc.</span> <span class='ocrx_word' id='word_1_434' title='bbox 1030 4362 1139 4412; x_wconf 87' lang='lat' dir='ltr'>Par.</span> <span class='ocrx_word' id='word_1_435' title='bbox 1158 4362 1191 4410; x_wconf 91' lang='lat' dir='ltr'>i.</span> <span class='ocrx_word' id='word_1_436' title='bbox 1215 4361 1342 4424; x_wconf 89' lang='lat' dir='ltr'>Epp.</span> <span class='ocrx_word' id='word_1_437' title='bbox 1430 4362 1510 4412; x_wconf 79' lang='grc' dir='ltr'>καὶ</span> <span class='ocrx_word' id='word_1_438' title='bbox 1573 4359 1873 4419; x_wconf 61' lang='grc' dir='ltr'>οἱκονμενικ*</span> <span class='ocrx_word' id='word_1_439' title='bbox 1937 4360 2129 4421; x_wconf 76' lang='grc' dir='ltr'><strong><em>συνόδῳ.</em></strong></span> <span class='ocrx_word' id='word_1_440' title='bbox 2166 4384 2232 4395; x_wconf 92' lang='lat'>-—-</span> <span class='ocrx_word' id='word_1_441' title='bbox 2266 4356 2494 4406; x_wconf 80' lang='lat' dir='ltr'>Libellus</span> 
     </span>
     <span class='ocr_line' id='line_1_43' title="bbox 277 4422 2493 4489; baseline -0.004 -12"><span class='ocrx_word' id='word_1_442' title='bbox 277 4429 369 4477; x_wconf 81' lang='lat' dir='ltr'>xli.</span> <span class='ocrx_word' id='word_1_443' title='bbox 394 4427 727 4478; x_wconf 83' lang='lat' dir='ltr'>xlii.-Conc.</span> <span class='ocrx_word' id='word_1_444' title='bbox 748 4433 870 4478; x_wconf 91' lang='lat' dir='ltr'>tom.</span> <span class='ocrx_word' id='word_1_445' title='bbox 890 4429 954 4476; x_wconf 79' lang='lat' dir='ltr'>iv.</span> <span class='ocrx_word' id='word_1_446' title='bbox 980 4428 1092 4477; x_wconf 90' lang='lat' dir='ltr'>coll.</span> <span class='ocrx_word' id='word_1_447' title='bbox 1113 4428 1140 4477; x_wconf 82' lang='lat'>7</span> <span class='ocrx_word' id='word_1_448' title='bbox 1146 4430 1190 4476; x_wconf 82' lang='lat'>3.</span> <span class='ocrx_word' id='word_1_449' title='bbox 1215 4428 1294 4476; x_wconf 76' lang='lat'>76.</span> <span class='ocrx_word' id='word_1_450' title='bbox 1309 4428 1342 4489; x_wconf 81' lang='lat'>3)</span> <span class='ocrx_word' id='word_1_451' title='bbox 1433 4425 1738 4487; x_wconf 81' lang='lat' dir='ltr'>ischyrionis</span> <span class='ocrx_word' id='word_1_452' title='bbox 1902 4423 2053 4473; x_wconf 88' lang='lat' dir='ltr'>Cone.</span> <span class='ocrx_word' id='word_1_453' title='bbox 2104 4422 2493 4473; x_wconf 86' lang='lat' dir='ltr'>Chalc.—Conc.</span> 
     </span>
    </p>
   </div>
   <div class='ocr_carea' id='block_1_11' title="bbox 280 4485 2495 4633">
    <p class='ocr_par' dir='ltr' id='par_1_16' title="bbox 280 4485 2495 4633">
     <span class='ocr_line' id='line_1_44' title="bbox 280 4485 2495 4557; baseline -0.004 -14"><span class='ocrx_word' id='word_1_454' title='bbox 280 4493 520 4557; x_wconf 81' lang='lat' dir='ltr'>Capitula</span> <span class='ocrx_word' id='word_1_455' title='bbox 547 4508 579 4542; x_wconf 85' lang='lat' dir='ltr'>a</span> <span class='ocrx_word' id='word_1_456' title='bbox 601 4493 860 4544; x_wconf 81' lang='lat' dir='ltr'>Marciano</span> <span class='ocrx_word' id='word_1_457' title='bbox 886 4493 1034 4543; x_wconf 85' lang='lat' dir='ltr'>Cone.</span> <span class='ocrx_word' id='word_1_458' title='bbox 1061 4493 1341 4556; x_wconf 67' lang='lat' dir='ltr'>propositaa</span> <span class='ocrx_word' id='word_1_459' title='bbox 1432 4490 1602 4539; x_wconf 84' lang='lat' dir='ltr'>Chalc.</span> <span class='ocrx_word' id='word_1_460' title='bbox 1636 4490 1750 4540; x_wconf 83' lang='lat' dir='ltr'>Act.</span> <span class='ocrx_word' id='word_1_461' title='bbox 1773 4490 1848 4540; x_wconf 85' lang='lat' dir='ltr'>iii.</span> <span class='ocrx_word' id='word_1_462' title='bbox 1872 4516 1928 4526; x_wconf 91' lang='lat'>-</span> <span class='ocrx_word' id='word_1_463' title='bbox 1947 4489 2095 4540; x_wconf 84' lang='lat' dir='ltr'>Cone.</span> <span class='ocrx_word' id='word_1_464' title='bbox 2134 4492 2256 4539; x_wconf 84' lang='lat' dir='ltr'>tom.</span> <span class='ocrx_word' id='word_1_465' title='bbox 2289 4487 2356 4539; x_wconf 77' lang='lat' dir='ltr'>iv.</span> <span class='ocrx_word' id='word_1_466' title='bbox 2399 4485 2495 4536; x_wconf 88' lang='lat' dir='ltr'>col.</span> 
     </span>
     <span class='ocr_line' id='line_1_45' title="bbox 286 4555 1651 4633; baseline -0.004 -25"><span class='ocrx_word' id='word_1_467' title='bbox 286 4558 458 4619; x_wconf 85' lang='lat' dir='ltr'>(Cone.</span> <span class='ocrx_word' id='word_1_468' title='bbox 490 4558 659 4611; x_wconf 85' lang='lat' dir='ltr'>Chalc.</span> <span class='ocrx_word' id='word_1_469' title='bbox 699 4558 810 4610; x_wconf 86' lang='lat' dir='ltr'>Par.</span> <span class='ocrx_word' id='word_1_470' title='bbox 848 4559 900 4608; x_wconf 88' lang='lat' dir='ltr'>ii.</span> <span class='ocrx_word' id='word_1_471' title='bbox 938 4559 1050 4608; x_wconf 80' lang='lat' dir='ltr'>Act.</span> <span class='ocrx_word' id='word_1_472' title='bbox 1078 4555 1345 4607; x_wconf 43' lang='lat' dir='ltr'>vif-lbid.</span> <span class='ocrx_word' id='word_1_473' title='bbox 1434 4555 1651 4633; x_wconf 11' lang='lat' dir='ltr'>³⁹9·VA·]</span> 
     </span>
    </p>
   </div>
  </div>
 </body>
</html>
