3165 4959
971 325 1338 377 Aromonffl
1382 328 1750 377 RESPONsm.
2341 312 2468 375 205

247 485 560 546 nitiomcm
588 483 829 547 librum
858 506 1120 563 novum,
1141 484 1243 548 vel
1272 506 1493 548 earum
1523 492 1776 569 partem
1808 483 2157 549 secundam
2186 481 2368 548 brevi
2390 484 2471 547 ab

245 608 330 650 eo
360 586 847 671 expectandam.

319 721 578 772 Credibile
598 737 703 772 non
725 727 803 773 est
822 737 934 773 eam
957 723 1293 774 ceremoniam
1317 739 1348 774 a
1371 723 1634 774 Catholica
1656 724 1853 787 Regina
1890 724 2044 773 fuisse
2068 723 2469 787 prohibitam.—

386 804 539 868 [Bell.
562 806 710 868 Apol.
733 820 824 869 pro
847 805 1026 869 Resp.]
1053 820 1101 869 p.
1124 807 1202 856 76.
1237 806 1369 871 [Op.‚
1392 811 1514 856 tom.
1528 821 1617 856 vu
1641 807 1733 857 col.
1760 807 1870 858 747.
1893 805 1971 869 0.]

343 913 447 976 De
481 914 733 977 Haeresi
772 914 1127 978 etiamnum
1158 915 1381 977 haeret.
1474 915 1739 978 Certum
1772 915 1944 977 enim
1977 914 2191 996 aliqua
2218 933 2469 990 nocere,
2502 918 2709 982 [Neque

245 1015 370 1097 qui
400 1016 587 1079 nobis
609 1018 748 1100 jam
771 1018 979 1081 nodus
1009 1015 1351 1080 solvendus
1383 1025 1500 1081 est.
1565 1018 1772 1080 Abest
1797 1018 1972 1080 enim
2004 1039 2042 1079 a
2073 1019 2252 1099 Rege
2275 1038 2470 1095 error,
2498 999 2614 1098 {3⁵⁰
2599 983 2770 1097 111}ss-

245 1119 357 1180 uti
386 1118 559 1182 bona
588 1141 735 1202 spes
765 1128 896 1183 est:
945 1120 1056 1183 sed
1088 1120 1225 1183 sine
1258 1118 1454 1183 dubio
1487 1120 1670 1183 abest
1711 1121 2078 1203 pertinacia„
2175 1120 2474 1183 Haeresin
2499 1113 2667 1176 minua]

250 1221 342 1284 ab
374 1243 492 1285 ovo
523 1222 791 1300 orditur,
823 1222 1128 1305 neglectu
1159 1222 1402 1285 scilicet
1436 1224 1622 1303 Sputi
1653 1223 1722 1285 in
1754 1223 2108 1304 Baptismo.
2170 1223 2477 1285 Credibile

261 1325 596 1387 Cardinali
647 1346 770 1388 non
813 1332 926 1403 est,
963 1326 1350 1406 prohibitam
1410 1347 1449 1387 a
1501 1327 1745 1407 Reyina
1798 1327 1966 1405 spati
2026 1327 2431 1387 ceremoniam
2454 1335 2477 1364 ⁰

255 1430 585 1509 antiquam
602 1425 630 1466 ‘¹
654 1454 674 1500 ,·
723 1433 810 1506 at,
860 1449 1001 1510 quae
1040 1428 1413 1491 introducta
1450 1427 1712 1490 demum
1749 1433 1865 1505 est,
1898 1433 2239 1510 postquam
2270 1430 2475 1490 omnia

242 1532 841 1612 presumptionibus
867 1532 1011 1611 jam
1029 1533 1223 1611 plena
1247 1541 1270 1569 θ
1289 1556 1311 1593 .·
1334 1552 1488 1612 *qua
1518 1532 1714 1594 etiam
1747 1531 2138 1613 antiquiores
2167 1531 2377 1595 multo
2405 1532 2474 1594 in

261 1633 759 1697 desuetudinem
807 1633 1127 1697 abierunt.
1222 1634 1319 1696 Sit
1366 1654 1535 1712 vero,
1586 1655 1778 1716 quam
1822 1634 2014 1711 volet,
2063 1634 2472 1712 incredulus3

262 1745 331 1799 at
384 1744 637 1801 certum
689 1743 911 1799 tamen
964 1744 1081 1814 est,
1136 1736 1301 1818 Regi
1344 1757 1479 1799 non
1520 1737 1718 1799 semel
1766 1737 2042 1799 relatum
2091 1737 2172 1800 ab
2219 1737 2315 1815 iis,
2367 1737 2474 1819 qui
2593 1738 2720 1798 154,

262 1839 555 1902 Testium
577 1840 686 1922 jus
718 1839 888 1922 apud
919 1836 1335 1902 cardinalem
1365 1837 1630 1902 omnino
1660 1837 1945 1901 habituri
1975 1846 2146 1901 sunt.

328 1974 509 2037 Neque
540 1987 715 2024 verum
750 1977 829 2024 est
859 1989 918 2023 es
949 1975 1233 2024 ceremonia
1266 1975 1477 2024 salivam
1500 1974 1778 2038 presbyteri
1803 1974 1858 2022 in
1881 1989 1936 2023 os
1959 1974 2198 2025 infantuli
2222 1975 2476 2039 inspui—

396 2055 553 2120 [Bell.
579 2056 727 2119 Apol.
751 2070 843 2119 pro
865 2055 1035 2119 Resp.]
1056 2070 1105 2118 p.
1130 2057 1208 2106 76.
1238 2054 1378 2120 [Op.‚
1404 2060 1528 2105 tom.
1548 2056 1636 2104 vii.
1661 2055 1752 2105 col.
1778 2055 1806 2106 7
1813 2056 1889 2116 4⁷,
1914 2054 1990 2118 Q]

348 2172 603 2235 Verum
650 2173 856 2252 imai
895 2192 1017 2233 non
1061 2172 1218 2233 solet
1263 2169 1531 2250 infantis
1574 2172 1690 2234 ori.
1783 2172 1890 2234 Ne
1935 2171 2168 2251 soleat3
2217 2179 2285 2235 at
2329 2195 2475 2236 cum
2526 2177 2601 2226 De
2625 2193 2716 2255 usp

262 2274 597 2337 tantillum
647 2274 813 2337 absit
865 2295 936 2336 os
968 2296 1007 2336 a
1034 2274 1289 2336 narium
1322 2274 1747 2351 extremitate,
1794 2282 2043 2355 poterat
2073 2275 2196 2338 hoc
2227 2276 2480 2359 Regina
2507 2243 2806 2371 Bgssiisffio]

264 2377 512 2454 dicere3
561 2377 722 2440 dixit
752 2397 1024 2459 quoque.
1088 2377 1252 2441 Quae
1282 2377 1455 2438 enim
1485 2376 1657 2438 illius
1686 2376 1882 2438 verba
1909 2375 2171 2456 fuerint,
2202 2379 2479 2443 refertur

261 2481 372 2560 ibi,
406 2503 544 2545 non
575 2481 728 2563 quid
758 2482 897 2543 fieri
938 2481 1142 2543 soleat
1177 2479 1246 2542 in
1286 2479 1666 2543 ceremonia.
1759 2479 2052 2543 Christus
2090 2489 2326 2560 autem,
2359 2505 2478 2546 nec

262 2585 532 2648 naribus
562 2584 812 2664 Epheta
849 2583 1028 2660 dixit,
1075 2604 1285 2666 neque
1323 2604 1473 2647 vero
1520 2582 1801 2659 auribus,
1833 2582 1903 2645 in
1936 2584 2307 2665 Baptism0:
2357 2607 2478 2649 nec

261 2687 387 2749 nisi
418 2687 489 2749 in
520 2707 673 2748 cura
703 2685 1051 2760 surdastri3
1101 2706 1174 2748 ac
1205 2706 1319 2768 per
1351 2685 1494 2762 hoc,
1527 2684 1851 2761 sanandiS,
1883 2706 2016 2748 non
2052 2685 2475 2766 baptizandiS,

262 2790 630 2853 ceremonia
656 2789 796 2851 haec
844 2811 883 2851 a
914 2788 1092 2851 vobis
1121 2787 1331 2851 fuerat
1362 2787 1758 2869 applicanda.
1849 2788 1946 2849 Ea
1969 2788 2067 2869 (ut
2100 2789 2476 2852 Sacerdotes

260 2913 442 2955 nunc
472 2892 651 2973 sunt)
689 2892 1066 2968 ceremonia,
1097 2890 1314 2954 nescio
1345 2911 1534 2972 quam
1569 2897 1811 2967 sancta,
1845 2898 2016 2953 certe
2047 2912 2275 2973 parum
2308 2891 2475 2954 salu-

260 2996 418 3059 bris,
488 2993 594 3057 Ad
625 3016 817 3076 quam
846 3000 1066 3056 tamen
1096 3015 1402 3076 quorsum
1433 2992 1791 3056 Cardinalis
1821 3002 2075 3057 revocat
2104 3015 2325 3057 vocem
2355 3016 2477 3058 non

261 3118 565 3180 nuperum
584 3101 615 3162 ?
701 3099 763 3160 A
792 3099 1043 3178 nuperis
1070 3098 1457 3159 Jesuitarum
1498 3097 1885 3179 doymatibue
1929 3098 2213 3161 Matrem
2244 3098 2473 3162 abhor-

261 3224 407 3266 rere
439 3201 600 3264 dixit
619 3198 655 3264 f.
719 3201 812 3263 At
845 3202 1108 3281 Sputum
1144 3201 1378 3283 (credo)
1417 3202 1760 3264 ceremonia
1791 3207 1907 3278 est,
1940 3202 2161 3284 doyma
2190 3225 2324 3267 non
2355 3211 2472 3267 est.

332 3337 463 3386 Dico
478 3350 582 3385 non
598 3335 765 3386 deesse
786 3336 921 3399 apud
944 3350 1048 3395 nos,
1064 3337 1151 3399 qui
1166 3335 1320 3398 Regis
1344 3335 1561 3397 Patrem,
1582 3341 1637 3386 et
1659 3336 1892 3397 Matrem,
1916 3337 2121 3388 sortasse
2137 3339 2290 3388 etiam
2306 3338 2477 3388 Avum

396 3418 669 3467 Paternum
685 3416 936 3474 viderunt,
952 3417 1137 3479 quique
1158 3432 1248 3480 pro
1262 3422 1517 3480 comperto
1539 3418 1723 3467 habere
1747 3433 1798 3469 se
1821 3419 2008 3479 dicant,
2022 3419 2224 3468 Patrem
2242 3425 2295 3468 et
2310 3421 2478 3468 Avum

399 3498 553 3560 Regis
585 3498 735 3547 fuisse
770 3496 1287 3562 catholicos—[Bell.
1317 3498 1466 3561 Apol.
1491 3513 1581 3561 pro
1607 3498 1777 3561 Resp.]
1803 3514 1850 3561 p.
1871 3499 1950 3550 76.
1995 3500 2109 3563 [Op.
2130 3505 2252 3549 tom.
2274 3500 2360 3548 vii.
2386 3500 2478 3549 col.

400 3580 514 3630 ⁷47.
540 3578 623 3642 0.]

356 3680 460 3742 De
489 3678 684 3741 Patre
717 3678 912 3760 Regis
942 3699 1065 3741 non
1113 3678 1315 3741 deesse
1358 3678 1568 3739 Romae
1613 3676 1788 3754 dicit,
1836 3677 1961 3757 qui,
2003 3698 2128 3757 pro
2174 3685 2480 3759 comperto
2505 3684 2776 3798 fflusseli-

265 3782 496 3844 habere
538 3802 605 3844 ee
649 3783 880 3859 dicant,
931 3783 1315 3844 Catholieam
1339 3779 1567 3860 fuisse.
1659 3780 1815 3842 Non
1856 3780 2040 3856 forte,
2087 3780 2197 3862 qui
2241 3781 2476 3860 dicant,
2502 3814 2671 3875 gionin
2694 3813 2792 3861 sue-

265 3884 381 3947 sed
434 3905 595 3966 quos
649 3883 1008 3947 Cardinalis
1048 3904 1173 3964 pro
1215 3889 1522 3963 comperto
1574 3882 1819 3960 habeat,
1863 3903 2012 3945 vera
2058 3904 2193 3946 non
2245 3884 2475 3948 dicere.
2503 3876 2783 3991 ἓῦἑξζζθῑ·

266 3985 565 4049 Decessit
606 3985 718 4060 ille
760 3985 1041 4067 quidem,
1080 3991 1271 4047 aetate
1302 3983 1510 4045 adhuc
1539 3982 1906 4060 immatura,
1937 3989 2012 4045 ut
2040 4004 2163 4046 nec
2193 4005 2308 4067 per
2338 4006 2476 4047 eam
2507 4004 2695 4069 Regia]

266 4089 336 4149 in
367 4089 566 4149 altam
597 4088 838 4166 ducere,
873 4095 984 4150 aut
1005 4086 1326 4169 judicium
1355 4085 1521 4149 ferre
1552 4087 1860 4169 potuerit,
1891 4086 1972 4149 de
2002 4087 2192 4149 rebus
2225 4095 2478 4151 contro-

266 4191 490 4256 versis.
576 4192 673 4255 At
721 4192 914 4268 enim,
949 4190 1306 4254 etiamnum
1350 4190 1421 4251 in
1451 4190 1626 4252 Aula
1657 4190 1855 4272 Regis
1902 4191 2280 4272 superstites
2319 4212 2480 4253 non-

341 4408 362 4432 e
410 4401 553 4450 Conf.
574 4400 723 4450 Praef.
751 4400 934 4450 Monit.
994 4437 1005 4448 .
1034 4398 1137 4462 45.]
1498 4407 1519 4430 θ
1553 4398 1623 4464 [S.
1649 4400 1781 4462 Aug.
1823 4399 2008 4463 Ep.1v.
2049 4400 2171 4449 Ben.
2216 4400 2298 4461 (sl.
2327 4399 2483 4463 cxix.)

335 4401 450 4579 ’,ξ’
478 4466 953 4541 Antiquissimum?
1061 4463 1123 4511 In
1178 4479 1338 4528 marg.
1429 4463 1458 4530 ξ
1488 4467 1565 4514 35.
1596 4466 1706 4527 Op„
1730 4471 1852 4513 tom.
1878 4465 1930 4514 ii.
1956 4464 2047 4513 col.
2075 4467 2186 4513 212.
2212 4464 2289 4528 B.]

269 4528 367 4595 [Be
411 4568 424 4581 .
462 4530 574 4595 Op„
600 4536 723 4580 tom.
746 4530 835 4580 vii.
859 4529 952 4579 col.
978 4529 1090 4582 747.
1116 4527 1196 4591 B.]
1499 4529 1514 4559 ¹
1544 4529 1744 4579 Praefat.
1772 4529 1955 4579 Momt.
1979 4544 2029 4593 p.
2054 4533 2129 4580 36.
2157 4528 2227 4593 [p.
2251 4529 2352 4593 44]
