3165 4959
970 355 1339 405 APOLOGLAM
1382 357 1750 405 RESPONSIO.
2350 343 2477 410 197

255 528 391 570 non
444 509 804 573 ambitionis
854 512 1065 591 mode,
1120 535 1159 576 a
1206 512 1539 597 Philippo:
1606 514 1717 577 sed
1767 521 1834 582 et
1884 516 2170 578 avaritia.»
2221 536 2476 599 quoque

256 612 546 690 nomine,
591 635 629 675 a
667 614 1014 679 Ludovico.
1104 617 1399 680 Recitata
1452 639 1603 681 vero
1649 617 1836 680 verba
1888 620 2000 681 illa
2053 618 2287 695 videaS,
2341 639 2475 681 non

258 714 435 796 apud
482 715 786 782 Gilliume
825 718 1037 796 modo,
1088 720 1283 783 etiam
1331 722 1500 804 apud
1546 720 1809 784 Tillium
1831 719 1868 797 s,
1917 721 2092 805 apud.
2131 721 2472 799 Pithaeum,

259 816 460 882 etiam
520 819 591 881 in
651 821 929 885 Decreto
988 823 1290 887 Ecclesiae
1339 824 1689 888 Gallicanae
1712 835 1759 888 8.
1849 825 2048 908 Apud
2101 825 2426 889 Pithaeum
2445 823 2474 863 ¹¹

259 929 485 985 autem
536 923 772 1003 videaS,
824 932 1251 1009 praeterquam
1301 927 1469 1009 quod
1515 927 1707 991 hodie
1754 929 1825 991 in
1869 930 2171 992 Archivis
2209 934 2471 1006 exstent,

258 1024 458 1086 etiam
490 1025 561 1088 in
589 1028 856 1090 vetustis
893 1029 1383 1111 Exempla-ribus
1414 1051 1648 1094 excusa
1676 1031 2016 1095 exstitisse.
2072 1033 2221 1096 Duo
2252 1038 2472 1095 autem

257 1128 577 1205 nominat,
628 1131 885 1214 Stylum
937 1133 1357 1196 Parliamenti
1405 1136 1614 1196 1515:
1662 1142 1729 1196 et
1780 1133 1940 1196 Eliae
1991 1135 2473 1219 Archiepiscopi

262 1230 660 1294 Turonensis
707 1233 942 1296 librum
979 1233 1198 1298 1518&
1290 1234 1531 1298 Videas
1571 1244 1639 1298 et
1683 1235 1966 1298 inustam
2006 1236 2079 1298 in
2125 1258 2201 1300 eo
2247 1244 2471 1301 notam

258 1333 546 1415 perfidiae
575 1334 674 1413 iis,
703 1336 810 1418 qui
842 1337 930 1400 sic
960 1337 1212 1420 integro
1244 1337 1514 1402 articulo
1544 1338 1837 1400 mutilam
1872 1338 2235 1403 ediderunt.
2313 1341 2469 1404 Una

258 1437 457 1499 etiam
489 1436 727 1516 videaS,
760 1461 890 1523 qua
929 1439 1056 1503 fide
1085 1441 1279 1506 vestri
1326 1441 1623 1504 homines
1663 1441 1901 1506 versari
1946 1442 2178 1521 solent,
2223 1443 2296 1506 in
2335 1464 2473 1507 cas-

255 1541 510 1603 trandis
539 1550 828 1606 veterum
859 1543 1134 1627 scriptiS,
1167 1552 1234 1608 et
1265 1545 1334 1607 S.
1367 1544 1639 1607 Patrum
1669 1543 2060 1607 Bibliotheca
2091 1547 2468 1611 excudenda.

326 1666 456 1730 Legi
487 1667 621 1730 apud
657 1669 859 1719 eosdem
898 1674 1126 1720 auctores
1154 1669 1201 1720 S.
1230 1670 1543 1720 Ludovieum
1578 1670 1822 1720 Romanae
1853 1669 2092 1720 Ecclesiae
2127 1709 2139 1721 .
2175 1709 2187 1721 .
2223 1707 2236 1721 .
2271 1710 2284 1722 .
2319 1673 2472 1725 fuisse

391 1748 653 1798 addictum
683 1755 736 1799 et
766 1751 1152 1801 obedientem-
1172 1752 1320 1817 [Bell.
1345 1753 1494 1816 Apol.
1532 1766 1624 1815 pro
1661 1753 1838 1818 Resp]
1877 1767 1926 1817 p.
1952 1753 2031 1805 67.
2068 1754 2200 1818 [Op.‚
2234 1758 2357 1806 tom.
2383 1757 2470 1806 vii.

390 1832 484 1881 eol.
510 1832 618 1882 742.
648 1831 731 1895 Q]

346 1924 691 1986 Addictum
722 1926 1018 2009 Pontifici
1047 1925 1429 1989 Dadovicum
1470 1928 1613 2010 quis
1644 1926 1945 1991 dubitat?
1999 1931 2097 2011 (ut
2137 1937 2274 1993 erat
2317 1936 2472 1992 aetas

255 2027 392 2109 illa)
432 2029 702 2090 Sanctus
746 2030 983 2113 alioqui
1027 2051 1162 2093 non
1202 2029 1484 2108 clueret;
1530 2053 1651 2094 nec
1682 2032 1918 2094 mirum
1966 2032 2137 2115 quod
2180 2034 2472 2097 addictus

258 2131 415 2214 ipse,
480 2131 717 2214 alioqui
770 2133 1077 2196 Friderici
1137 2135 1447 2218 supplicio
1506 2135 1918 2198 addicendus,
2028 2138 2238 2201 Norat
2297 2139 2471 2201 enim

258 2242 404 2296 tum
436 2236 767 2299 Pontificis
790 2259 1047 2319 yravem
1078 2239 1260 2316 iram,
1299 2244 1359 2300 et
1390 2239 1878 2302 inexsaturabile
1896 2246 2121 2320 pectus
2142 2239 2188 2304 k.
2283 2243 2375 2304 At
2404 2242 2470 2304 id

259 2347 483 2402 tamen
518 2338 625 2402 hie
662 2340 933 2418 illustre,
968 2341 1156 2424 quod,
1191 2342 1607 2423 quantumvis
1654 2343 1947 2406 addictus
1990 2343 2063 2406 in
2098 2365 2291 2407 causa
2330 2344 2472 2408 Fri-

260 2441 479 2521 derici,
511 2443 582 2506 in
612 2465 803 2507 eausa
831 2452 1052 2508 tamen
1082 2466 1345 2508 suorum
1370 2453 1435 2509 et
1459 2467 1574 2508 sua
1603 2444 1817 2509 lentus
1845 2468 1979 2510 non
2008 2446 2221 2526 suerit,
2253 2448 2472 2511 Ea'ac-

258 2547 460 2608 tiones
488 2553 624 2609 tam
653 2548 968 2611 immanes
996 2569 1129 2612 non
1159 2548 1400 2628 tulerit,
1424 2550 1821 2612 Sanctionem
1843 2549 2040 2626 illam,
2062 2552 2472 2632 quantumvis

260 2651 555 2729 Sanctus,
590 2650 879 2714 ediderit.

323 2769 468 2826 Quod
506 2806 518 2818 .
555 2808 567 2820 .
601 2806 614 2818 .
653 2771 774 2820 Pius
797 2770 865 2820 11.
903 2770 1147 2821 Ludovici
1180 2772 1494 2836 temporibus
1517 2770 1709 2821 efficere
1732 2785 1837 2820 non
1860 2773 2044 2834 potuit,
2069 2775 2128 2819 ut
2151 2770 2470 2832 Pragmatica

392 2888 411 2901 .
444 2889 456 2900 .
489 2887 503 2900 .
529 2851 733 2902 Sanctio
755 2855 966 2903 omnino
1004 2891 1014 2902 .
1049 2891 1060 2902 .
1097 2889 1108 2901 .
1136 2854 1412 2913 tolleretur,
1446 2852 1616 2902 effecit
1647 2858 1762 2916 post
1799 2852 1901 2902 Leo
1925 2853 1988 2901 X.
2016 2852 2280 2902 Francisco
2302 2853 2468 2916 primo

390 2939 652 2996 regnante.
721 2935 921 3000 [Itaque
963 2936 1021 2983 in
1066 2934 1291 2984 Concilio
1337 2934 1667 2984 Lateranensi
1709 2934 1836 2984 Sese.
1878 2934 1972 2985 XI.
2018 2935 2338 2997 Pragmatica
2378 2934 2470 2984 illa

392 3017 598 3066 Sanctio
620 3017 822 3080 publico
845 3016 1044 3067 decreto
1076 3017 1275 3067 sublata
1307 3021 1396 3067 est.
1468 3016 1568 3066 Sed
1591 3016 1726 3066 hunc
1748 3018 1944 3066 exitum
1969 3017 2301 3080 Pragmaticoe
2323 3017 2470 3067 Sanc-

390 3098 563 3157 tioniS,
586 3098 705 3161 quia
736 3114 897 3148 eausae
930 3114 1033 3148 euae
1067 3113 1246 3161 parum
1280 3098 1493 3158 favebat,
1529 3098 1637 3147 Rex
1671 3099 1818 3149 facile
1842 3100 2092 3162 praeteriri
2115 3114 2290 3163 passus
2310 3104 2470 3149 est.—

391 3180 520 3229 Bell.
546 3180 695 3244 Apol.
718 3196 809 3244 pro
833 3180 1009 3245 Resp]
1048 3196 1097 3244 p.
1121 3184 1199 3230 68.
1238 3180 1379 3244 [Op.‚
1419 3185 1543 3229 tom.
1565 3182 1654 3230 vii.
1690 3181 1803 3232 coll.
1839 3181 1949 3234 742.
1975 3180 2037 3231 D.
2061 3182 2171 3234 743.
2198 3181 2284 3246 Α.]

345 3273 620 3355 Efficere
648 3294 770 3335 non
787 3274 1020 3354 potuit,
1043 3278 1156 3333 aut
1180 3273 1337 3334 Pius
1366 3273 1538 3353 apud
1550 3272 1934 3337 Ludovicum
1955 3274 2066 3336 XI
2063 3272 2096 3336 .¹
2125 3280 2238 3337 aut
2256 3276 2471 3339 Julius
2575 3293 2648 3327 ωε

2531 3344 2698 3393 auctio
2720 3358 2753 3393 a

254 3375 436 3457 apud
458 3375 678 3454 XILm,
712 3382 781 3438 ut
812 3377 1070 3439 Sanctio
1102 3377 1215 3438 illa
1249 3376 1325 3438 de
1353 3377 1554 3438 medio
1588 3379 1926 3441 tolleretur.
1989 3378 2082 3441 At
2111 3378 2314 3459 effecit
2342 3378 2469 3442 Leo
2496 3408 2662 3457 Leone
2687 3409 2750 3456 X.

324 3536 345 3559 θ
383 3527 510 3591 [Les
560 3527 837 3590 Croniques
891 3530 944 3576 et
988 3526 1214 3576 Annales
1258 3526 1321 3576 de
1409 3525 1538 3574 Gall.
1565 3526 1656 3574 lib.
1680 3527 1746 3575 iv.
1768 3527 1849 3575 tit.
1876 3528 1981 3575 xxi.
2006 3541 2112 3589 cap.
2131 3529 2177 3575 2.
2203 3542 2253 3590 p.
2268 3527 2378 3579 647.
2404 3527 2467 3577 D.
2494 3472 2734 3597 2331‘21112]

256 3592 468 3650 Franco,
523 3607 616 3655 par
658 3593 704 3641 N
712 3593 840 3642 icole
886 3592 1061 3651 Giues,
1110 3591 1195 3641 sol.
1240 3607 1318 3640 cx.
1412 3590 1681 3638 Bochellus
1710 3606 1908 3653 quoque
1948 3592 2003 3639 in
2045 3591 2244 3640 Proefat.
2281 3607 2368 3640 sua
2407 3592 2470 3641 de

258 3657 422 3707 Paris.
451 3657 618 3722 1549]
1408 3654 1502 3703 hoc
1525 3654 1739 3703 articulo
1763 3655 2096 3717 Pragmaticae
2132 3656 2420 3705 Sanctionis
2441 3671 2472 3706 a

322 3720 341 3752 s
387 3722 553 3786 [Vide
589 3722 832 3771 Memoire
869 3728 921 3771 et
954 3719 1115 3769 Advis
1154 3720 1218 3770 de
1249 3720 1319 3769 M.
1409 3719 1571 3781 Marg.
1595 3718 1807 3781 Bignaeo
1829 3721 1887 3768 in
1912 3718 2025 3768 Bib.
2052 3720 2261 3769 Patrum
2286 3722 2471 3770 omisso

254 3786 288 3835 J
293 3802 389 3835 ean
434 3786 504 3836 du
549 3787 705 3836 'Pillet
749 3801 835 3835 sur
871 3787 945 3836 les
979 3786 1212 3834 Libertez
1257 3785 1319 3834 de
1408 3784 1630 3833 multum
1654 3784 1983 3897 (ῙιιεῑίιιιιέΜ
2115 3833 2122 3841 ,

255 3852 469 3914 l'Eglise
520 3851 804 3910 Gallicane;
855 3851 918 3900 ad
957 3851 1075 3901 calc.
1115 3850 1319 3899 Recueil
1473 3847 1495 3879 ¹¹
1531 3848 1739 3912 [Pithaei
1766 3848 1876 3912 Op„
1986 3848 2314 3909 ra,Ju1-idica,
2331 3849 2469 3900 Hist.

255 3916 348 3964 dee
366 3916 501 3978 Roys
522 3915 585 3965 de
603 3917 792 3967 France
808 3915 1041 3979 parJeen
1063 3914 1130 3964 du
1150 3915 1316 3964 Tillet.
1407 3912 1645 3976 Minoem]
1668 3928 1718 3977 p.
1737 3916 1847 3963 643.
1866 3913 1983 3978 [leg.
1998 3916 2108 3963 634.
2131 3914 2286 3963 Paris.
2304 3914 2470 3979 1609.]

259 3981 422 4040 Paris,
449 3981 619 4045 1602]
645 3997 693 4044 p.
720 3984 832 4031 156.
1471 3977 1483 4008 ¹
1561 3976 1689 4026 Ibid.
1710 3993 1757 4041 p.
1784 3981 1896 4028 633.

324 4055 349 4086 ⁸
389 4048 443 4108 [“
470 4045 601 4095 Item
635 4046 923 4095 exactiones
945 4050 997 4095 et
1029 4058 1180 4094 onera
1215 4059 1322 4106 gra-
1473 4041 1497 4073 ¹¹
1561 4042 1689 4091 Vide
1714 4043 1859 4105 Virg.
1947 4058 1997 4091 n.
2018 4058 2066 4092 v.
2090 4041 2224 4106 781]

256 4111 470 4159 vissima
504 4112 830 4172 pecuniarum
868 4126 958 4174 per
990 4109 1194 4160 Curiam
1234 4108 1324 4157 lto-
1474 4105 1486 4138 ¹
1554 4107 1679 4157 Vide
1721 4108 1816 4157 Pro
1841 4108 2031 4157 Libert.
2064 4108 2197 4158 Eccl.
2224 4107 2353 4157 Gall.
2390 4109 2472 4160 de-

256 4190 465 4224 manam
500 4176 738 4225 Ecclesiae
770 4175 933 4238 Regni
965 4174 1127 4223 nostri
1156 4174 1320 4235 impo-
1410 4174 1535 4222 fens.
1577 4173 1732 4222 Paris.
1781 4173 1983 4229 Curiae3
2052 4174 2187 4236 apud
2245 4173 2468 4223 Bochell.

253 4242 386 4289 sitas
428 4239 508 4290 vel
553 4241 809 4303 imposita,
855 4241 1038 4303 quibus
1093 4239 1323 4300 Regnum
1412 4238 1555 4286 Deer.
1585 4237 1716 4286 Eccl.
1743 4237 1873 4286 Gall.
1905 4238 1992 4286 lib.
2017 4238 2087 4286 iv,
2109 4239 2189 4287 tit.
2226 4239 2333 4287 xxi.
2357 4255 2465 4303 cap.

255 4310 491 4353 nostrum
527 4305 889 4354 miserabiliter
926 4304 1325 4367 depauperatum
1414 4306 1492 4351 10.
1517 4318 1565 4365 p.
1593 4305 1704 4361 662,
1729 4304 1831 4366 sq.]

255 4370 478 4428 exstitit,
495 4370 600 4419 sive
624 4372 779 4419 etiam
796 4368 1128 4432 imponendas
1142 4369 1219 4417 vel
1234 4369 1326 4417 im·
1476 4376 1509 4397 ¹¹¹
1549 4367 1710 4431 [Vide
1748 4367 1897 4417 Conc.
1925 4366 2127 4425 Turon„
2150 4367 2285 4431 apud
2317 4368 2469 4418 Bocb.

253 4434 507 4497 ponenda,
543 4435 700 4484 levari
733 4440 823 4484 aut
844 4435 1016 4496 colligi
1041 4434 1328 4482 nullatenus
1413 4431 1559 4481 Decr.
1587 4432 1720 4481 Eccl.
1746 4432 1874 4482 Gall.
1911 4432 1999 4481 lib.
2023 4448 2069 4482 v,
2095 4434 2195 4482 Tit.
2221 4450 2265 4483 ν.
2291 4448 2398 4498 cap.
2425 4438 2470 4484 5.

252 4498 792 4549 volumus.'’—S.Lud.
812 4499 905 4548 IX.
934 4499 1132 4561 Pragm.
1159 4498 1325 4547 Sanct.
1414 4513 1497 4561 pp.
1526 4498 1637 4557 757,
1663 4498 1691 4549 7
1698 4500 1758 4547 58
1773 4514 1787 4558 ;
1828 4502 1880 4547 et
1903 4496 2050 4548 Cone.
2078 4502 2202 4548 tom.
2221 4499 2335 4549 xiii.
2359 4500 2472 4549 coll.

253 4570 375 4615 sect.
414 4568 462 4626 6,
507 4565 646 4629 apud
687 4564 909 4615 Bochell.
958 4564 1155 4613 Decret.
1193 4562 1326 4612 Eccl.
1418 4563 1591 4626 1481]
