3165 4959
712 340 841 404 110
1335 357 1421 404 AD
1464 355 1848 404 cAanAms
1891 355 2289 403 Bmmm1

707 513 779 576 in
809 533 886 576 ea
912 512 1142 578 habuit
1171 513 1326 597 ipse,
1357 522 1434 577 ut
1478 520 1692 598 posset
1737 513 1943 577 dare?
2031 512 2222 577 Nihil
2265 512 2441 577 enim
2488 511 2787 576 Pontifex
2833 511 2915 574 ab

714 615 1024 680 Hibernis
1081 617 1503 681 emolumenti
1557 616 1789 681 habuit
1818 641 1837 696 3
1905 615 2071 680 nihil
2130 615 2409 681 Hiberni
2483 639 2522 679 a
2581 616 2915 680 Pontifice.

492 718 576 779 85
712 722 871 786 Non
923 721 1224 785 Pontifex
1246 722 1327 786 ab
1355 722 1517 787 illis:
1565 721 1824 805 alioqui,
1859 721 2015 806 quid
2059 742 2220 805 opus
2260 729 2478 805 petere
2518 719 2610 783 sic
2653 742 2693 784 a
2735 721 2916 803 Rege

711 825 960 888 denarii
987 825 1209 906 stipem
1237 825 1329 889 ibi
1359 846 1611 903 novam,
1640 825 1712 890 in
1741 824 1909 888 aedes
1940 824 2225 907 singulas
2242 823 2317 886 ¹¹?
2364 824 2521 888 Non
2549 822 2644 887 illi
2677 845 2715 886 a
2744 823 2914 886 Pon-

711 928 926 992 tifice:
971 936 1048 990 ut
1090 927 1324 1010 quibus
1356 949 1476 991 nec
1507 929 1925 991 Matrimonia
1944 926 1977 1006 ἰ,
2009 949 2130 991 nec
2177 928 2302 991 alia
2339 928 2549 991 multa
2591 926 2920 1009 religionis

715 1039 969 1110 nostrae‚
999 1040 1173 1094 recte
1203 1030 1536 1095 haberent.
1616 1031 1791 1093 Mira
1819 1040 2038 1094 autem
2058 1031 2446 1095 Pontificum
2475 1029 2918 1111 munuficentia,

719 1134 826 1218 qui
858 1135 1029 1217 quod
1073 1155 1195 1198 nec
1240 1134 1505 1214 habent,
1552 1155 1674 1198 nec
1712 1134 2082 1198 habuerunt
2131 1157 2440 1218 unquam,
2481 1134 2760 1218 benigne
2803 1135 2920 1196 im·

704 1239 992 1319 pertiunt
1016 1268 1034 1304 .·
1083 1238 1191 1320 qui
1222 1239 1376 1301 dant
1407 1238 1487 1301 de
1517 1240 1720 1301 alieno
1750 1259 2019 1320 semper,
2051 1259 2184 1302 non
2211 1260 2342 1302 suc.
2422 1238 2646 1301 Simile
2674 1238 2919 1302 factum

716 1350 984 1405 narrant
1008 1341 1270 1405 alterius
1303 1341 1654 1405 Pontificis.
1737 1341 2034 1405 Sanctius
2066 1341 2264 1424 Regis
2294 1342 2670 1424 Aragonum
2700 1341 2916 1418 frater,

716 1465 866 1508 cum
914 1444 1265 1508 exercitum
1319 1444 1582 1508 duceret
1640 1444 1712 1506 in
1777 1446 2144 1522 Saracenos,
2205 1445 2275 1508 in
2336 1444 2584 1508 Urbem
2638 1444 2918 1507 divertit.

720 1548 1018 1612 Pontifex
1047 1569 1215 1626 eum,
1246 1547 1423 1612 tubae
1468 1548 1702 1626 sonitu,
1743 1548 1988 1631 Regem
2021 1548 2290 1632 AEgypti
2339 1548 2660 1611 salutavit.
2752 1548 2921 1611 Cum

721 1650 874 1733 quid
902 1651 1077 1714 tubae
1122 1652 1369 1714 sonitus
1415 1650 1538 1714 sibi
1569 1651 1782 1728 vellet,
1813 1657 2224 1733 percontatus
2270 1651 2587 1727 Sanctius,
2622 1651 2922 1734 Regnum

718 1754 989 1838 AEgypti
1019 1776 1057 1817 a
1087 1755 1261 1838 Papa
1290 1754 1409 1819 sibi
1441 1754 1668 1818 datum
1698 1755 2009 1832 rescisset,
2051 1755 2246 1840 jussit
2290 1755 2460 1820 exire
2496 1756 2717 1819 statim
2746 1755 2921 1820 tubi-

718 1855 893 1920 cines
946 1877 1112 1935 suos,
1168 1864 1362 1939 atque
1411 1879 1528 1920 suo
1586 1857 1868 1934 nomine,
1929 1857 2170 1941 Papam
2220 1858 2558 1941 Calipham
2611 1858 2925 1922 Baldachi

725 1959 804 2041 (is
849 1965 949 2022 est
984 1960 1447 2023 Saracenorum
1478 1959 1778 2024 Pontifex
1812 1961 2140 2043 Summus)
2180 1961 2591 2025 renunciare:
2641 1982 2710 2025 se
2741 1960 2820 2040 ei,
2851 1962 2923 2025 in

719 2069 976 2124 mutuas
1004 2061 1190 2142 vices,
1222 2062 1681 2126 Pontificatum
1710 2062 2019 2126 conferre.
2109 2064 2328 2146 Atque
2358 2063 2451 2127 ita
2480 2064 2672 2148 Papae
2713 2065 2922 2127 suavis

720 2163 914 2227 homo
942 2163 1165 2232 illusit.

782 2298 1001 2348 Exstant
1022 2298 1085 2349 de
1106 2302 1214 2350 tota
1235 2299 1329 2350 hac
1344 2314 1399 2350 re
1421 2301 1715 2350 testimonia
1736 2301 2106 2362 historicorum,
2127 2335 2139 2347 .
2153 2339 2165 2351 .
2185 2339 2196 2351 .
2218 2301 2600 2364 Neubrigensis,
2622 2301 2710 2351 lib.
2729 2303 2800 2352 iii.
2817 2318 2856 2352 c.
2877 2306 2921 2351 9.

849 2380 1075 2445 —[Bell.
1103 2382 1250 2445 Apol.
1268 2396 1360 2445 pro
1381 2381 1555 2446 Resp.]
1580 2397 1633 2446 p.
1656 2384 1733 2433 29.
1756 2382 1895 2446 [Op.,
1917 2388 2039 2432 tom.
2064 2384 2151 2432 vii.
2175 2384 2267 2433 col.
2286 2383 2397 2436 721.
2424 2384 2481 2433 Β.
2508 2383 2591 2447 0.]

394 2495 494 2560 [De
516 2493 610 2571 hap
807 2481 1270 2565 Neubrigensis
1309 2504 1460 2548 vero
1499 2483 1678 2547 haud
1719 2483 2058 2567 quicquam
2096 2483 2188 2548 ibi
2232 2492 2453 2548 narrat
2492 2484 2655 2567 (loco
2698 2484 2918 2565 citato)

395 2563 699 2673 ffia‘ffi'gffssj
721 2583 792 2647 in
822 2606 979 2684 ‘rem
1032 2586 1428 2650 Cardinalis:
1473 2607 1597 2650 nec
1646 2586 1911 2651 omnino
1963 2587 2323 2671 quicquam,
2367 2588 2493 2651 nisi
2543 2587 2625 2651 de
2678 2588 2926 2671 Legato

389 2688 602 2753 oemm.]
724 2690 1002 2772 quodam
1049 2691 1406 2770 Pontificio,
1454 2712 1683 2754 aurum
1731 2690 2158 2754 Hibernicum
2203 2691 2496 2755 sitiente:
2544 2691 2666 2768 cui,
2699 2711 2846 2754 cum
2889 2713 2927 2754 a

723 2794 903 2877 Rege
950 2800 1230 2877 potestas
1274 2794 1443 2859 facta
1480 2794 1843 2880 trajiciendi
1880 2794 1951 2858 in
1998 2794 2400 2872 Hiberniam,
2445 2815 2571 2877 quo
2608 2792 2804 2877 Regis
2831 2794 2926 2867 ibi

719 2918 857 2961 rem
933 2904 1170 2979 ageret,
1229 2897 1341 2961 ille
1390 2898 1673 2981 perfidus
1723 2898 1920 2961 homo
1993 2897 2318 2961 Hibernos
2397 2896 2716 2961 commisit
2775 2917 2925 2960 cum

720 2999 995 3082 Anglis:
1043 3021 1256 3083 quare,
1297 3000 1529 3063 merito
1571 3001 1866 3085 ‘explosus
1907 3000 1988 3064 ab
2036 3000 2325 3083 utrisque
2341 2999 2391 3063 ¹¹.
2480 3001 2667 3077 Tum,
2714 3020 2925 3082 neque

651 3160 660 3167 .
722 3103 925 3165 divisa
955 3104 1115 3165 satis
1155 3103 1464 3166 commode
1501 3102 1901 3185 tmpm-ibwl
1933 3104 2260 3168 Cardinali
2306 3104 2462 3168 haec.
2554 3105 2751 3181 Nam,
2785 3124 2927 3187 quae

719 3208 789 3269 in
834 3227 911 3270 eo
959 3206 1169 3290 capite
1209 3216 1577 3286 narrantur,
1622 3230 1792 3272 anno
1840 3207 2101 3272 demum
2137 3208 2325 3272 1184.
2375 3215 2558 3291 gesta
2602 3214 2771 3286 sunt,
2806 3207 2925 3271 sub

721 3310 924 3374 Lucio
946 3309 1106 3388 111„
1135 3318 1303 3392 post,
1335 3332 1469 3374 non
1500 3312 1712 3375 solum
1741 3312 2012 3376 Adriani
2037 3312 2182 3391 IV„
2216 3311 2326 3376 sed
2358 3312 2552 3376 etiam
2573 3311 2926 3376 Alexandri

721 3414 859 3478 III.
903 3421 1230 3497 tempora:
1283 3414 1498 3498 idque,
1546 3437 1696 3480 cum
1744 3414 1881 3479 dari
1930 3437 2073 3480 eam
2120 3437 2253 3480 non
2295 3422 2465 3479 esset
2504 3436 2683 3497 opuS,
2729 3436 2924 3497 quam

722 3520 881 3597 Rex,
914 3515 1173 3596 scilicet,
1206 3518 1343 3602 jam
1379 3540 1496 3602 per
1524 3518 1837 3583 tredecim
1883 3526 2032 3583 ante
2069 3540 2270 3583 annos
2310 3525 2700 3603 occupasset.
2793 3519 2927 3582 De·-

720 3622 915 3705 nique
943 3621 1125 3685 nulla
1152 3620 1244 3684 ibi
1271 3621 1373 3685 vel
1405 3621 1539 3686 dati
1568 3623 1670 3686 vel
1702 3623 1944 3706 accepti
1974 3623 2238 3701 mentio,
2273 3621 2672 3687 conditiones
2707 3621 2923 3685 nullae.

720 3726 918 3788 'Porto
947 3724 1220 3788 credidit
1247 3725 1375 3803 hic,
1408 3732 1521 3789 aut
1557 3725 1667 3789 alii
1696 3726 2028 3791 Sacellano
2058 3747 2191 3804 suo,
2224 3726 2398 3789 haud
2439 3725 2672 3808 (credo)
2712 3725 2928 3789 locum

721 3827 1000 3910 inspexit
1049 3827 1425 3892 CardinaliS.
1519 3828 1713 3895 Quod
1766 3829 1822 3892 si
1866 3836 2103 3908 autem,
2139 3828 2294 3913 quid
2334 3850 2412 3893 ea
2453 3829 2533 3893 de
2576 3849 2647 3893 rc
2689 3827 2927 3893 habeat

787 3994 809 4026 δ
846 3995 905 4059 [“
920 3995 989 4045 Et
1010 3996 1150 4045 illius
1171 3999 1318 4046 terroe
1342 3998 1556 4061 populus
1585 4002 1636 4047 te
1657 3998 1780 4048 acci·
1865 4000 2095 4049 omnium
2122 4000 2356 4063 gentium
2388 3999 2442 4047 in
2474 3997 2592 4047 fidei
2624 3997 2928 4047 rudimentis

721 4060 845 4136 piat,
888 4065 941 4110 et
994 4061 1125 4109 sicut
1179 4059 1457 4111 Dominum
1500 4067 1779 4123 veneretur,
1864 4063 2216 4125 incultissima,
2260 4063 2487 4113 nondum
2522 4063 2660 4113 enim
2706 4062 2928 4113 decimas

711 4140 829 4187 jure
864 4125 1212 4175 Ecclesiastico
1246 4127 1462 4187 illibato,
1489 4131 1542 4177 et
1577 4129 1779 4190 integro
1865 4128 1942 4178 vel
1968 4130 2224 4191 primitias
2258 4128 2475 4186 solvunt,
2498 4128 2726 4177 nondum
2757 4129 2929 4177 matri-

720 4195 1062 4252 permanente.
1095 4194 1148 4240 et
1178 4191 1316 4242 salva
1348 4191 1501 4242 Beato
1536 4191 1685 4242 Petro
1715 4193 1778 4242 de
1865 4194 2036 4242 monia
2085 4194 2406 4253 contrahunt,
2442 4208 2547 4242 non
2592 4195 2814 4243 incestus
2858 4194 2926 4242 vi·

720 4255 936 4317 singulis
969 4254 1203 4304 domibus
1224 4271 1391 4305 annua
1413 4258 1562 4306 unius
1582 4257 1778 4307 denarii
1864 4256 2298 4321 tant.”]—Girald.
2344 4258 2659 4322 Topograph.
2712 4258 2925 4308 Hibem.

785 4319 1138 4369 nsione.”—-E
1177 4321 1257 4370 ist.
1308 4320 1525 4371 Adriani
1562 4322 1656 4372 IV.
1714 4322 1778 4372 ad
1866 4322 1997 4372 Dist.
2023 4324 2097 4372 iii.
2121 4339 2228 4387 cap.
2256 4326 2334 4373 19.
2384 4324 2459 4388 [p.
2486 4325 2598 4375 742.
2622 4324 2756 4388 apud
2786 4323 2928 4373 Cam·

779 4398 880 4432 eur.
909 4384 975 4432 11.
999 4385 1133 4447 apud
1190 4386 1375 4436 Matth.
1404 4387 1558 4437 Paris.
1595 4386 1658 4437 ad
1697 4403 1778 4438 an.
1866 4388 1985 4438 deni
2010 4388 2242 4450 Anglica,
2270 4388 2630 4445 Normannica,
2655 4389 2771 4453 etc.]

723 4449 866 4497 1155.
890 4448 958 4512 [p.
983 4449 1091 4512 91.]
1931 4452 1953 4484 ¹¹
1992 4453 2133 4516 [Gul.
2170 4453 2359 4503 Neubr.
2397 4453 2489 4502 lib.
2523 4454 2598 4503 iii.
2623 4468 2730 4517 cap.
2767 4456 2812 4503 9.
2839 4468 2926 4519 pp.

787 4509 799 4540 ¹
842 4510 894 4575 [“
913 4512 1046 4562 Gens
1079 4515 1217 4565 enim
1256 4515 1381 4575 hoec,
1412 4531 1537 4579 gens
1571 4519 1782 4581 spurcis-
1867 4520 2140 4569 282-286.
2166 4519 2328 4568 Oxon.
2352 4517 2525 4582 1719]

718 4574 863 4636 sima,
898 4591 1023 4638 gens
1060 4579 1202 4629 vitiis
1236 4580 1627 4643 involutissima,
1655 4598 1780 4646 gens
1932 4583 1944 4615 ¹
1996 4583 2222 4646 [Terent.
2248 4582 2408 4633 Andr.
2430 4583 2525 4633 111.
2554 4584 2597 4634 1.
2622 4583 2728 4647 18.]
