3165 4959
399 1036 481 1099 [in
506 1035 698 1088 directo

397 1103 495 1151 sibi
518 1102 675 1152 domi-

396 1168 482 1216 nio
515 1174 633 1216 stat·

398 1230 608 1295 uend0,]

507 1770 594 1831 60

384 3830 467 3893 [in
492 3832 660 3893 reguis

383 3896 680 3961 mutandis,]

735 352 816 417 '78
1362 370 1449 416 An
1493 369 1874 416 CARDINALIS
1918 369 2316 416 BELLARMm

728 523 883 607 ejus,
919 523 1089 606 quod
1120 525 1419 588 omnibus
1451 527 1744 608 praestari
1775 526 1985 604 debet,
2019 527 2286 590 omnium
2316 548 2450 588 non
2480 533 2711 609 putent
2741 526 2949 591 inter-

727 647 885 690 esse.
1006 628 1253 691 Vident
1313 628 1393 691 de
1445 630 1692 707 vestris,
1741 629 1946 708 inviti,
1998 631 2193 693 etiam
2256 629 2365 711 qui
2424 631 2660 693 nolunt
2705 631 2946 712 videre,

726 750 1095 793 communem
1125 732 1231 794 hic
1261 753 1519 795 causam
1543 733 1685 815 agi3
1727 733 2095 815 scripturOS,
2120 752 2260 815 quae
2282 753 2401 795 nos
2422 734 2561 816 jam
2586 733 2945 814 scribimus,

723 833 1025 912 facturos,
1071 835 1240 918 quod
1273 837 1605 915 proximus
1645 836 1798 899 feeit
1848 834 2204 919 Ucaleqoni,
2246 835 2360 898 ubi
2399 857 2515 899 sua
2558 858 2659 900 res
2700 844 2943 918 ayetur,

723 956 871 999 suus
888 940 1109 1018 paries
1140 937 1443 1002 ardebitk.

812 1042 1059 1104 Verum
1108 1063 1240 1104 non
1286 1043 1469 1104 unius
1508 1043 1863 1105 Juramenti
1909 1063 2011 1104 res
2058 1050 2190 1118 est3
2239 1041 2456 1106 dolose
2503 1042 2571 1106 id
2618 1042 2863 1106 dictum
2907 1066 2946 1108 a

727 1144 1101 1209 Cardinalc:
1171 1154 1324 1209 sunt
1372 1154 1437 1209 et
1485 1154 1666 1210 extra
1710 1147 2155 1229 juramentum
2209 1146 2333 1209 alia
2378 1146 2504 1224 hic,
2555 1153 2620 1210 et
2680 1147 2940 1230 quidem

725 1248 949 1327 multa,
1014 1250 1270 1328 Caesari,
1333 1249 1746 1332 Regibusque
1820 1270 1969 1312 eum
2040 1249 2209 1330 Reqe
2281 1259 2501 1312 nostro
2575 1251 2937 1314 communia.

727 1352 1018 1415 Penitius
1078 1354 1278 1435 igitur
1337 1353 1645 1417 doctriuae
1703 1353 1898 1437 hujus
1961 1352 2154 1436 adyta
2200 1353 2734 1436 introspiciamus,
2789 1361 2853 1416 et
2902 1377 2942 1416 a

728 1455 1067 1520 Cardinale
1108 1465 1600 1540 percontemur,
1666 1455 1856 1521 Quod
1894 1456 1946 1518 si
1993 1456 2188 1539 (quod
2227 1477 2436 1539 nuper
2466 1457 2757 1520 Venetiis
2797 1463 2938 1520 ten-

702 1535 907 1641 111νί1)
939 1560 1169 1642 jubeat
1202 1560 1500 1623 Pontifex
1529 1561 1707 1642 reflyi
1739 1562 1918 1640 leyeS,
1952 1559 2184 1621 dimitti
2221 1561 2546 1642 malefico&
2579 1581 2699 1624 nee
2730 1560 2797 1622 in
2830 1582 2938 1623 eos

726 1661 1146 1726 animadverti
1188 1664 1405 1726 sinat?
1452 1670 1794 1725 tantumne
1825 1684 1901 1725 ea
1936 1683 2036 1725 res
2069 1663 2314 1744 Regem
2357 1663 2712 1725 Britanniae
2743 1664 2937 1726 attin-

726 1765 867 1845 git?
911 1766 1074 1828 nihil
1107 1767 1442 1843 Caesarem,
1470 1765 1632 1827 nihil
1659 1765 1869 1848 Reges
1893 1765 2171 1848 reliquos
2190 1767 2220 1827 ⁴?
2271 1759 2432 1831 Quae
2455 1767 2642 1828 vestri
2667 1767 2938 1829 homines

725 1868 963 1948 passim
985 1869 1123 1950 jam
1153 1870 1533 1950 scriptitant,
1561 1872 1704 1949 (nee
1735 1890 1842 1933 eos
1875 1867 2174 1932 Pontifex
2206 1871 2571 1953 compescit)
2614 1870 2842 1952 quibus
2870 1870 2938 1933 id

726 1970 957 2050 agitur,
1002 1979 1075 2033 ut
1120 1992 1277 2034 unus
1311 1994 1427 2055 per
1474 1971 1694 2035 orbem
1740 1979 2076 2049 terrarum,
2117 1972 2415 2054 idemque
2462 1994 2749 2052 summus,
2789 1994 2936 2036 cum

725 2073 1099 2153 Hierarclea,
1131 2083 1273 2138 tum
1304 2076 1658 2138 Monarcha
1691 2076 1793 2154 sit,
1829 2075 1938 2159 qui
1969 2075 2282 2138 directum
2313 2075 2666 2138 dominium
2703 2076 2937 2139 habeat

726 2177 795 2238 iu
841 2178 1040 2259 Reyes
1086 2178 1415 2242 universos
1466 2186 1531 2243 et
1585 2180 1845 2262 Regna:
1911 2179 2121 2257 Quod,
2164 2178 2498 2260 vectigalia
2535 2180 2674 2262 jam
2722 2179 2816 2242 illi
2857 2180 2936 2242 de

719 2281 866 2364 jure
912 2283 1044 2345 sint
1085 2283 1301 2346 omnia
1347 2284 1573 2366 Regna
1614 2304 1729 2365 per
1776 2283 2122 2365 Europam,
2161 2282 2508 2364 (Steuehus
2552 2282 2675 2345 hoe
2728 2281 2934 2362 olim1,

726 2407 933 2467 nuper
962 2387 1243 2449 Martam
1274 2407 1410 2449 cum
1428 2386 1762 2470 privileyio
1793 2385 2146 2464 Pontificis,
2168 2385 2307 2449 orbi
2338 2385 2757 2468 spectandum
2788 2409 2934 2469 pro-

725 2490 960 2571 posuit)
1004 2496 1196 2573 atque
1235 2490 1345 2569 ita,
1384 2491 1696 2574 primatus
1731 2491 2076 2570 Apostolz’cz'
2118 2497 2450 2572 praetextu,
2495 2490 2934 2553 Alouare-biam

727 2591 844 2654 sibi
877 2614 949 2656 ac
979 2594 1256 2675 Reynum
1290 2594 1365 2656 de
1394 2595 1508 2656 hoc
1538 2593 1806 2655 mundon
1837 2591 2157 2670 moliatur,
2181 2591 2352 2675 quod
2382 2599 2447 2655 et
2479 2599 2628 2655 ante
2661 2600 2809 2670 stet,
2845 2601 2929 2672 et,

726 2696 850 2758 nisi
876 2704 1044 2773 ante,
1072 2704 1295 2760 eontra
1325 2702 1451 2760 stet
1483 2696 1727 2780 Regnis
1757 2695 2014 2778 reliquis
2038 2718 2074 2757 a
2099 2696 2239 2758 Deo
2270 2695 2672 2759 constitutis:
2720 2695 2929 2775 Quod,

725 2799 1122 2881 spiritualem
1162 2808 1546 2884 potestatem
1577 2808 1801 2877 totam,
1835 2799 2200 2881 temporalis
2237 2798 2432 2861 etiam
2477 2807 2725 2881 partem
2757 2821 2929 2862 sum-

722 2923 896 2963 mam
946 2904 1380 2986 optimamque
1424 2903 1719 2967 invadat:
1767 2923 1887 2966 nee
1922 2901 1992 2964 in
2027 2901 2217 2964 rebus
2263 2900 2454 2964 modo
2492 2901 2928 2984 spiritualibus

722 3026 1023 3087 personas
1085 3008 1355 3089 Regum,
1407 3007 1518 3071 sed
1578 3015 1760 3070 extra
1816 3006 1979 3084 illas,
2038 3006 2206 3089 ipsas
2265 3027 2517 3088 quoque
2574 3013 2927 3089 potestates

726 3108 998 3189 Regum,
1051 3109 1169 3172 sibi
1218 3110 1532 3194 subjiciat,
1581 3110 1775 3193 idque
1827 3110 1896 3172 in
1948 3109 2443 3193 temporalibus:
2495 3110 2707 3188 Quod,
2749 3112 2926 3173 Ana-

720 3211 1086 3291 baptismum
1145 3214 1326 3295 quasi
1378 3235 1617 3276 novum
1664 3213 2050 3292 introducat,
2101 3236 2216 3297 per
2277 3215 2577 3296 Regnum
2626 3214 2929 3278 Ecclesiae

721 3314 1065 3397 spirituale,
1124 3317 1351 3399 Regna
1409 3326 1666 3380 terrena
1723 3317 2088 3381 enervando
2107 3344 2125 3395 3
2183 3319 2331 3401 jura
2384 3340 2626 3397 eorum,
2683 3320 2931 3401 Magis-

719 3422 948 3496 tratuS,
988 3418 1115 3479 vim
1153 3439 1413 3481 omnem
1456 3418 1751 3501 denique,
1802 3419 1915 3481 ubi
1960 3419 2233 3497 videtur,
2273 3419 2607 3499 elidendo,
2667 3419 2928 3503 reliquae

718 3544 941 3586 omnes
987 3528 1063 3586 ut
1114 3524 1392 3607 jaceant,
1449 3525 1586 3587 sola
1638 3532 1861 3606 regnet
1914 3523 2150 3606 ubique
2209 3532 2493 3606 potestas
2548 3524 2922 3589 Pontifieia:

702 3629 1047 3708 propriane
1085 3628 1223 3691 haee
1260 3628 1454 3711 Regis
1493 3628 1746 3691 nostri?
1791 3628 2030 3690 Nonne
2073 3628 2416 3690 communia
2453 3635 2603 3690 sunt
2642 3630 2924 3709 Coesan's,

714 3740 779 3794 et
810 3733 1177 3813 Principum
1207 3732 1649 3816 reliquorum?

800 3835 1009 3913 Quod,
1041 3843 1381 3919 postquam
1411 3836 1812 3898 Dictaturam
1843 3833 2084 3898 diutius
2125 3835 2264 3917 jam
2295 3856 2514 3917 gerere
2545 3857 2678 3898 11011
2709 3843 2922 3918 potest

710 3938 1005 4002 Pontifex
1026 3965 1044 4016 3
1106 3939 1412 4001 Tribunus
1458 3940 1607 4002 fiat:
1662 3959 1781 4001 nee
1820 3939 2029 4020 Reges
2077 3959 2116 3999 a
2163 3938 2303 4001 Deo
2353 3937 2486 4000 solo
2532 3945 2918 4021 potestatem

708 4063 890 4104 suam
929 4041 1184 4120 habere,
1219 4042 1348 4120 sed,
1380 4042 1594 4105 neseio
1628 4041 1800 4125 quid,
1835 4041 1914 4103 de
1956 4040 2205 4123 plebeia
2241 4045 2561 4123 potestate
2600 4040 2918 4103 habituali

708 4146 961 4221 mutire,
1015 4153 1208 4228 atque
1260 4145 1353 4208 ita
1404 4145 1712 4228 populum
1767 4166 1912 4207 cum
1969 4145 2146 4226 Rege
2199 4144 2636 4207 committere:
2705 4144 2913 4221 Quod,

706 4269 848 4331 quae
878 4249 1211 4312 suceessivi
1242 4249 1407 4332 juris
1445 4256 1598 4311 sunt
1641 4249 1885 4330 Regna,
1919 4247 2186 4311 electiva
2213 4247 2488 4310 faciendi
2529 4255 2913 4330 potestatem

769 4400 780 4431 ¹
829 4400 989 4463 [Vide
1014 4400 1159 4463 Virg.
1184 4401 1295 4450 AEu.
1323 4402 1373 4451 ii.
1400 4401 1538 4465 311]
1847 4401 1898 4450 ii.
1922 4400 2031 4464 Op,
2051 4406 2172 4450 tom.
2190 4401 2262 4450 iii.
2284 4416 2330 4464 p.
2351 4402 2461 4450 236.
2481 4400 2719 4451 RVenet.
2740 4400 2908 4462 1591]

768 4465 789 4495 Β
824 4465 986 4526 [vide
1012 4465 1188 4515 Horat.
1214 4466 1373 4528 Epist.
1401 4468 1434 4515 ἰ.
1460 4470 1535 4515 18.
1564 4466 1669 4529 84.]
1913 4475 1945 4495 ’“
1973 4467 2077 4529 [De
2100 4465 2290 4515 Jurisd.
2327 4480 2431 4529 par.
2457 4466 2489 4514 i.
2527 4481 2631 4529 cap.
2659 4470 2718 4516 18
2759 4481 2804 4528 p.
2833 4469 2911 4517 37.

765 4528 776 4558 ¹
814 4529 967 4591 [vide
992 4533 1119 4589 Aug.
1148 4530 1344 4578 Steueh.
1370 4530 1562 4592 Eugub.
1589 4537 1763 4581 contra
1851 4533 2011 4580 Aren.
2037 4531 2209 4592 1616.]

704 4593 1759 4645 Laurent.Vallaxu(leDonatcuustantlib.
1915 4604 1936 4627 ⁸¹
1975 4596 2135 4660 [Vide
2157 4596 2188 4645 J
2195 4611 2302 4646 ean.
2330 4596 2474 4646 xviii.
2498 4597 2601 4660 312]
