3165 4959
353 358 440 406 An
483 358 867 408 cmmlms
907 359 1309 408 Bmmmm1
1351 359 1718 409 APOLOGIAM
1762 360 2127 410 RESPONSIO.
2257 349 2383 412 465

170 523 251 578 ut
284 514 687 579 subditorum
727 516 798 577 in
828 517 1038 598 Reges
1083 537 1248 594 suos,
1277 517 1504 595 officia,
1539 517 1733 581 fidem
1762 519 2054 600 perimat.
2146 519 2382 596 Quare,

170 616 300 681 etsi
331 618 650 681 sententia
678 618 810 681 lata
839 618 941 695 sit,
973 618 1332 701 pariturum
1364 620 1528 702 Regi
1556 619 1997 684 nihilominus.

240 768 344 841 Qui
366 820 378 832 .
402 820 415 832 .
440 820 452 832 .
467 784 613 846 jurat
632 798 684 833 se
706 783 1028 833 obediturum
1050 784 1177 847 Regi
1200 784 1452 843 haeretico,
1477 800 1581 835 non
1603 786 1836 836 obstante
1859 787 2381 837 excommunicatione

311 863 480 927 Papae,
501 879 670 915 nonne
683 864 827 928 jurat
847 865 1001 914 simul
1024 879 1076 914 se
1099 880 1203 914 non
1223 881 1490 927 agnoscere
1515 867 1569 916 in
1594 866 1733 931 Papa
1760 871 2064 931 potestatem
2098 882 2382 917 excommu-

308 944 513 995 nicandi
539 946 699 1008 Reges
720 945 1016 996 haereticosl
1081 947 1291 1009 Alioqui
1315 981 1328 994 .
1357 985 1369 997 .
1394 985 1405 996 .
1431 962 1535 997 non
1548 948 1917 1010 juramentum,
1953 948 2040 997 sed
2062 949 2380 1011 sacrilegium

310 1030 455 1084 esset,
469 1025 641 1088 jurare
663 1040 715 1075 se
737 1040 841 1075 non
863 1026 1185 1076 obediturum
1206 1028 1473 1077 sententies
1496 1028 2035 1077 excommunicationis
2051 1043 2082 1077 a
2107 1028 2242 1091 Papa
2263 1029 2381 1078 latoe

310 1106 367 1154 in
392 1106 579 1169 Regem
612 1106 924 1165 haereticum,
946 1107 990 1156 si
1013 1107 1237 1158 crederet
1258 1124 1362 1158 esse
1392 1109 1449 1157 in
1479 1107 1617 1171 Papa
1640 1145 1651 1157 .
1679 1146 1691 1158 .
1716 1113 2019 1173 potestatem
2040 1110 2380 1159 excommuni-

313 1185 697 1252 candi—[Bell.
716 1188 867 1252 Apol.
888 1202 980 1252 pro
1001 1187 1171 1253 Resp.]
1193 1203 1241 1252 p,
1265 1191 1372 1239 191.
1399 1189 1535 1253 [Op.,
1557 1193 1681 1238 tom.
1696 1190 1783 1238 vii.
1807 1189 1899 1239 col.
1924 1191 2034 1239 811.
2058 1189 2150 1253 D.]

273 1317 394 1389 Qui
406 1318 595 1398 jurat
615 1338 683 1380 se
705 1314 1088 1381 obediturum
1106 1318 1284 1400 Reqi,
1310 1340 1432 1381 non
1455 1318 1736 1382 obstante
1758 1321 2383 1384 excommunicatione

174 1420 394 1500 Papoe,
429 1442 626 1483 nonne
656 1421 843 1502 jurat
872 1422 1060 1483 simul
1084 1442 1150 1484 se
1178 1443 1301 1484 non
1332 1442 1665 1504 aquescere
1694 1423 1762 1484 in
1791 1423 1976 1503 Papa
2006 1429 2383 1504 potestatem

166 1524 750 1585 excommunicandi
780 1524 980 1605 Reyes
998 1525 1032 1585 .?
1076 1524 1168 1586 ait
1198 1524 1574 1587 cardinalis.
1667 1524 1815 1587 Non
1848 1525 2037 1605 jurat
2080 1527 2284 1603 simul,
2315 1546 2383 1588 se

171 1645 299 1685 non
340 1645 692 1706 aquo-scere.
782 1627 1091 1708 Aque-scit
1135 1626 1329 1704 enim,
1368 1633 1434 1689 et
1482 1626 1804 1709 supponit,
1853 1626 2133 1709 adeoque
2175 1628 2380 1709 ponit,

170 1725 245 1788 in
291 1747 368 1789 eo
402 1733 780 1808 potestatem
817 1729 1409 1791 excommunicandi.
1500 1729 1650 1794 Qua
1694 1728 1954 1811 quidem
1989 1730 2213 1811 posita,
2262 1751 2383 1794 nec

173 1829 523 1912 quicquam
552 1831 870 1909 obstante,
903 1831 1287 1894 obediturum
1315 1852 1381 1894 se
1391 1832 1582 1912 jurat
1612 1839 1848 1895 tamen.
1926 1832 2035 1895 Ita
2062 1853 2183 1894 non
2193 1832 2383 1913 jurat

174 1933 371 1994 simul
392 1953 459 1995 se
487 1954 610 1995 non
640 1954 989 2015 ayne-scere,
1021 1933 1153 1997 imo
1184 1934 1446 1997 seorsim
1470 1935 1671 2019 jurat,
1704 1955 2036 2016 aynoscere
2076 1956 2144 1998 se
2174 1935 2380 2019 primo

161 2041 545 2115 potestatem
595 2034 1187 2114 eoecoinmunicandi,
1233 2058 1367 2100 non
1409 2044 1631 2101 tamen
1663 2058 1996 2120 aquescere
2023 2038 2096 2101 in
2126 2060 2378 2102 excom-

180 2137 639 2201 municationis
698 2138 1019 2201 sententia
1077 2159 1218 2201 eam
1265 2139 1394 2201 vim
1455 2160 1615 2217 esse,
1664 2161 1791 2222 quo
1842 2140 2079 2219 minuS,
2131 2162 2206 2204 ea
2248 2162 2382 2204 non

175 2238 500 2317 obstante,
536 2241 720 2323 Regi,
751 2241 854 2303 vel
882 2248 1026 2324 post
1055 2262 1198 2304 eam
1228 2241 1448 2319 latam,
1481 2243 1729 2305 obedire
1758 2243 1958 2325 possit
1979 2268 1999 2319 3
2049 2245 2205 2306 Non
2236 2266 2379 2307 eam

174 2340 307 2403 vim
349 2341 579 2420 inesse,
610 2349 685 2406 ιιι
731 2342 1121 2407 deserendus
1169 2343 1272 2421 sit,
1319 2365 1358 2405 a
1403 2344 1550 2405 filiis
1581 2344 1795 2420 Pater,
1829 2365 1868 2406 a
1911 2343 2184 2406 subditis
2216 2346 2377 2422 Rex,

177 2445 790 2509 excommunicatus.
887 2446 1108 2509 Credet
1160 2465 1290 2509 esse
1370 2446 1438 2508 in
1489 2445 1674 2526 Papa
1741 2463 1951 2506 veram
2013 2450 2383 2525 potestatem

174 2550 752 2611 excommunicandi
781 2550 997 2632 Reyes.
1068 2550 1231 2612 Esto
1262 2548 1436 2612 enim
1463 2555 1538 2611 ut
1571 2547 1674 2622 sit,
1717 2548 1882 2630 (quae
1914 2546 2173 2630 quidem
2204 2549 2385 2611 nulla

175 2650 304 2731 est)
342 2650 454 2713 sed
485 2657 621 2714 esto
649 2658 871 2714 tamen
899 2659 974 2714 ut
1005 2652 1108 2728 sit,
1141 2656 1206 2714 et
1238 2651 1456 2714 credat
1487 2672 1625 2714 esse
1642 2675 1661 2726 3
1692 2651 2123 2731 juramentum
2161 2658 2383 2713 tamen

177 2753 326 2830 erit,
360 2759 426 2814 et
455 2775 588 2816 non
616 2755 1032 2836 sam-ileyium.
1102 2755 1259 2817 Non
1291 2754 1464 2816 enim
1479 2753 1732 2834 jurabit
1760 2773 1827 2815 se
1849 2774 1971 2815 non
2001 2753 2385 2815 obediturum

176 2856 497 2918 sententioe
526 2857 1176 2919 excommunicationis
1221 2877 1259 2917 α
1293 2856 1476 2936 Papa
1508 2857 1652 2918 latae
1681 2857 1749 2917 in
1779 2856 2027 2937 Reyem.
2105 2854 2383 2918 Obediet

176 2957 376 3034 enim,
411 2959 657 3041 Regem
683 2957 949 3022 habebit
977 2959 1141 3020 sicut
1182 2957 1525 3020 Etlmicum
1567 2962 1628 3019 et
1668 2956 2078 3019 Publicanum
2094 2953 2142 3033 ¹¹,
2176 2955 2383 3040 quoad

177 3060 485 3122 Ecclesiae
542 3061 766 3137 claves,
828 3059 1038 3143 quoad
1099 3060 1401 3141 Regnum
1453 3059 1801 3122 coelorum:
1853 3059 1965 3122 sed
2011 3079 2118 3122 eas
2164 3065 2386 3120 tamen

176 3162 347 3226 vires
389 3162 652 3244 negabit
680 3162 895 3225 inesse
923 3162 993 3224 in
1032 3182 1109 3224 ea
1138 3162 1477 3238 sententia,
1511 3169 1588 3223 ιιι
1617 3161 1803 3224 tollat
1835 3161 2196 3244 congenitae
2226 3160 2383 3223 fide-

176 3265 381 3327 litatis
409 3264 737 3329 vinculum
765 3265 1076 3342 naturale,
1099 3265 1219 3328 etsi
1243 3285 1568 3327 sacrorum
1588 3263 2106 3327 communionem
2126 3284 2386 3326 omnem

175 3369 404 3432 tollat:
454 3369 615 3431 nihil
646 3369 819 3431 enim
848 3367 1164 3445 claudere,
1195 3367 1359 3430 nihil
1389 3367 1590 3449 ligare
1621 3367 1813 3444 aliud,
1849 3389 2041 3448 quam
2073 3367 2177 3430 cui
2208 3367 2378 3430 clau-

177 3470 394 3534 dendo
424 3477 489 3534 et
518 3471 778 3553 ligando
808 3470 975 3533 datae
1005 3476 1177 3547 sunt,
1212 3490 1403 3552 quam
1435 3468 1607 3553 quod
1655 3469 1737 3530 ad
1778 3469 2055 3549 Reynum
2095 3468 2385 3530 coelorum

180 3580 449 3657 spectat,
497 3579 608 3636 aut
652 3574 1038 3637 Ecclesiam:
1087 3573 1154 3634 in
1192 3572 1444 3635 vincula
1487 3578 1745 3648 naturoe,
1778 3570 1877 3633 vel
1907 3571 2172 3652 politice,
2222 3571 2385 3633 nihil

179 3678 239 3741 ei
281 3676 449 3760 juris
496 3697 654 3739 esse.
746 3676 944 3738 Videt
993 3696 1212 3758 aequus
1247 3675 1450 3738 lector
1493 3679 1881 3757 potestatem
1929 3672 2033 3734 hic
2081 3673 2382 3734 affirmari

179 3779 409 3862 plane3
455 3799 654 3862 eaque
703 3778 794 3842 sic
842 3779 1175 3857 affirmata,
1224 3777 1446 3861 negari
1485 3783 1709 3838 tamen
1752 3776 1895 3851 hoc,
1928 3775 2386 3838 Excommuni-

176 3882 436 3946 catione
496 3882 652 3945 solvi
711 3882 913 3945 civilis
973 3880 1354 3945 obedientiae
1412 3880 1762 3943 vinculum.
1870 3879 2056 3941 Stare
2117 3877 2382 3960 quidem

175 4005 518 4054 censuram
541 4010 560 4059 ;
622 4005 741 4047 nec
798 3990 1020 4046 tamen
1078 3983 1355 4060 obstare,
1410 4004 1537 4065 quo
1580 3982 1795 4044 minus
1849 3980 2014 4062 Regi
2064 3986 2385 4062 pareatur.

181 4088 330 4152 Nec
368 4087 437 4149 id
480 4087 698 4169 quaeri,
742 4107 826 4148 an
874 4085 977 4163 sit,
1009 4086 1112 4150 vel
1153 4106 1291 4148 esse
1333 4084 1533 4168 possit
1567 4081 2205 4160 Excommunicatio;
2252 4081 2386 4159 sed,

177 4190 293 4254 ubi
330 4190 470 4274 jam
500 4196 620 4267 est,
653 4209 848 4271 quam
877 4187 1007 4252 vim
1050 4187 1304 4264 habeat,
1336 4194 1401 4250 et
1438 4208 1522 4249 an
1568 4186 1650 4249 ad
1687 4185 1938 4249 civilem
1984 4182 2385 4248 subditorum

180 4294 379 4357 fidem
411 4291 778 4357 solvendam
810 4311 877 4355 se
907 4291 1211 4373 porrigat.

1030 4450 1053 4482 ⁴
1086 4451 1257 4516 [Matt.
1281 4451 1421 4500 xviii.
1450 4449 1549 4513 172]

265 4548 754 4586 &natvm—mr.
1738 4544 1787 4592 Η
1818 4545 1866 4591 Η

2488 1950 2619 2011 337
