3165 4959
1381 955 1487 1017 An
1531 955 1753 1018 CAPUT
1797 956 2141 1019 OcrAvum.

725 1215 846 1266 Non
881 1232 985 1268 esse
1026 1219 1247 1268 recentia
1280 1217 1536 1281 dogmata,
1572 1216 1662 1268 sed
1689 1219 2057 1282 antiquissima,
2099 1218 2512 1268 intercessionem
2552 1217 2870 1279 Sanctorum,

792 1299 1005 1349 Missam
1028 1300 1295 1363 privatam,
1319 1300 1943 1361 Transubstantiationem,
1965 1304 2018 1350 et
2038 1300 2155 1360 alia,
2178 1315 2293 1364 quae
2319 1299 2426 1350 Rex
2449 1300 2654 1362 Angliae
2676 1300 2877 1350 novitia

704 1377 711 1383 ’
791 1386 845 1430 et
866 1397 1057 1446 nupera
1077 1382 1452 1446 vocat.—[ssell.
1482 1383 1630 1446 Apol.
1666 1397 1756 1447 pro
1780 1381 1925 1446 Resp.
1972 1381 2085 1445 Op„
2106 1387 2229 1432 tom.
2248 1382 2335 1431 vii.
2358 1381 2451 1431 col.
2478 1381 2585 1433 757.
2610 1379 2699 1445 A.]

662 1506 809 1569 Non
860 1528 991 1570 esse
1042 1508 1333 1589 dogmata
1393 1509 1849 1592 antiquissima,
1901 1508 2412 1571 Intercessionern
2472 1508 2870 1584 Sanctorum,

757 1611 1021 1673 Missam
1048 1612 1393 1690 privatam,
1432 1611 2199 1690 stambstantiationem,
2246 1617 2306 1674 et
2359 1612 2509 1690 alia,
2561 1631 2693 1692 quoe
2729 1611 2875 1672 Rea:

751 1716 988 1778 novitia
1018 1721 1079 1777 et
1108 1734 1349 1795 nupera,
1372 1720 1573 1778 vocat.

732 2086 807 2138 Dc
833 2087 889 2137 B.
917 2084 1133 2151 Virgine
1156 2124 1167 2135 .
1193 2124 1205 2136 .
1231 2123 1243 2136 .
1266 2088 1445 2138 scribit
1479 2090 1658 2151 multa,
1682 2105 1795 2153 quae
1835 2104 1898 2139 ex
1939 2091 2217 2154 Colloquiis
2245 2089 2444 2141 Erasmi
2475 2091 2875 2156 petita-[Bell.

797 2170 951 2233 Apol.
973 2185 1065 2233 pro
1088 2168 1258 2234 Resp]
1281 2185 1328 2234 p.
1346 2173 1421 2220 93.
1447 2170 1589 2234 [Op.,
1609 2176 1731 2220 tom.
1750 2171 1836 2221 vii.
1860 2171 1952 2220 col.
1973 2173 2083 2224 757.
2104 2171 2193 2236 A.]

340 2296 485 2411 [θῦε
503 2298 565 2349 de
582 2297 640 2348 Β·
672 2296 864 2362 QUOD
909 2296 988 2359 de
1020 2298 1098 2359 B.
1119 2295 1407 2379 Virgine,
1441 2318 1479 2360 a
1505 2296 1703 2374 vobis,
1742 2297 1990 2380 (parum
2016 2296 2274 2380 quidem
2297 2296 2368 2360 in
2397 2317 2473 2361 eo
2498 2297 2872 2381 Catholicis)

394 2364 557 2427 irgine

340 2427 449 2481 Rex
471 2429 621 2494 serip-
670 2399 870 2478 Divae,
904 2399 1188 2483 Deaeque
1217 2400 1425 2462 titulis
1456 2399 1820 2483 indigitata,
1851 2399 1955 2484 pie
1984 2400 2392 2485 ingenueque
2426 2403 2564 2465 Rex
2594 2400 2875 2486 subjicit,

338 2495 423 2554 sit,
445 2509 549 2545 non

340 2562 461 2608 sunt
482 2574 547 2610 ex

340 2622 550 2675 Erasmo

339 2688 539 2753 petita]

428 3957 559 4022 174

341 4066 364 4131 [
374 4065 507 4116 Vera

339 4140 513 4180 tamen

338 4195 577 4244 Erasmus

343 4259 586 4324 scripsit]

665 2503 735 2568 id
765 2525 976 2583 omne,
1008 2526 1088 2566 ez·
1117 2505 1438 2586 colloquiis
1472 2504 1726 2567 Era-emi
1742 2506 2014 2585 petitum
2044 2504 2403 2569 Cardinalis
2431 2505 2882 2569 indubitanter

668 2608 914 2672 asserit.
1007 2608 1241 2671 Putide
1284 2629 1436 2671 vero
1476 2608 1620 2671 hoc.
1713 2608 1907 2671 Unde
1947 2608 2142 2687 enim,
2189 2629 2269 2670 eoe
2304 2608 2640 2689 Colloquii-9
2665 2609 2878 2688 petita

667 2712 1008 2776 resciscere
1038 2712 1334 2795 potuit⁸'?
1399 2713 1506 2773 An
1536 2711 1636 2774 vel
1665 2708 1791 2773 levi
1819 2711 1885 2773 id
1918 2709 2102 2794 signo
2131 2711 2439 2774 indicavit
2460 2712 2490 2774 ἲ
2554 2711 2878 2775 Inhones-

667 2822 775 2878 tus
805 2836 954 2878 vero
984 2836 1143 2892 mos,
1175 2836 1296 2878 nec
1330 2814 1670 2878 Cardinale
1704 2814 1958 2898 dignae,
1990 2815 2205 2896 (quem
2236 2835 2446 2896 neque
2476 2813 2577 2877 vel
2606 2814 2678 2877 in
2707 2835 2877 2877 mar-

669 2919 822 3001 gine
868 2918 960 2981 sic
1005 2918 1386 2999 annotavit,)
1424 2938 1570 2980 eum
1608 2918 1793 3000 Regi,
1839 2938 1956 3001 pro
1984 2918 2270 2981 Auctore
2316 2939 2450 2996 sun,
2481 2917 2658 2996 velit,
2690 2918 2878 2996 nolit,

668 3020 1033 3083 obtrudere.
1124 3022 1217 3083 At
1260 3021 1605 3083 Erasmum
1653 3021 1794 3084 Rex
1840 3021 1911 3083 in
1955 3027 2094 3084 tota
2138 3019 2261 3084 hac
2305 3021 2694 3098 narratione,
2733 3018 2881 3084 οὐδὲ

669 3118 808 3185 κατ’
846 3119 1035 3207 ὄναρῑ)
1065 3122 1387 3204 cogitavit,
1433 3144 1644 3205 neque
1684 3144 1832 3187 vero
1874 3125 2148 3187 Erasmo
2193 3124 2275 3187 dc
2306 3124 2484 3188 vobis
2533 3124 2879 3207 quicquam

670 3223 891 3301 credit,
924 3224 1050 3286 nisi
1091 3224 1264 3307 legat
1296 3224 1464 3307 apud
1495 3245 1630 3289 vos.
1720 3226 1776 3288 E
1807 3226 2036 3290 vestris
2065 3233 2287 3310 petere
2319 3228 2500 3306 solet,
2533 3249 2654 3294 nec
2681 3228 2811 3291 nisi
2844 3249 2881 3291 e

669 3326 916 3404 vestris,
951 3346 1093 3409 quae
1123 3326 1193 3389 in
1222 3325 1400 3391 vobis
1430 3328 1861 3411 reprehendit.
1956 3329 2150 3395 Quod
2180 3332 2232 3393 si
2267 3330 2509 3410 liceret,
2540 3332 2613 3394 in
2645 3330 2875 3396 Cardi-

670 3430 837 3493 nalis
886 3428 1374 3509 ControversiiS,
1419 3452 1602 3514 pares
1651 3431 1926 3496 subinde
1978 3435 2383 3517 conjecturas
2432 3433 2660 3513 facere,
2705 3455 2879 3496 nun-

672 3556 864 3617 quam
894 3533 1121 3618 majori
1153 3533 1503 3599 deridiculo
1534 3534 1759 3619 AEsopi
1790 3534 2131 3614 cornicula,
2148 3532 2417 3616 ficrtivis
2445 3537 2684 3599 nudata
2715 3538 2878 3599 colo-

669 3638 896 3717 riba-20,
920 3658 1111 3721 quam
1141 3637 1252 3701 illa
1280 3638 1640 3722 rhapsodia.
1707 3639 1835 3702 Sed
1863 3659 2107 3702 morem
2136 3638 2313 3703 hunc
2342 3646 2479 3703 tam
2509 3639 2878 3715 barbarum,

670 3741 862 3820 absit,
902 3749 978 3804 ut
1008 3743 1345 3824 permittat
1377 3742 1500 3806 sibi
1538 3740 1834 3806 cordatus
1876 3741 2225 3825 quispiam:
2274 3742 2462 3821 absit,
2496 3750 2569 3806 ut
2608 3764 2742 3806 non
2771 3763 2880 3805 ex-

669 3844 890 3928 plodat
920 3845 991 3908 in
1023 3842 1371 3909 Cardinale
1401 3846 1644 3909 candor
1672 3845 2007 3909 doctorum
2035 3844 2395 3908 hominum.

761 3947 954 4013 Quod
989 3949 1298 4011 Erasmus
1343 3948 1432 4012 ibi
1470 3955 1690 4012 tamen
1731 3946 2001 4030 scripsit,
2033 3970 2168 4012 non
2205 3955 2450 4011 temere
2490 3947 2636 4027 fuit,
2666 3947 2768 4011 vel
2797 3946 2884 4010 de

669 4050 875 4114 nihilo
893 4075 911 4128 3
961 4057 1026 4114 et
1067 4050 1146 4114 de
1193 4072 1319 4133 quo
1359 4072 1552 4115 nemo
1598 4051 1806 4114 adhuc
1836 4051 2135 4114 convenit
2166 4052 2512 4114 Erasmum
2551 4049 2716 4114 falsi.
2809 4050 2879 4113 Is

668 4152 843 4216 illius
885 4154 1098 4217 saeculi
1123 4175 1281 4232 mos,
1314 4161 1505 4237 atque
1537 4153 1696 4217 adeo
1734 4153 1931 4237 hujus
1964 4174 2237 4237 quoque,
2270 4154 2351 4217 de
2382 4175 2509 4236 quo
2543 4151 2880 4217 conscien-

667 4255 827 4318 tiam
870 4257 1228 4320 Cardinalis
1269 4257 1576 4320 convenio
1596 4282 1614 4334 3
1662 4278 1900 4335 annon,
1931 4278 2048 4339 per
2093 4256 2353 4320 Italiam
2396 4255 2609 4335 hodie,
2644 4257 2878 4340 saepius

734 4405 754 4427 ⁸
787 4397 927 4463 [vid.
954 4399 1144 4461 Colloq.
1183 4399 1521 4462 ‘Peregrinatu
1558 4400 1723 4464 Relig.
1878 4398 1901 4431 ὓ
1935 4399 2089 4465 [Vide
2135 4401 2263 4450 Plat.
2310 4401 2504 4450 Phileb.
2554 4405 2577 4462 5
2622 4401 2702 4454 75.
2762 4402 2875 4466 Op„

667 4463 1079 4541 ergo.'—Erasmi
1117 4465 1228 4527 Op„
1270 4470 1391 4514 tom.
1416 4467 1448 4515 i.
1489 4466 1601 4515 coll.
1628 4467 1720 4518 774
1812 4469 1932 4516 tom.
1959 4480 2004 4514 v.
2040 4481 2087 4529 p.
2113 4468 2222 4516 509.
2261 4465 2419 4515 hond.
2446 4465 2612 4529 1826]

666 4527 842 4574 -ιὸᾋ
868 4525 1028 4587 Lugd.
1055 4527 1164 4576 Bat.
1188 4529 1354 4590 1703]
1878 4540 1898 4561 ⁰
1934 4529 2138 4594 [Horat.
2163 4531 2252 4594 Ep.
2280 4530 2318 4579 1.
2343 4535 2386 4580 3.
2413 4530 2515 4594 20.]
