3165 4959
429 503 668 568 sigillum
730 530 750 557 .-

444 570 599 622 oufes-

407 636 566 687 sionis
588 636 645 683 in

728 325 860 386 436
1360 336 1443 383 An
1487 335 1869 383 cmmmms
1913 334 2311 382 BELLfflmI

820 490 950 554 Sed
976 490 1140 554 bene
1167 490 1382 569 habet,
1414 491 1586 574 quod
1623 512 1746 553 non
1784 492 2035 572 ignorat
2066 491 2203 573 jam
2234 487 2609 565 cardinalis,
2644 487 2941 569 Siyillnm

738 593 1150 676 confessionis
1190 615 1317 657 suae
1348 596 1841 657 Sacramentalis
1881 614 2067 675 posse
2095 594 2315 675 deteyi,
2363 593 2450 654 ad
2488 593 2708 673 iugens
2743 590 2936 653 detri-

409 698 710 765 quibusdam
731 704 998 761 mentum
1026 698 1444 775 avertendum,
1473 698 1656 760 modo
1680 718 1950 779 persona
1978 696 2326 778 confitentis
2351 696 2714 758 reticeatur.
2762 693 2938 756 Nam

401 767 599 819 casibus

403 896 608 962 detegi-l

426 2574 674 2639 [Gar-neto

421 2655 530 2690 rem
552 2640 684 2691 dete-

423 2706 566 2766 genti
592 2706 698 2755 Rex

424 2770 691 2820 condonas-

423 2833 544 2896 set]

509 3184 639 3247 316

731 801 838 864 hic
887 803 1103 883 inyem
1149 801 1586 863 detrimentum
1636 801 1784 879 fuit,
1839 800 2007 882 quod
2066 802 2267 863 averti
2315 820 2492 882 opus,
2547 805 2612 861 et
2661 816 2940 880 persona

728 906 980 969 reticeri
1021 913 1288 987 poterat.
1379 905 1514 968 Cur
1549 925 1701 987 ergo
1741 904 2023 985 sigillum
2053 903 2377 967 detectum
2421 923 2556 965 non
2585 909 2687 964 est
2704 901 2734 962 ’,Ρ
2826 900 2941 962 In·

730 1016 930 1072 staret
955 1008 1132 1072 enim
1162 1010 1319 1087 Rex,
1352 1016 1610 1092 urgeret
1640 1009 1836 1070 etiam
1867 1007 1947 1070 de
1983 1028 2252 1089 persona
2280 1004 2656 1087 detegenda,
2687 1002 2941 1085 rapien-

732 1113 850 1176 dus
895 1120 1113 1175 autem
1155 1111 1226 1174 in
1254 1112 1511 1175 vincula
1543 1112 1915 1190 Gamettus,
1948 1108 2459 1192 exquisitissimis
2488 1116 2654 1171 torm
2662 1106 2836 1168 entis
2864 1104 2945 1168 de

733 1237 812 1279 eo
876 1215 1143 1297 quaestio
1199 1214 1511 1279 habenda.
1603 1214 1792 1278 Nihil
1837 1235 2013 1296 opus.
2119 1214 2277 1276 Non
2334 1211 2737 1275 convenisset
2804 1210 2941 1291 ipse

734 1321 1015 1403 Regem:
1061 1340 1174 1401 per
1214 1319 1430 1382 literas
1473 1340 1617 1381 suas
1646 1339 1682 1381 e
1710 1318 1959 1381 latebra
1986 1338 2101 1379 sua
2121 1317 2500 1394 monuisset,
2532 1315 2728 1397 idque
2758 1314 2842 1376 de
2872 1335 2941 1375 re

737 1424 951 1502 modo,
992 1443 1264 1504 persona
1315 1421 1661 1505 praeterita,
1705 1443 1831 1504 qua
1877 1421 1959 1484 ad
2009 1423 2256 1504 Regem
2305 1419 2648 1503 praeterita,
2695 1440 2826 1501 qua
2865 1418 2942 1480 ad

740 1549 808 1591 se
851 1526 1248 1611 praemonita,
1283 1532 1358 1589 ut
1389 1534 1640 1589 mature
1681 1547 1749 1589 se
1790 1525 2004 1608 aliquo
2045 1524 2448 1588 subduceret.
2498 1530 2511 1537 ²
2539 1524 2634 1586 At
2682 1523 2736 1584 si
2767 1543 2941 1585 com-

740 1633 1093 1716 prehensus
1144 1633 1498 1694 Garnettus
1515 1631 1545 1693 ⁴?
1636 1631 1748 1708 At,
1808 1650 1892 1692 ne
1944 1628 2403 1711 comprehendi
2451 1634 2670 1711 posset
2725 1627 2944 1708 igitur,

741 1742 817 1799 ut
836 1743 1017 1798 extra
1045 1735 1250 1798 aleam
1269 1754 1525 1797 omnem
1545 1740 1734 1811 esset,
1758 1732 2115 1815 trajecisset
2145 1731 2378 1815 aliquo,
2399 1732 2500 1795 vel
2527 1729 2598 1792 in
2623 1730 2943 1812 Belgium.

743 1839 842 1901 Ac
872 1838 971 1900 vel
1000 1837 1068 1900 in
1099 1837 1294 1900 maris
1324 1836 1620 1919 trajectu,
1640 1857 1716 1898 ex
1746 1835 1886 1919 ipso
1915 1842 2058 1898 tum
2089 1843 2301 1917 portu,
2331 1833 2435 1897 vel
2464 1831 2616 1895 inde
2648 1852 2685 1894 e
2718 1831 2946 1914 Belgio

742 1948 887 2022 post
916 1941 1280 2023 trajectum,
1324 1939 1529 2002 scelus
1572 1938 1941 2015 indicasset,
1972 1937 2086 2001 ubi
2127 1936 2483 2021 periculum
2513 1935 2772 1998 nullum
2812 1936 2945 2018 jam

743 2041 1144 2105 vinculorum
1196 2042 1297 2103 vel
1354 2042 1748 2123 quaestionis.
1841 2042 2055 2108 Quam
2114 2041 2301 2104 facile
2356 2039 2534 2103 factu
2584 2039 2730 2115 hoc,
2780 2039 2946 2101 viam

743 2144 926 2222 inire,
960 2144 1039 2207 de
1082 2165 1153 2207 re
1197 2144 1333 2207 sine
1375 2145 1666 2226 personis
1712 2145 2077 2222 revelanda,
2125 2165 2246 2208 nec
2290 2144 2424 2207 ullo
2468 2164 2616 2206 cum
2661 2142 2950 2225 periculo

747 2268 881 2326 suo,
920 2247 971 2310 si
1005 2247 1074 2310 in
1107 2248 1425 2311 Garnetto
1454 2247 1627 2310 bona
1656 2269 1865 2327 mens,
1908 2248 1960 2311 si
1991 2248 2154 2311 serio
2184 2248 2617 2310 detrimentum
2647 2252 2951 2321 avertere,

747 2350 796 2414 si
828 2357 1085 2415 tantum
1113 2371 1449 2431 personam
1485 2352 1748 2414 reticere
1776 2352 2098 2431 voluisset,
2146 2352 2202 2414 si
2236 2372 2367 2414 non
2403 2347 2747 2431 confectam
2791 2370 2951 2425 rem,

751 2476 941 2539 quam
973 2456 1274 2519 detectam
1303 2456 1675 2518 maluisset?

838 2560 938 2621 Ea
983 2557 1240 2642 quidem
1295 2558 1459 2641 Regi
1510 2580 1549 2620 a
1600 2565 1836 2621 natura
1878 2557 2129 2621 indoles
2170 2563 2287 2635 est,
2356 2557 2412 2619 is
2456 2561 2770 2640 perpetuo
2814 2576 2956 2618 mos

751 2660 894 2741 fuit,
929 2661 1119 2743 quod,
1151 2661 1294 2744 quis
1325 2661 1385 2724 ei
1415 2682 1492 2723 ex
1522 2660 1931 2724 eonscientiae
1960 2660 2223 2723 stimulo
2250 2659 2423 2722 ultro
2453 2659 2533 2722 cle
2563 2679 2633 2721 se
2662 2679 2953 2740 unquam

751 2765 1080 2828 confessus
1102 2772 1219 2843 est,
1240 2771 1318 2827 ut
1342 2785 1592 2846 semper
1618 2764 1882 2846 impune
1900 2763 2143 2841 tulerit,
2175 2783 2295 2826 nec
2324 2762 2533 2826 fraudi
2562 2761 2631 2825 id
2649 2761 2950 2843 cuiquam

748 2868 961 2932 fuerit.
1053 2869 1323 2932 Parcere
1368 2875 1540 2931 amat
1586 2888 1721 2930 rem
1762 2866 2030 2930 candide
2070 2865 2436 2948 proferenti.
2532 2866 2717 2947 Saepe
2757 2864 2825 2927 id
2870 2863 2953 2926 ab

750 2991 826 3034 eo
856 2970 1098 3034 factum
1122 2977 1188 3033 et
1219 2971 1459 3048 multis,
1492 2991 1613 3033 nec
1636 2992 1712 3033 ex
1743 2991 1819 3035 eo
1843 2971 1984 3054 quis
2013 2970 2084 3034 in
2106 2970 2453 3033 discrimen
2483 2969 2804 3032 adductus
2835 2975 2950 3044 est,

751 3073 920 3155 quod
950 3072 1193 3136 crimen
1232 3072 1315 3136 ad
1345 3094 1514 3152 eum,
1547 3073 1648 3137 vel
1686 3073 1756 3136 in
1794 3080 1985 3155 eaput
2025 3095 2233 3149 suum,
2266 3094 2344 3136 ex
2384 3071 2640 3135 sceleris
2671 3071 2953 3134 detesta-

749 3175 926 3239 tione
971 3174 1325 3239 detulisset.
1419 3176 1606 3239 Idem
1648 3183 1714 3240 et
1747 3178 2067 3241 Garnetto
2110 3175 2402 3240 futurum
2444 3175 2591 3252 fuit,
2630 3175 2737 3238 cui
2778 3181 2954 3237 certa

748 3280 950 3342 veniae
979 3299 1141 3361 spes,
1174 3277 1230 3340 si
1269 3288 1488 3361 aperte
1519 3287 1585 3343 et
1615 3279 1898 3362 ingenue
1930 3280 2094 3364 Regi
2122 3301 2253 3342 rem
2283 3280 2644 3361 aperuisset.
2737 3278 2953 3341 Fecis-

750 3387 869 3460 set,
911 3381 965 3443 si
997 3380 1336 3464 quiequam
1373 3380 1444 3443 in
1474 3403 1550 3445 eo
1577 3381 1768 3445 bonae
1796 3383 2035 3446 mentis
2063 3382 2310 3461 fuisset,
2346 3403 2541 3465 seque
2572 3391 2639 3444 et
2668 3381 2954 3463 reliquos

748 3507 882 3548 una
935 3483 1240 3563 conscios,
1304 3507 1430 3566 qua
1485 3493 1633 3568 post
1690 3485 1975 3564 luebant,
2043 3485 2267 3568 capitis
2339 3505 2531 3568 poena
2593 3483 2948 3547 liberasset.

752 3590 1158 3670 Quanquam,
1192 3609 1334 3671 quae
1365 3588 1444 3651 de
1478 3588 1592 3650 illo
1637 3608 1800 3669 spes,
1844 3588 1898 3650 si
1930 3594 2111 3651 extra
2140 3588 2495 3669 quoestionis
2529 3592 2781 3649 metum
2811 3607 2951 3649 om-

747 3690 897 3756 nem
928 3692 1175 3775 positus
1205 3691 1458 3770 fuisset,
1488 3691 1832 3774 (fassurum
1860 3690 2057 3754 fuisse
2080 3712 2238 3770 rem,
2271 3698 2383 3754 aut
2408 3689 2752 3774 quicquam
2784 3688 2954 3752 bona

747 3795 874 3859 fide
920 3794 1285 3876 facturum,)
1328 3815 1519 3878 quem
1550 3800 1805 3857 constat
1835 3815 2049 3858 orasse
2090 3801 2156 3858 et
2201 3793 2498 3877 privatim
2545 3792 2719 3876 apud
2763 3814 2853 3871 se,
2888 3800 2953 3855 et

746 3920 895 3963 vero
948 3898 1205 3982 publice
1264 3919 1378 3981 pro
1431 3896 1757 3976 concione,
1807 3898 2004 3960 etiam
2064 3897 2284 3961 Missis
2344 3898 2510 3961 circa
2566 3896 2636 3959 id
2695 3903 2954 3979 tempus

748 4003 938 4066 solito
969 4000 1261 4065 devotius
1303 4021 1377 4064 ae
1409 4000 1781 4083 diligentius
1825 3999 2214 4078 incubuisse,
2248 4020 2370 4063 nec
2400 3999 2598 4062 alium
2628 3999 2701 4060 in
2732 3999 2953 4074 finem,

747 4127 939 4188 quam
969 4111 1046 4168 ut
1076 4104 1227 4167 felix
1256 4104 1502 4187 pulveri
1536 4103 1925 4181 incendium,
1957 4103 2023 4166 id
2054 4109 2173 4182 est,
2199 4103 2443 4167 exitum
2469 4101 2693 4165 sceleri
2722 4122 2954 4165 seeun-

747 4209 904 4272 dum
932 4207 1307 4290 impetraret
1327 4206 1357 4268 ⁴?

812 4358 956 4408 Licet
978 4395 989 4406 .
1014 4394 1027 4406 .
1051 4394 1064 4407 .
1090 4357 1427 4421 proditionem
1467 4356 1523 4406 in
1559 4357 1912 4407 sacramentali
1948 4357 2268 4422 confessione
2305 4358 2561 4421 cognitam
2600 4355 2770 4406 verbis
2812 4371 2954 4419 gene-

876 4439 1066 4488 ralibus
1088 4439 1374 4489 Christiano
1396 4444 1448 4488 et
1472 4438 1557 4502 pio
1586 4439 1812 4502 Principi
1844 4440 2054 4502 aperire,
2092 4443 2149 4488 ut
2182 4440 2459 4489 remedium
2496 4437 2791 4488 imminenti
2821 4438 2954 4487 malo

878 4523 1034 4578 paret,
1060 4521 1178 4581 quia
1211 4536 1301 4581 pro
1324 4525 1579 4583 comperto
1603 4521 1829 4580 habetur,
1855 4535 1971 4569 eum
2008 4520 2295 4585 Principem
2330 4520 2461 4571 nihil
2486 4520 2618 4571 ultra
2647 4520 2723 4569 fas
2745 4521 2959 4570 interro«
