3165 4959
702 331 832 393 164
1324 346 1411 392 An
1455 343 1840 392 caammus
1884 342 2284 394 BELLARmNI

698 498 799 561 vel
847 498 1075 561 leviter
1118 498 1328 577 tincti,
1397 503 1759 580 agnoscunt
1818 498 2036 560 statim
2089 516 2312 560 vocem
2362 494 2531 556 hanc
2577 493 2917 556 Donatum

698 621 944 677 sonare,
977 601 1105 683 qui,
1137 601 1319 682 quasi
1349 600 1600 664 deserto
1632 601 1772 684 jam
1804 599 1959 663 orbe
1999 599 2264 681 reliquo,
2298 599 2366 659 in
2396 597 2656 659 meridie
2686 596 2918 658 cubare

705 703 1017 765 Christum
1047 708 1107 764 et
1138 722 1402 783 pascere
1418 701 1455 780 ¹,
1503 723 1626 766 nec
1667 703 1820 766 alibi
1860 722 2154 784 usquam,
2186 701 2313 763 nisi
2356 700 2426 762 in
2455 699 2698 762 Donati
2726 704 2917 781 parte

697 805 1176 869 inveniendum.
1267 805 1541 888 AEquior
1585 811 1804 869 autem
1841 804 2086 868 Donati
2117 825 2257 882 vooe,
2301 803 2413 885 qui
2451 808 2705 883 partem
2744 801 2918 864 orbis

695 908 1003 988 inteyram
1033 907 1292 971 Christo
1341 908 1653 991 reliquam
1706 907 1892 983 fecit3
1939 928 2073 969 non
2122 906 2194 968 in
2239 927 2427 968 unam
2475 905 2687 967 urbem
2728 904 2917 966 semi-

695 1015 906 1072 rutam
951 1010 1286 1074 contrusit.
1377 1010 1674 1091 Iniquior
1723 1009 2103 1086 Cardinalis,
2150 1017 2393 1090 quanto
2441 1008 2651 1070 Roma
2700 1006 2919 1069 minor

697 1111 919 1176 Africa
965 1119 1084 1175 est.
1192 1114 1284 1176 At
1329 1111 1511 1190 inud,
1564 1132 1687 1175 nec
1732 1112 1949 1174 idiotis
2003 1110 2238 1193 (credo)
2294 1111 2423 1172 suis
2468 1130 2914 1192 persuasurus,

697 1214 839 1277 fieri
867 1237 1072 1298 posse,
1104 1221 1200 1292 ut,
1216 1215 1466 1296 judicio
1504 1215 1690 1277 Orbis
1722 1220 1922 1291 terrae,
1955 1212 2356 1297 abjudicetur
2394 1212 2547 1274 Orbi
2576 1220 2765 1275 terrae
2795 1233 2916 1276 no-

698 1337 852 1379 men
888 1311 1212 1394 Catholici,
1245 1317 1650 1400 adjudicetur
1676 1316 1846 1380 Urbi.
1916 1317 2078 1393 Nec,
2109 1336 2225 1399 per
2251 1315 2567 1378 immensa
2594 1322 2916 1378 terrarum

702 1418 927 1501 spatia,
970 1420 1118 1501 (qua
1155 1440 1270 1502 per
1298 1419 1541 1497 Asiam,
1575 1440 1700 1501 qua
1737 1439 1851 1501 per
1881 1417 2188 1495 Africam,
2221 1437 2347 1500 qua
2381 1437 2496 1500 per
2528 1416 2735 1499 ipsam
2775 1417 2913 1480 Eu-

700 1542 943 1605 ropam,
978 1522 1223 1585 Gentes
1254 1520 1524 1585 existere
1559 1529 1796 1598 tantaS,
1833 1526 1969 1584 tam
2014 1520 2272 1598 multas,
2309 1527 2406 1598 ut,
2454 1520 2565 1602 qui
2611 1519 2917 1583 Pontifici

702 1623 1052 1701 adhaerent,
1113 1643 1243 1706 prae
1304 1623 1414 1700 eis,
1474 1622 1844 1706 manipulus
1903 1622 2095 1686 modo
2149 1622 2279 1685 sint
2298 1622 2351 1703 ς)
2420 1621 2592 1705 apud
2643 1642 2801 1704 quas
2850 1622 2909 1684 si

702 1746 968 1807 quaeras,
1018 1725 1123 1787 ubi
1171 1726 1260 1787 ad
1305 1725 1690 1787 Catholicam
1737 1726 2154 1803 conveniatur,
2191 1726 2536 1787 Romanam
2580 1730 2919 1787 ostensum·

701 1829 830 1889 sint
848 1838 911 1904 ¹¹²,
943 1847 1092 1889 cum
1137 1847 1259 1889 nec
1289 1828 1585 1891 Romana
1626 1827 1718 1890 ibi
1765 1827 1870 1906 sit,
1905 1849 2097 1910 quam
2135 1828 2494 1890 ostendant:
2541 1834 2607 1890 ct
2638 1826 2688 1889 si
2720 1834 2915 1906 esset,

700 1950 834 1991 non
864 1936 1086 1991 tamen
1114 1950 1230 2012 pro
1266 1929 1608 2008 Catholica,
1651 1929 1761 1992 sed
1801 1951 1919 2013 pro
1961 1950 2137 1992 ramo
2168 1929 2461 2010 diffiacto
2501 1929 2914 1993 ostenderent.

699 2030 845 2093 Nec
863 2028 915 2093 si
936 2052 1063 2113 qua
1089 2036 1271 2113 parte
1301 2031 1558 2094 haeretis
1590 2032 1819 2108 adhuc,
1850 2039 1916 2095 et
1946 2031 2173 2115 aliquis
2193 2031 2283 2094 ibi
2314 2031 2392 2095 de
2412 2031 2604 2113 vulgo
2632 2040 2918 2095 vestram

701 2133 1066 2211 ostenderet,
1105 2133 1560 2216 (interrogatus
1593 2134 1672 2198 de
1703 2135 2071 2214 Catholica,)
2109 2133 2174 2197 id
2197 2134 2378 2197 valde
2409 2134 2490 2197 ad
2520 2156 2659 2198 rem
2688 2134 2915 2200 faciat:

700 2255 821 2297 nec
850 2234 916 2297 id
945 2256 1401 2319 usquequaque
1432 2235 1804 2300 habendum
1845 2258 1962 2320 pro
2000 2236 2199 2315 falso;
2246 2237 2372 2300 fuit
2401 2237 2594 2317 enim,
2627 2237 2919 2321 adeoque

700 2346 767 2400 et
808 2338 945 2421 jam
975 2346 1094 2415 est,
1142 2339 1256 2401 sed
1287 2360 1427 2422 quae
1457 2339 1687 2402 vitium
1726 2339 1979 2423 jamdiu
2018 2338 2234 2417 traxit,
2279 2361 2534 2423 nempe,
2582 2348 2656 2403 ut
2700 2342 2914 2424 parie-

699 2439 857 2504 tinae
907 2462 1145 2505 nomen
1202 2439 1439 2519 ferunt,
1490 2441 1662 2525 quod
1718 2442 1808 2506 ibi
1856 2442 2009 2506 olim
2057 2442 2289 2522 fuerat,
2344 2442 2613 2507 aedificii.
2723 2442 2918 2508 Idem

701 2550 938 2623 autem,
981 2546 1401 2627 interrogatus
1435 2544 1515 2608 de
1544 2543 1932 2626 Reformata,
1966 2545 2240 2628 digitum
2280 2545 2359 2609 ad
2390 2552 2666 2609 nostram
2695 2546 2917 2610 inten-

703 2646 902 2724 deret,
924 2668 999 2711 eo
1021 2646 1159 2731 ipso
1177 2647 1378 2710 fassus
1403 2647 1694 2730 (scilicet)
1726 2648 2109 2710 Catholicam
2125 2654 2394 2711 vestram
2416 2648 2635 2711 ruinas
2655 2648 2915 2714 ducere.

704 2750 984 2834 Utrique
1023 2750 1192 2813 hanc
1231 2750 1513 2814 nominis
1561 2750 1834 2833 gratiam
1871 2750 2157 2813 facerent
2173 2776 2194 2828 5
2243 2751 2355 2814 sed
2384 2751 2591 2814 malus
2622 2752 2917 2815 veritatis

703 2853 1008 2935 magister
1036 2854 1287 2936 vulgus.

781 2970 960 3033 Itaque
994 2970 1046 3020 S.
1069 2971 1371 3021 Ambrosius
1407 3008 1420 3021 .
1455 3008 1468 3021 .
1504 3008 1516 3020 .
1553 2976 1567 2999 ‘
1592 2971 1839 3030 Quaesivit
1876 3006 1890 3020 .
1929 3008 1940 3020 .
1975 3008 1987 3021 .
2022 2986 2089 3021 an
2128 2985 2242 3021 cum
2283 2969 2511 3021 Romana
2546 2971 2769 3021 Ecclesia
2802 2987 2918 3023 con·

836 3051 1334 3115 sentiret⁰.’—[Bell.
1361 3051 1509 3115 Apol.
1534 3067 1626 3115 pro
1649 3051 1822 3116 Resp.]
1852 3067 1903 3116 p.
1931 3054 2008 3103 50.
2048 3052 2186 3116 [Op.‚
2208 3056 2330 3101 tom.
2353 3052 2440 3101 vii.
2475 3052 2568 3102 col.
2594 3054 2704 3104 732.
2730 3052 2808 3118 Q]

376 3156 614 3222 [Romani
798 3140 988 3206 Quod
1041 3141 1225 3206 affert
1274 3142 1352 3206 de
1380 3143 1744 3221 Ambrosio,
1793 3164 1876 3207 ne
1919 3143 1987 3206 id
2032 3142 2291 3226 quidem
2335 3142 2417 3205 ad
2459 3164 2616 3205 rem.
2710 3144 2918 3207 Recte

373 3221 686 3349 ξζξζξξῗω
711 3244 1008 3324 quoesivit,
1055 3265 1138 3306 an
1189 3265 1326 3306 cum
1368 3246 1652 3308 Romana
1696 3247 2113 3309 consentiret?
2203 3244 2458 3309 Sciebat
2504 3245 2676 3308 enirn
2720 3246 2915 3326 Epis-

370 3365 507 3399 ηοω
527 3348 684 3415 fidei]
711 3366 924 3426 copum
953 3353 1095 3409 tum
1138 3347 1359 3411 Romae
1395 3348 1824 3410 Catholicum:
1870 3349 1964 3411 At
1997 3347 2190 3431 paulo
2233 3354 2404 3425 ante,
2437 3368 2584 3410 cum
2617 3348 2920 3413 Liberius

707 3448 850 3513 ibi
825 3471 893 3512 tn
909 3451 1224 3513 haeresem-9
1251 3451 1759 3532 subscriptionem
1790 3456 2243 3528 consenserat,
2198 3461 2224 3491 ⁰
2280 3470 2400 3513 nec
2426 3449 2537 3512 diu
2565 3455 2732 3533 post,
2765 3467 2918 3514 cum

768 3582 782 3615 ¹
819 3584 878 3648 [“
900 3584 1157 3649 Scriptum
1190 3590 1283 3646 est,
1315 3585 1557 3649 inquiunt
1580 3585 1763 3647 (Dona-
1849 3585 1989 3635 citat.
2012 3584 2181 3634 adfin.
2206 3584 2402 3634 Tortur.
2427 3583 2586 3648 Tort]

703 3650 860 3713 tistoe)
876 3650 932 3698 in
957 3650 1180 3700 canticis
1201 3650 1541 3707 Canticorum.
1563 3665 1762 3713 sponsa,
1915 3650 2026 3714 ¹¹[“
2043 3649 2141 3699 Sed
2165 3664 2268 3699 non
2303 3650 2377 3698 ita
2407 3649 2585 3698 avidus
2617 3649 2736 3709 fuit,
2757 3653 2817 3698 nt
2838 3665 2912 3700 es·

701 3713 757 3762 id
796 3719 872 3763 est
904 3714 1139 3771 Ecclesia,
1177 3715 1376 3764 dicente
1411 3715 1475 3763 ad
1507 3730 1763 3778 sponsum,
1850 3718 1927 3763 set
1963 3716 2225 3774 incautus;
2260 3715 2446 3763 seimus
2476 3714 2614 3763 enim
2649 3714 2918 3777 plerosque

699 3778 981 3828 Annuntia
1001 3779 1145 3839 mihi,
1348 3779 1530 3828 ditexit
1560 3780 1758 3839 anima,
1850 3778 2095 3827 aviditate
2149 3776 2304 3827 studii
2359 3779 2750 3840 praetermittere
2803 3794 2917 3827 cau-

701 3842 987 3905 *thipasa-ia
1004 3843 1093 3893 ubi
1286 3844 1344 3892 in
1366 3843 1600 3893 meridie.
1652 3845 1763 3893 Hoc
1848 3843 2058 3892 tionem.
2125 3842 2411 3891 Advocavit
2432 3842 2494 3892 ad
2522 3857 2574 3891 se
2596 3843 2915 3905 episcopum,

701 3911 780 3956 est
810 3909 1014 3957 unicum
1046 3910 1395 3957 testimonium
1419 3907 1553 3971 quod
1625 3924 1680 3957 ro
1710 3924 1763 3958 se
1848 3922 1943 3956 nec
1990 3907 2147 3956 ullam
2191 3921 2362 3957 veram
2401 3906 2603 3969 putavit
2639 3908 2741 3957 nisi
2779 3922 2916 3957 verm

700 3971 789 4019 isti
813 3986 1040 4021 resonare
1061 3972 1387 4030 arbitrantur,
1404 3987 1462 4021 eo
1485 3988 1550 4035 qu
1634 3972 1765 4022 Afri·
1849 3971 1968 4022 fidei
2007 3973 2242 4033 gratiam,
2285 3976 2707 4034 percontatusque
2752 3986 2816 4020 ex
2856 3987 2919 4021 eo

701 4050 760 4083 ca
781 4035 836 4083 in
859 4035 1139 4086 meridiana
1160 4037 1297 4086 orbis
1330 4042 1471 4099 parte
1493 4038 1562 4085 sit
1582 4038 1764 4086 consti-
1849 4041 1944 4095 est,
1966 4041 2258 4085 utrumnam
2293 4050 2408 4085 cum
2447 4037 2698 4099 episcopis
2735 4036 2918 4086 Catho-

700 4103 826 4148 tuta.
831 4099 974 4149 ’.'—S
1010 4102 1142 4164 Aug.
1183 4105 1341 4151 contr.
1381 4101 1564 4150 Donat.
1601 4101 1762 4163 Epist.
1851 4099 1975 4157 licis,
2017 4100 2111 4149 boc
2155 4105 2232 4150 est
2268 4115 2384 4148 cum
2420 4100 2647 4149 Romana
2685 4099 2914 4151 Ecclesia

702 4164 870 4223 (aliter
902 4164 978 4214 De
1004 4164 1213 4215 Unitate
1248 4166 1409 4227 liber.)
1452 4169 1492 4227 5.
1524 4167 1603 4214 40.
1652 4165 1763 4229 Op„
1850 4164 2331 4213 conveniret.”—-S.
2363 4164 2540 4213 Ambr.
2588 4164 2650 4213 de
2693 4164 2919 4215 Excessu

700 4233 822 4277 tom.
857 4230 927 4278 ix.
967 4230 1058 4279 col.
1090 4231 1201 4281 577.
1242 4231 1306 4278 Α.
1343 4229 1524 4279 Confer
1566 4245 1762 4294 quoque
1851 4227 2011 4278 Fratr.
2055 4228 2236 4292 Satyri.
2278 4232 2398 4278 sect.
2429 4228 2504 4279 47.
2552 4228 2665 4294 Op,
2708 4235 2830 4279 tom.
2858 4231 2914 4278 ii.

701 4292 858 4342 Serm.
884 4293 1005 4342 xlvi.
1045 4297 1087 4355 5.
1114 4296 1192 4345 37.
1223 4297 1347 4343 tom.
1370 4309 1419 4342 v.
1458 4294 1555 4343 col.
1577 4297 1686 4343 351.
1705 4295 1760 4344 C.
1847 4294 1959 4342 coll.
1986 4296 2127 4342 1126.
2151 4293 2208 4342 Ε.
2237 4295 2380 4344 1127.
2406 4294 2470 4342 Α.

701 4363 752 4404 et
775 4357 932 4406 Scrm.
957 4359 1179 4408 cxxxvii.
1216 4362 1310 4421 5.9
1313 4393 1325 4406 .
1281 4357 1483 4408 9ibid.
1508 4359 1621 4408 coll.
1648 4360 1759 4409 974.
1913 4358 2038 4422 “[V
2046 4357 2125 4407 ide
2149 4358 2199 4406 S.
2219 4357 2460 4406 Athanaa.
2488 4356 2622 4405 Hist.
2648 4358 2825 4407 Arian.
2851 4358 2918 4407 ad

702 4419 764 4468 1).
792 4424 849 4471 97
857 4425 899 4471 6.
927 4421 1017 4484 Α.]
1845 4420 2133 4471 Monachos.
2179 4428 2298 4472 sect.
2341 4425 2416 4471 42.
2472 4422 2587 4486 Op,
2625 4426 2748 4471 tom.
2786 4424 2819 4473 i.
2861 4438 2915 4486 p.

764 4492 797 4513 ¹¹¹
834 4486 1043 4546 [Confer
1102 4485 1149 4534 S.
1197 4484 1310 4547 Cyr.
1361 4484 1504 4535 Hier.
1553 4486 1755 4537 Catech.
1847 4489 1958 4536 368.
1985 4487 2043 4535 D.
2063 4485 2143 4550 122]

701 4547 846 4595 xviii.
881 4553 998 4596 sect.
1032 4550 1109 4597 26.
1150 4563 1233 4611 pp.
1260 4550 1370 4600 297.
1398 4550 1456 4598 D.
1476 4550 1531 4600 Ε.
1558 4553 1667 4600 298.
1696 4552 1758 4600 Α.
