3165 4959
779 289 906 353 482
1406 305 1489 350 AD
1537 301 1916 349 CARDINALIS
1961 300 2357 348 smmum

778 461 1069 522 Potestas
1127 459 1524 540 Temporalz‘s,
1587 460 1682 539 (ut
1732 456 2053 540 superiore
2113 479 2285 520 anno
2329 455 2500 539 fuit‚)
2554 464 2630 518 ut
2675 456 2801 520 hoc
2845 459 2972 541 jam

778 584 984 646 nuper
1013 568 1263 625 recocta
1289 561 1546 645 prodiit,
1578 562 1647 621 in
1681 560 2089 641 Temporalia.

845 699 1181 748 Bellarminus
1207 697 1426 747 Hartum
1451 711 1712 759 nunquam
1736 695 1884 753 vidit,
1911 695 2244 759 Campianum
2277 695 2431 743 semel
2467 694 2720 745 duntaxat
2744 734 2755 745 .
2782 733 2794 745 .
2820 733 2832 745 .
2858 696 2974 745 salu-

906 781 1048 839 tavit,
1086 795 1143 829 ac
1181 794 1271 843 per
1308 779 1403 828 hoc
1438 783 1678 828 neutrum
1715 776 2023 841 discipulum
2060 775 2474 840 habuit—[Bell.
2498 776 2646 840 Apol.
2683 792 2779 840 pro
2815 776 2974 840 neap]

902 876 950 925 p.
976 862 1086 911 205.
1122 860 1256 925 [Op.‚
1291 865 1413 909 tom.
1437 860 1524 908 vii.
1551 859 1644 908 col.
1670 860 1779 908 819.
1805 857 1881 922 0.]

859 961 1021 1037 Nec,
1055 959 1105 1022 si
1133 959 1540 1023 Cardinalem
1575 964 2036 1041 praeceptorem
2068 956 2230 1019 dixit
2257 956 2594 1039 utriusque
2617 957 2974 1040 Campiani,

775 1070 841 1126 et
875 1063 1091 1140 Harti,
1123 1062 1193 1125 id
1222 1063 1532 1147 sequitur,
1562 1069 1639 1125 ut
1685 1082 1794 1125 eos
1834 1060 1977 1124 viva
2014 1080 2168 1124 voce
2215 1059 2544 1124 docuerit:
2584 1062 2776 1143 jecur
2805 1063 2976 1124 enim

775 1168 915 1250 ejus
959 1166 1285 1231 habebant
1332 1166 1402 1229 in
1431 1166 1713 1228 Dictatis
1742 1165 1899 1247 eju8‚
1937 1184 2079 1247 quae
2124 1163 2231 1226 diu
2280 1170 2432 1227 ante
2478 1164 2839 1228 multorum
2869 1187 2978 1247 per

774 1292 1004 1333 manus
1055 1270 1428 1347 volitabant,
1480 1290 1675 1351 quam
1728 1287 1977 1331 excusae
2029 1273 2243 1331 essent
2302 1268 2357 1350 ej
2366 1288 2440 1330 us
2489 1268 2976 1332 Controversiae.

779 1374 1005 1456 Siquid
1035 1373 1403 1449 dicendum,
1436 1372 1649 1454 siquid
1680 1370 2145 1448 disserendum,
2180 1392 2558 1453 quacunque
2588 1370 2671 1434 de
2700 1392 2773 1434 re
2806 1394 2979 1454 quae-

773 1484 1041 1554 reretur,
1071 1476 1439 1540 referebant
1471 1496 1539 1539 se
1570 1474 1652 1538 ad
1683 1476 1943 1537 Patrem
1972 1473 2328 1552 Robertum,
2361 1481 2553 1556 atque
2596 1495 2676 1537 ex
2720 1495 2799 1537 eo
2846 1475 2982 1538 solo

775 1580 1125 1665 sapiebant,
1160 1580 1242 1643 ad
1272 1580 1514 1643 dictata
1546 1579 1769 1641 Patris
1798 1578 2075 1654 luberti,
2109 1583 2302 1660 atque
2347 1576 2499 1640 inde
2542 1583 2859 1660 tanquam
2907 1599 2983 1641 ex

776 1685 1021 1765 tripode
1048 1682 1543 1767 respondebant.
1632 1684 1832 1746 Recte
1873 1681 2072 1764 igitur
2114 1681 2273 1758 Rex,
2312 1680 2664 1744 Celebrasse
2710 1701 2835 1759 coe,
2856 1703 2982 1763 pro

774 1808 894 1850 uno
930 1808 1010 1851 ea·
1040 1788 1380 1868 praecipuis
1408 1785 1788 1849 Auctoribus
1820 1787 1972 1861 suis,
2005 1784 2472 1846 Bellarminum.
2568 1784 2983 1848 Mendaciter

776 1890 1151 1968 cardinalis,
1203 1890 1529 1973 scripsisse
1578 1890 1844 1972 Regem,
1893 1889 2346 1950 Bellarmiuum
2398 1888 2707 1950 conscium
2749 1886 2979 1968 fidisse,

769 1996 870 2057 vel
939 1995 1276 2055 Auctorem
1335 1994 1789 2074 proditionum,
1851 1997 2070 2055 contra
2129 1991 2450 2071 Reyinam.
2542 1990 2743 2053 Aliud
2804 1992 2979 2054 enim

771 2095 998 2178 longe;
1033 2094 1439 2174 Celebrabat,
1466 2095 1596 2159 sive
1621 2094 2035 2177 Campianus‚
2058 2093 2188 2159 sive
2214 2094 2481 2170 Hal-tus,
2505 2094 2978 2158 Bellarminum

767 2220 885 2281 pro
929 2220 1050 2262 uno
1095 2219 1176 2261 eoe
1209 2200 1551 2280 praecipuis
1579 2200 1713 2261 suis
1740 2198 2159 2262 Auctoribus:
2228 2196 2428 2261 Aliud
2457 2204 2695 2276 autem,
2727 2198 2979 2260 Bellor-

770 2305 975 2367 minue
1006 2303 1287 2366 conscius
1314 2304 1413 2366 vet
1438 2304 1684 2365 Auctor
1713 2301 1854 2383 fuit
1887 2302 2273 2383 proditionis
2301 2303 2370 2364 in
2397 2301 2723 2383 Reyinam.

855 2406 1080 2490 Atqui,
1131 2413 1322 2469 antea
1377 2405 1637 2488 quidem
1689 2404 1902 2469 nescio
1956 2404 2111 2488 quid
2160 2404 2484 2484 balbutiit,
2535 2403 2615 2467 de
2661 2405 2978 2469 indirecta

769 2511 1102 2574 Pontificis
1121 2516 1436 2592 potestate
1466 2512 1793 2591 temporali
1823 2511 1890 2572 in
1920 2510 2120 2592 Reyes
2140 2537 2159 2570 .·
2199 2510 2339 2592 jam
2367 2530 2517 2573 vero
2547 2510 2782 2572 directe
2814 2510 2977 2575 dicit

769 2613 1002 2697 deponi
1031 2635 1137 2678 eos
1166 2614 1533 2695 Apostolica
1550 2620 1885 2695 potestate.
1924 2687 1933 2693 ,
1964 2614 2062 2676 Ea
2090 2634 2240 2676 vero
2271 2614 2511 2676 directa
2542 2621 2661 2677 est.
2732 2615 2979 2679 Videat

767 2739 937 2794 ver0,
970 2739 1054 2780 an
1083 2717 1221 2780 haec
1265 2717 1402 2799 jam
1433 2717 1760 2800 ad-Reges
1791 2716 1957 2780 nihil
1985 2715 2373 2799 pertineant,
2405 2737 2553 2780 cum
2581 2724 2728 2800 post
2757 2717 2977 2782 dirum

767 2820 929 2884 illud
960 2841 1218 2883 carmen
1249 2819 1600 2898 Pontificis,
1633 2826 1781 2901 quot
1827 2819 2012 2882 habet
2058 2821 2126 2882 in
2169 2821 2384 2902 Reyno
2428 2841 2539 2884 suo
2584 2822 2725 2883 Rex
2770 2824 2977 2903 quivis

766 2926 1039 2987 homines
1066 2931 1321 3001 vestros,
1355 2930 1447 2987 tot
1475 2924 1802 2986 habiturus
1829 2924 1913 2986 sit
1945 2925 2012 2986 in
2040 2925 2344 2986 Coronam
2372 2945 2550 2987 suam
2585 2926 2973 3006 proditores.

768 3025 892 3090 Illa
934 3027 1090 3089 olim
1133 3027 1416 3090 subditos
1459 3026 1638 3094 dedit
1667 3029 2004 3091 indirecto-s
2024 3053 2050 3102 ,·
2095 3028 2233 3092 haec
2272 3029 2409 3111 jam
2441 3029 2671 3092 datura
2699 3030 2978 3094 directos

757 3129 1121 3209 perduelles.

827 3296 1211 3360 Disputationes
1244 3300 1397 3349 tertio
1420 3299 1610 3350 habitas
1648 3336 1659 3348 .
1697 3335 1709 3348 .
1746 3316 1862 3350 cum
1887 3301 2164 3366 Campiano
2203 3340 2215 3351 .
2254 3339 2266 3351 .
2308 3340 2320 3350 .
2358 3303 2480 3353 satis
2502 3303 2779 3353 ostendunt
2801 3320 2973 3356 veram

892 3394 1094 3429 eausam
1116 3380 1369 3443 supplicii.
1394 3418 1405 3429 .
1433 3417 1444 3429 .
1472 3417 1483 3429 .
1512 3379 1632 3431 Non
1665 3386 1837 3431 tamen
1871 3382 2050 3445 ignoro
2083 3420 2097 3433 .
2125 3421 2136 3432 .
2174 3420 2186 3432 .
2214 3383 2427 3434 conficta
2448 3384 2601 3434 fuisse
2622 3386 2841 3435 crimina
2860 3403 2977 3437 eon·

890 3461 1244 3524 spirationum,
1268 3478 1381 3526 quse
1415 3478 1576 3525 neque
1612 3464 1719 3525 ipse
1755 3463 1913 3513 fassus
1936 3501 1949 3513 .
1974 3502 1986 3514 .
2011 3502 2026 3525 ,
2050 3480 2213 3528 neque
2243 3465 2306 3515 de
2341 3466 2406 3515 iis
2428 3503 2441 3516 .
2466 3502 2480 3514 .
2506 3467 2767 3516 convictus
2790 3468 2977 3518 fuit.—

891 3543 1039 3608 [Bell.
1067 3544 1217 3608 Apol.
1240 3560 1331 3608 pro
1354 3544 1531 3609 Resp.]
1556 3560 1607 3608 p.
1632 3548 1743 3596 205.
1778 3546 1912 3611 [Op.‚
1938 3551 2062 3597 tom.
2086 3547 2175 3597 vii.
2205 3548 2299 3597 col.
2324 3550 2435 3597 819.
2459 3546 2543 3612 D.]

471 3653 692 3730 (14.)·De
847 3643 953 3706 Ad
985 3643 1686 3727 Decimumquartum0.
1735 3646 1922 3723 Cum,
1951 3667 2172 3729 sparso
2192 3646 2265 3708 in
2288 3646 2518 3729 vulgus
2544 3647 2784 3729 scripto
2815 3670 2973 3732 quo-

432 3733 736 3843 pffiffiffli’s
763 3746 912 3809 dam
943 3748 1353 3831 Campianus,
1385 3770 1501 3832 per
1529 3754 1736 3812 totam
1765 3748 1861 3811 illi
1889 3749 2090 3813 vitam
2120 3748 2445 3813 elaborato
2455 3747 2491 3827 ¹,
2523 3749 2878 3815 insolenter
2907 3775 2972 3815 se

433 3847 699 3914 convicta]
760 3850 1032 3929 efferret,
1059 3851 1243 3933 quasi
1273 3851 1328 3914 si
1357 3873 1549 3915 nemo
1580 3850 2105 3932 adversariorum,
2129 3875 2323 3918 nemo
2352 3852 2722 3917 mortalium
2753 3876 2969 3920 coram

757 3974 833 4017 eo
862 3962 1074 4036 posset
1104 3954 1483 4032 consistere3
1528 3954 1740 4018 visum
1768 3964 1886 4036 est,
1913 3964 2064 4020 ante
2086 3957 2322 4035 omnia,
2344 3978 2458 4041 per
2481 3957 2969 4041 Disputationes

755 4057 917 4135 illas,
951 4057 1231 4122 hominis
1262 4058 1718 4141 procacitatem
1747 4060 2142 4124 retunderess.
2193 4061 2343 4138 Qui,
2377 4069 2656 4143 quantus
2688 4072 2968 4144 quantus

822 4197 842 4219 ²
878 4191 1034 4256 [Vide
1056 4191 1293 4256 Respons.
1321 4193 1481 4254 'Pol-ti,
1504 4208 1552 4257 p.
1569 4195 1647 4243 64.
1677 4192 1814 4244 Edit.
1902 4196 2137 4246 versariis
2169 4196 2361 4246 obtulit
2395 4197 2453 4246 in
2477 4195 2640 4246 Causa
2663 4195 2826 4258 Fidei,
2868 4199 2953 4248 ὣς.

755 4256 936 4311 polin:
993 4261 1046 4306 et
1089 4257 1218 4308 Bell.
1277 4258 1388 4322 Op.‚
1433 4264 1557 4309 tom.
1582 4259 1670 4308 vii.
1717 4260 1814 4309 col.
1900 4260 2037 4324 apud
2062 4261 2291 4312 Concert.
2318 4262 2450 4311 noel.
2466 4261 2663 4311 Cathol.
2680 4263 2735 4311 in
2759 4264 2965 4327 Anglia.

756 4324 866 4370 668.
893 4321 985 4384 A.]
1902 4340 1985 4389 pp.
2010 4326 2174 4378 27—'7
2178 4329 2222 4376 8.
2247 4329 2463 4389 August.
2488 4326 2677 4376 Trevir.
2704 4329 2882 4392 1583.]

821 4384 838 4414 ¹
881 4385 1036 4447 [Vide
1058 4387 1306 4446 libellum,
1330 4389 1410 4437 cui
1437 4389 1520 4438 tit.
1545 4392 1560 4415 ‘
1575 4389 1814 4439 Rationes
1965 4399 1990 4432 Β
2027 4391 2275 4455 [Exstant
2295 4392 2662 4456 disputationes
2686 4393 2741 4441 in
2765 4394 2857 4442 lib.
2884 4395 2960 4442 cui

754 4445 959 4504 Decem,
982 4450 1166 4511 quibus
1204 4452 1363 4500 fretus
1399 4453 1667 4503 Certamen
1712 4453 1814 4503 Ad·
1901 4455 1982 4504 tit.
2010 4460 2022 4482 ‘
2040 4457 2087 4506 A
2111 4460 2225 4506 true
2242 4461 2414 4521 report
2434 4457 2491 4507 of
2506 4455 2592 4506 the
2616 4456 2962 4523 Disputation,
