3165 4959
1014 343 1376 393 Aromouu
1420 346 1764 394 mronsm
2368 340 2494 404 375

298 502 397 582 (ut
435 501 571 584 ipse
614 501 728 583 ait)
768 522 934 581 usus,
965 523 1158 585 usque
1201 504 1290 565 ad
1332 509 1469 566 octo
1507 505 1711 566 millia
1755 504 1842 566 ibi
1887 506 2025 568 loca
2065 508 2411 571 emendavit
2430 520 2493 573 ¹¹¹.

290 603 397 668 Ad
426 611 574 668 octo
602 604 856 669 millia?
946 605 1257 668 Pauciora
1295 605 1529 688 (eredo)
1579 605 1856 670 Lutheri
1882 613 2096 670 errata
2125 615 2298 672 sunt.
2386 611 2494 674 En

289 706 569 771 hominis
616 715 841 772 tamen
890 708 962 771 in
1010 728 1224 772 sacros
1265 707 1462 771 libros
1492 708 1956 772 reverentiam:
2012 710 2165 773 Octo
2218 712 2493 775 millibus

286 810 444 873 locis
474 811 859 890 emendavit,
901 832 1023 876 nec
1051 810 1382 875 damnavit
1430 811 1512 874 ad
1541 811 1857 875 flammas.
1954 813 2242 877 Pessimo
2269 814 2490 898 itaque

287 914 582 997 exemplo
616 914 685 978 id
727 915 972 979 factum
1002 936 1040 978 a
1070 913 1284 978 vobis:
1331 913 1476 977 Nec
1506 935 1618 978 vos
1646 914 1715 978 id
1744 936 1928 997 aequo
1956 915 2209 979 ferretis
2249 916 2488 996 anim0,

288 1018 342 1080 si
388 1017 704 1101 imagines
752 1026 1002 1095 vestrae,
1063 1016 1285 1082 statim
1343 1017 1457 1080 ubi
1507 1018 1800 1096 Sanctos,
1846 1039 2121 1101 quorum
2171 1020 2490 1103 imagines

287 1127 461 1200 sunt,
513 1121 595 1184 ad
623 1122 840 1185 vivum
883 1143 1020 1186 non
1068 1121 1372 1198 referant,
1404 1119 1504 1183 vel
1548 1120 1602 1183 si
1646 1120 1816 1183 male
1859 1127 2134 1186 tornatae
2177 1122 2489 1193 dolataeve

285 1226 441 1303 sint,
470 1224 539 1288 in
570 1247 796 1311 pyram
831 1224 1170 1289 ardentem
1200 1222 1649 1306 abjicerentur.
1742 1222 1975 1286 Multae
2021 1224 2339 1302 feruntur,
2372 1246 2489 1307 per

287 1328 692 1413 Hispaniam,
725 1327 1096 1412 B.Virginis
1124 1327 1342 1391 icones
1370 1325 1532 1390 facie
1560 1325 1747 1409 nigra
1775 1326 1941 1408 (quae
1970 1334 2194 1390 tamen
2222 1327 2487 1391 AEthio-

284 1432 456 1514 pissa
498 1453 634 1497 non
683 1431 828 1514 fuit)
838 1479 858 1510 ‚
912 1429 1088 1494 haud
1145 1429 1383 1512 (credo)
1435 1429 1701 1513 impune
1748 1428 1965 1506 ferret,
2027 1428 2138 1511 qui
2184 1429 2484 1494 Vulcano

282 1543 508 1600 tamen
557 1535 864 1599 traderet.
955 1533 1103 1597 Pari
1160 1530 1421 1617 (credo),
1473 1532 1609 1595 imo
1659 1531 1891 1616 majori
1946 1533 2216 1611 ratione,
2285 1533 2483 1597 etiam

282 1742 749 1818 bacchandum‚
800 1741 855 1804 si
899 1741 1058 1804 vitio
1099 1739 1486 1822 interpretis,
1525 1739 1598 1801 in
1640 1738 1790 1819 inis,
1826 1740 1978 1821 (non
2025 1740 2240 1804 minus
2290 1761 2485 1822 quam

282 1844 545 1909 artificis
573 1844 644 1908 in
672 1842 1109 1927 imaginibus‚)
1146 1842 1498 1905 admissum
1527 1841 1759 1919 fuerat,
1793 1841 1966 1924 quod
1993 1863 2128 1905 non
2155 1843 2479 1925 oportuit3

281 1972 405 2015 nec
450 1958 585 2014 tam
628 1948 854 2012 infami
896 1952 1088 2032 poena
1129 1945 1441 2010 luendum
1480 1945 1612 2009 illis
1656 1945 1881 2010 vitium
1926 1967 2060 2010 non
2111 1967 2319 2025 suum,
2369 1946 2483 2010 sed

278 2052 654 2137 interpretis
684 2051 805 2115 sui.
900 2050 1027 2115 Sed
1058 2048 1274 2126 etiam,
1307 2047 1628 2132 quomodo
1655 2048 1852 2112 verbo
1883 2049 2151 2127 Christi,
2173 2049 2484 2113 membris

280 2163 527 2229 Christi
556 2160 902 2247 parceretis
931 2181 1066 2238 vos,
1109 2159 1218 2242 qui
1248 2159 1507 2223 Christo
1546 2158 1670 2241 ipsi
1716 2166 1927 2223 vestro
1958 2180 2263 2241 panaceo,
2307 2167 2484 2243 post-

279 2286 477 2349 quam
507 2284 870 2328 mucescere
896 2263 1087 2345 paulo
1116 2262 1363 2345 incipit,
1393 2261 1496 2324 vel
1525 2268 1771 2325 scatere
1799 2262 2142 2341 vermibuS,
2173 2283 2306 2326 non
2335 2284 2482 2346 par-

278 2367 464 2431 citis:
513 2365 627 2429 sed
656 2363 906 2442 iisdem,
939 2363 1171 2447 quibus
1202 2362 1427 2424 librum
1457 2362 1617 2444 ejus,
1636 2361 1917 2443 flammis
1946 2362 2264 2446 expiatis?

343 2521 401 2570 Si
438 2534 498 2569 ea
532 2518 787 2569 sententia
807 2531 925 2567 vera
958 2517 1042 2576 sit,
1066 2516 1167 2566 tria
1200 2519 1474 2578 sequentur
1474 2549 1640 2565 .....
1666 2514 1913 2574 Primum,
1930 2550 1943 2562 .
1973 2551 1983 2562 .
2005 2515 2061 2563 in
2083 2513 2305 2564 Ecclesia
2326 2513 2486 2565 veteri

410 2600 593 2664 primis
613 2599 924 2663 quingentis,
946 2598 1026 2647 vel
1049 2597 1301 2646 sexcentis
1338 2597 1486 2646 annis
1519 2596 1688 2645 nullos
1719 2594 1873 2645 fuisse
1906 2595 2181 2658 Scripturas
2203 2631 2217 2644 .
2236 2632 2248 2643 .
2275 2630 2286 2642 .
2312 2595 2486 2645 libros.

408 2681 672 2745 Siquidem
694 2680 794 2730 duo
816 2679 895 2729 illi
922 2677 1188 2741 Prophetae
1212 2713 1225 2727 .
1250 2713 1262 2726 .
1290 2712 1303 2726 .
1323 2691 1428 2727 non
1453 2675 1796 2739 apparuerint,
1818 2675 1921 2724 nisi
1943 2679 2059 2738 post
2080 2679 2313 2724 exortum
2337 2674 2486 2725 Anti·

407 2761 671 2823 christum,
694 2797 708 2811 .
732 2796 745 2810 .
768 2795 782 2810 .
805 2758 1156 2810 Antichristus
1188 2761 1395 2808 exortus
1428 2772 1533 2806 non
1576 2760 1673 2817 est,
1703 2757 1805 2805 nisi
1829 2759 1944 2819 post
1965 2770 2157 2805 annum
2182 2791 2194 2804 .
2219 2791 2232 2804 .
2251 2791 2264 2804 .
2283 2770 2485 2804 sexcen-

404 2841 876 2906 tesimum—[Bell.
894 2840 1043 2905 Apol.
1067 2854 1159 2903 pro
1174 2837 1352 2902 Resp]
1371 2852 1455 2901 pp.
1473 2837 1586 2896 149,
1603 2839 1712 2887 150.
1741 2836 1882 2900 [Op.,
1903 2841 2027 2885 tom.
2042 2835 2130 2884 vii.
2152 2835 2246 2885 col.
2265 2836 2375 2887 788.
2388 2835 2480 2899 D.]

361 2957 717 3021 Videamus
752 2957 913 3040 jam,
960 2953 1117 3037 quid
1158 2960 1300 3017 tota
1348 2953 1477 3016 ista
1523 2951 1603 3015 de
1653 2973 1725 3016 re
1773 2950 2065 3015 videatur
2110 2949 2807 3032 Cardinali3[1‘ertotum

275 3068 346 3123 et
389 3057 798 3122 incommoda
845 3056 959 3119 illa
998 3056 1147 3132 tria,
1201 3074 1343 3137 quae
1387 3053 1644 3117 ruitura
1693 3053 1764 3116 in
1809 3053 2057 3134 Regem
2105 3051 2389 3129 nuntiat,
2423 3073 2479 3114 s1

2460 3051 2474 3064 ·
2506 3033 2652 3082 Anti·

2504 3096 2680 3146 christi
2705 3113 2810 3160 reg-

281 3165 676 3228 Testamenta
706 3162 828 3224 duo
864 3162 1072 3223 Testes
1099 3158 1170 3221 hi
1200 3158 1320 3221 duo
1365 3157 1519 3220 sint.
1585 3157 1893 3235 Primum,
1922 3156 2232 3219 see-centis
2246 3156 2481 3237 primis
2504 3175 2627 3209 num
2661 3164 2813 3212 exsti·

2505 3228 2678 3275 terunt

273 3267 460 3328 annis
501 3266 702 3328 nullos
733 3263 943 3345 fuisse
990 3263 1059 3325 S.
1087 3262 1430 3342 Scriptura.»
1470 3260 1682 3323 libros.
1773 3260 2095 3341 Magnum
2124 3259 2480 3323 incommo·
2504 3288 2667 3352 Serip-

273 3367 434 3430 dum
460 3368 473 3430 Ξ
521 3367 953 3431 Antichristus
981 3370 1235 3428 emortus
1263 3383 1386 3427 non
1406 3369 1500 3426 est
1530 3368 1675 3424 ante
1693 3382 1922 3424 annum
1948 3363 2477 3425 sexcentesimum.
2502 3354 2676 3418 turned

273 3470 457 3534 Esto,
547 3470 693 3532 Non
736 3473 1161 3549 apparuerunt
1211 3467 1279 3528 ki
1335 3466 1563 3542 Testes,
1603 3465 1727 3526 nisi
1766 3469 1918 3545 post
1964 3468 2248 3525 exortum
2290 3463 2478 3525 Anti-

274 3573 595 3635 christum.
689 3570 922 3653 Igitur,
970 3570 1204 3650 primis
1248 3568 1576 3644 sexcentis,
1627 3565 1887 3627 duorum
1957 3565 2481 3644 Testamentorum
2592 3569 2714 3632 271

271 3675 423 3737 libri
480 3694 603 3737 non
662 3679 1106 3754 apparuerunt.
1216 3669 1441 3747 Mitto,
1485 3666 1658 3751 quod
1714 3687 1837 3729 non
1880 3663 2090 3745 fuisse
2138 3667 2478 3747 proponit:

271 3776 526 3860 probat,
556 3795 680 3838 non
708 3776 1092 3856 apparuisse,
1124 3791 1274 3835 cum
1304 3789 1434 3832 esse
1455 3767 1724 3851 possint,
1754 3785 1876 3829 nec
1906 3785 2228 3846 apparere.
2320 3766 2481 3830 Res-

272 3879 545 3962 pondeo.
613 3876 835 3941 Vestri
861 3875 1159 3940 homines
1178 3873 1270 3938 sic
1301 3874 1719 3935 annotarunt.
1808 3868 1967 3931 Non
1991 3867 2167 3946 dicit,
2197 3867 2291 3930 Et
2320 3869 2479 3933 dabo

272 3981 429 4043 duos
464 3981 691 4057 Testes,
723 3977 854 4056 sed,
885 3977 978 4041 Et
1014 3976 1173 4040 dabo
1220 3973 1455 4037 duobus
1491 3970 1790 4033 Testibus.
1880 3969 2018 4051 Ipsi
2057 3989 2192 4032 non
2222 3969 2475 4047 dantur,

272 4083 466 4145 datie·
492 4081 668 4165 ipsis.
760 4081 906 4143 Sint
935 4087 1155 4142 autem
1184 4082 1456 4159 oportet,
1477 4073 1708 4156 quibus
1739 4072 1941 4149 detur,
1973 4091 2100 4153 quo
2131 4070 2314 4134 detur
2342 4072 2473 4150 eis;

271 4185 558 4268 alioquin
601 4184 747 4246 dari
777 4183 890 4262 eis,
937 4182 1047 4265 qui
1094 4202 1229 4244 non
1264 4185 1438 4256 sunt,
1485 4177 1650 4240 nihil
1695 4182 1929 4258 potest.
2016 4175 2294 4237 Fuerant
2323 4195 2476 4258 ergo

272 4287 449 4370 prius
475 4288 682 4350 Testes
710 4287 810 4348 illi
834 4313 854 4347 .-
902 4306 1128 4349 verum
1151 4283 1275 4347 etsi
1289 4280 1575 4362 fiaeerant,
1606 4300 1743 4341 non
1771 4278 1900 4340 illis
1930 4277 2076 4340 dari
2103 4282 2376 4359 poterat,
2403 4286 2476 4341 ut

273 4390 451 4473 prius
492 4397 720 4454 contra
755 4387 1233 4452 Antichristum
1277 4383 1758 4468 prophetarent,
1804 4401 1996 4463 quam
2037 4379 2476 4444 Antichristus

465 4549 498 4570 ⁰¹
522 4538 677 4605 [Vide
693 4540 848 4589 Clarii
873 4539 1069 4588 Proefat.
1088 4540 1142 4587 in
1166 4537 1335 4587 Biblia
1356 4551 1459 4595 sua,
1483 4534 1618 4599 apud
1642 4533 1856 4582 criticos
1879 4533 2066 4582 Sacros.
2090 4536 2212 4582 tom.
2234 4531 2298 4595 i.]
