3165 4959
949 339 1313 388 stomoma
1357 340 1726 390 nssmNsm.
2317 329 2445 392 221

226 493 589 557 sordescere
645 497 920 575 supremi
977 494 1246 574 hdie-is,
1309 497 1476 578 quod
1530 497 1599 557 in
1659 495 1999 558 intentione
2045 492 2258 577 sulqet
2309 516 2453 577 ope-

224 599 440 660 rantis
456 607 503 660 ¹.

317 702 435 776 At,
480 721 616 764 non
660 699 955 762 omnium
998 699 1138 764 haec
1177 700 1413 783 (credo)
1452 701 1893 765 Cardinalium
1940 721 2133 765 causa
2168 708 2288 779 est,
2318 723 2452 764 non

224 812 375 868 tam·
413 802 677 887 purgati
706 802 997 865 omnium
1046 825 1279 883 morea,
1318 805 1501 888 (puto
1545 826 1668 868 nec
1703 806 1744 868 J
1748 805 2125 886 esuitarum)
2163 811 2240 867 ut
2284 805 2454 867 hanc

226 926 456 970 vocem
492 926 799 987 usurpare
845 904 1145 982 audeant,
1197 906 1355 988 quin
1398 905 1734 970 nobiscum
1777 907 2062 985 misellis,
2108 907 2313 989 magis
2356 906 2456 969 in-

229 1009 576 1092 dulgentia
626 1008 771 1087 Dei,
821 1030 1009 1090 quam
1063 1009 1438 1073 innocentia
1497 1033 1632 1087 sua,
1680 1018 1745 1074 et
1795 1011 2076 1093 gratioso
2120 1011 2247 1074 Dei
2306 1031 2455 1094 pro-

228 1110 453 1189 misso,
474 1131 666 1193 quam
690 1111 923 1175 merito
946 1133 1064 1175 suo
1085 1111 1205 1174 niti
1234 1112 1417 1175 velle.
1484 1112 1661 1179 Quid
1685 1120 1902 1176 autem
1928 1112 2060 1176 dixi
2077 1113 2451 1182 nobiscum?

237 1216 409 1281 Cum
443 1216 485 1277 J
489 1214 615 1278 obo
644 1215 782 1278 viro
823 1215 1096 1298 (opinor)
1132 1236 1266 1278 non
1297 1216 1514 1278 minus
1547 1217 1807 1294 SanctO,
1843 1238 2036 1299 quam
2069 1217 2453 1295 Cardinalis,

239 1320 372 1404 qui,
399 1317 521 1383 etsi
535 1319 753 1399 justus
776 1323 954 1393 esset,
975 1319 1180 1380 levare
1206 1325 1393 1400 caput
1422 1320 1621 1381 noluit
1637 1329 1657 1358 ⁸
1672 1347 1691 1381 .·
1725 1321 1974 1382 etiamsi
2001 1320 2253 1383 haberet
2278 1321 2456 1402 quid-

223 1424 410 1505 piam
424 1423 692 1503 justum,
722 1441 846 1483 non
873 1422 1244 1502 respondere
1274 1427 1499 1499 tamen,
1530 1422 1646 1484 sed
1671 1422 1957 1485 Judicem
1988 1423 2364 1503 deprecari‘.

330 1527 373 1588 J
377 1525 666 1589 udicium
696 1525 1080 1589 confitemur
1106 1524 1245 1588 fore
1272 1551 1286 1588 z
1336 1525 1514 1588 locus
1550 1532 1772 1589 tamen
1804 1527 1947 1604 erit,
1981 1533 2046 1589 et
2076 1525 2147 1588 in
2186 1527 2452 1609 judicio,

238 1627 715 1692 misericordiae.
824 1627 1024 1711 Apud
1076 1628 1144 1691 S.
1193 1629 1235 1690 J
1237 1627 1511 1691 acobum
1563 1629 1858 1711 legimuS,
1909 1629 2275 1710 quibusdam
2322 1633 2457 1694 sine

237 1732 673 1794 misericordia
702 1731 1019 1812 judicium
1049 1730 1283 1812 fore¹¹;
1331 1732 1494 1795 Fore
1539 1752 1694 1814 ergo
1739 1734 1906 1811 aliis,
1960 1753 2083 1796 non
2124 1734 2277 1795 sine.
2367 1734 2457 1796 Et

234 1834 310 1897 in
356 1855 452 1911 e0,
499 1855 630 1897 non
679 1833 842 1897 nihil
891 1834 1103 1897 solatii
1147 1835 1385 1916 reperit
1416 1834 1845 1913 Christianus,
1895 1835 2062 1918 quod
2094 1836 2458 1899 Advocatus

234 1945 452 2002 noster
479 1937 747 2019 futurus
790 1945 883 2001 est
931 1939 1141 2001 Judeoe
1184 1945 1413 2001 noster.
1505 1938 1790 2021 Alioqui,
1835 1941 1894 2002 si
1939 1948 2178 2003 remota
2213 1942 2458 2022 pietate

238 2044 420 2105 homo
463 2042 821 2120 discutitur,
862 2043 930 2104 in
974 2042 1083 2104 illo
1114 2043 1418 2120 examine,
1450 2044 1639 2105 etiam
1663 2045 1983 2125 justorum
2013 2046 2147 2108 vita
2175 2067 2455 2109 succum-

240 2145 341 2208 bet
358 2154 407 2207 ¹.
499 2144 755 2208 Reddet
784 2166 936 2208 vero
980 2145 1183 2223 DeuS,
1226 2146 1328 2209 vel
1371 2153 1524 2209 ante
1556 2148 1873 2212 Generale
1918 2148 2099 2226 illud,
2145 2149 2216 2212 in
2259 2149 2456 2233 parti-

240 2247 444 2311 culari
488 2247 796 2331 cujusque
835 2247 1103 2330 judicio,
1136 2248 1365 2330 cuique
1411 2250 1644 2312 animae
1689 2250 2045 2315 secundum
2075 2272 2267 2335 opera
2297 2274 2454 2315 sua:

240 2371 364 2414 nec
396 2351 699 2414 Generali
744 2372 905 2434 opus
937 2352 1082 2430 erit,
1130 2351 1264 2414 nisi
1297 2357 1372 2414 ut
1412 2351 1481 2414 in
1526 2353 1865 2436 procinctu
1896 2354 2090 2418 Orbis
2140 2363 2456 2419 terrarum

240 2462 518 2534 constet,
549 2454 795 2519 nemini
827 2476 1048 2520 eorum
1079 2455 1319 2520 factam
1350 2455 1675 2541 injuriam,
1710 2479 1980 2542 quorum
2015 2466 2167 2524 ante
2198 2460 2447 2540 animae,

238 2560 343 2624 vel
371 2560 443 2623 in
473 2560 707 2624 coelum
739 2567 1032 2643 receptae,
1064 2562 1166 2624 vel
1196 2559 1277 2624 ad
1308 2560 1549 2624 inferos
1581 2560 1897 2643 ablegatae
1928 2547 2101 2625 sunt.

331 2664 434 2727 De
464 2663 760 2746 operibus
802 2663 1060 2741 nostris,
1091 2662 1500 2746 agnoscimus
1545 2661 1977 2743 imperfectum
2006 2669 2285 2725 nostrum
2302 2674 2350 2742 5,
2384 2671 2449 2728 et

237 2765 568 2830 adhaerere
613 2765 909 2849 operibus
954 2765 1196 2829 nostris
1240 2764 1483 2848 impuri
1518 2764 1694 2847 quid,
1726 2784 1859 2828 non
1891 2764 2282 2844 diffitemur;
2329 2788 2451 2830 nec

239 2889 362 2932 nos
392 2867 634 2931 scilicet
663 2867 785 2930 hoc
814 2866 1167 2930 commenti
1199 2888 1453 2929 sumus:
1503 2865 1730 2930 Discat
1760 2866 1904 2944 hoc,
1929 2867 2030 2930 vel
2053 2890 2092 2931 a
2116 2868 2449 2949 Gregorio,

241 2972 322 3034 Si
351 2971 643 3033 districta
673 2970 975 3033 discussio
1019 2971 1125 3048 sit,
1157 2990 1280 3033 non
1322 2989 1643 3032 remanere
1681 2971 1907 3032 salutis
1953 2972 2170 3050 locum,
2204 2972 2450 3053 quando

238 3080 302 3137 et
334 3076 503 3136 mula
542 3080 757 3137 nostra
787 3095 960 3155 pura
989 3075 1159 3136 mala
1189 3079 1352 3150 sunt,
1385 3080 1447 3137 et
1479 3073 1658 3151 bona,
1691 3094 1825 3155 quoe
1854 3095 1966 3137 nos
1996 3074 2221 3138 habere
2250 3077 2452 3139 credi-

238 3198 398 3256 mus,
461 3198 634 3259 pura
708 3177 865 3240 bona
932 3198 1063 3240 esse
1121 3197 1506 3258 nequaquam
1568 3178 1821 3258 possint
1843 3188 1884 3241 ².
1920 3171 1924 3176 ’
1979 3178 2176 3262 Apud
2238 3200 2449 3262 quem,

243 3282 517 3343 Sanctus
564 3328 578 3343 .
629 3327 644 3343 .
696 3329 710 3343 .
763 3329 777 3343 .
827 3280 927 3342 vir
969 3280 1088 3342 Job
1148 3300 1323 3343 omne
1377 3281 1634 3343 virtutis
1692 3288 1918 3344 nostrae
1975 3284 2263 3345 meritum
2321 3303 2452 3346 esse

240 3384 465 3446 vitium
515 3384 835 3464 conspicit,
886 3384 945 3445 si
998 3383 1076 3445 ab
1128 3384 1372 3446 interno
1419 3384 1685 3446 Arbitro
1745 3384 2031 3447 districte
2070 3385 2450 3466 judicetur-⁸.

244 3488 472 3551 Discat
502 3494 567 3550 et
598 3508 676 3551 ex
708 3486 1075 3551 Bernardo:
1122 3487 1446 3564 Nostram,
1465 3488 1648 3568 siqua
1671 3488 1775 3564 sit,
1801 3488 2090 3550 humilem
2103 3489 2448 3568 justitiam,

241 3597 480 3654 rectam
514 3590 823 3682 forsitan,
853 3591 967 3653 sed
1006 3611 1129 3653 non
1162 3610 1435 3672 puram;
1483 3590 1633 3650 Nisi
1665 3588 1844 3670 sorte
1872 3591 2154 3652 meliores
2183 3610 2294 3652 nos
2322 3610 2453 3652 esse

244 3695 570 3758 credamus
604 3694 754 3777 [leg.
788 3693 1123 3777 credimus]
1136 3742 1155 3771 ,
1190 3714 1374 3775 quam
1405 3693 1639 3754 Patres
1667 3697 1931 3770 nostros,
1964 3693 2070 3774 qui
2100 3713 2222 3754 non
2249 3694 2453 3754 minus

308 3854 330 3878 ¹
396 3845 624 3894 “Sol-det
656 3846 712 3894 in
746 3845 1065 3896 districtione
1087 3845 1301 3905 Judicis,
1393 3844 1515 3907 [rec.
1543 3844 1664 3905 (xiV.
1691 3843 1833 3905 Ben.)
1873 3843 1983 3908 Op..
2009 3849 2130 3894 tom.
2156 3845 2188 3894 i.
2221 3844 2316 3895 col.
2338 3846 2450 3894 298.

245 3925 311 3972 qu
422 3911 479 3959 in
518 3911 855 3961 aestimatione
901 3911 1061 3974 fulget
1101 3926 1303 3974 operan·
1392 3909 1475 3971 C.]

243 3974 474 4024 ties—S.
490 3975 636 4051 (ξτες.
658 3976 829 4037 Magn.
848 3975 976 4053 Mor.
1003 3978 1056 4025 in
1074 3975 1187 4026 101).
1213 3975 1301 4024 1ἰ1).
1456 3983 1478 4013 7
1517 3972 1851 4050 Pam-cxxxix.
1873 3972 2146 4085 gcxxiniii.
2169 3972 2345 4051 Yulg]
2371 3977 2447 4051 m·

244 4054 293 4088 v.
333 4054 440 4103 etp.
475 4055 545 4089 ιι.
587 4040 699 4103 Op„
739 4046 861 4089 tom.
897 4056 931 4089 1.
966 4042 1079 4090 coll.
1107 4042 1219 4091 147.
1246 4039 1303 4088 Ε.
1457 4047 1474 4069 “
1513 4038 1571 4101 [“
1589 4039 1645 4088 81
1668 4043 1838 4087 autem
1909 4052 1936 4086 e
1970 4037 2051 4086 lus
2082 4038 2332 4087 divinitus
2354 4037 2449 4087 dis-

246 4106 359 4154 148.
383 4103 468 4168 A.]
1387 4104 1538 4153 triete
1571 4103 1890 4160 discutimur,
1919 4103 2033 4165 quis
2071 4102 2207 4151 inter
2243 4103 2341 4152 ista
2380 4118 2450 4151 re-

311 4176 328 4199 ·
361 4168 479 4219 101).
500 4185 549 4218 x.
576 4171 652 4219 16.
1388 4172 1562 4218 manet
1599 4168 1779 4218 salutis
1808 4168 1961 4226 loeus,
1987 4166 2188 4230 quando
2227 4173 2280 4217 et
2313 4169 2449 4217 mala

312 4236 328 4264 ²
361 4233 391 4282 J
398 4234 476 4283 ob.
500 4235 569 4283 ix.
597 4237 674 4284 15.
1388 4235 1603 4293 nostra,”
1636 4232 2011 4293 οἱα-811103.
2039 4232 2241 4295 Mag-m]
2269 4231 2445 4281 Mox-ai.

311 4306 335 4329 '¹
402 4299 635 4350 S.Jacob.
662 4300 716 4349 ii.
741 4300 841 4363 13.]
1394 4298 1478 4363 [in
1510 4298 1624 4348 101).
1660 4297 1778 4360 lib.]
1817 4298 1908 4346 ult.
1978 4296 2117 4361 cap]
2169 4299 2257 4347 ult.
2310 4298 2449 4361 [Op.,

310 4371 331 4394 ⁸
401 4364 499 4414 “Si
536 4371 729 4415 remota
763 4370 885 4415 tunc
924 4365 1111 4429 pietate
1145 4364 1304 4414 discu-
1392 4370 1515 4413 tom.
1542 4364 1574 4411 i.
1616 4363 1707 4412 ool.
1738 4365 1880 4412 1168.
1907 4362 1960 4412 C.

243 4428 389 4488 titur,
412 4430 469 4478 in
490 4428 580 4479 illo
602 4431 836 4479 examine
859 4430 1018 4480 etiam
1049 4430 1304 4493 justorum
1456 4436 1477 4458 ⁸
1513 4428 1590 4491 [S.
1617 4427 1765 4490 Greg.
1791 4427 1962 4491 Magn.
2022 4425 2198 4477 Moral.
2229 4428 2311 4491 [in
2335 4427 2448 4477 101).

242 4494 353 4543 vita
388 4494 832 4544 succumbit.”—S.
888 4494 1036 4557 Greg.
1082 4494 1306 4559 [Magn]
1393 4492 1513 4555 lib.]
1541 4494 1608 4541 ix.
1661 4491 1816 4557 [cap.]
1843 4494 1894 4542 ii.
1944 4492 1964 4557 [
2020 4508 2083 4557 p.,
2130 4497 2252 4543 tom.
2288 4494 2320 4542 i.
2357 4493 2450 4542 col.

244 4557 423 4608 Mol-al.
470 4560 554 4624 [in
593 4558 707 4608 Job.
751 4496 870 4624 lib.)]
897 4560 966 4609 ix.
1011 4560 1174 4623 [cap]
1199 4561 1305 4609 viii.
1398 4561 1509 4608 288.
1535 4558 1699 4623 KR]

2564 2762 2687 2823 165
