3165 4959
479 2724 608 2788 267

714 305 846 369 370
1337 317 1421 362 An
1467 314 1848 363 cmnmsms
1891 314 2288 363 amanium

715 472 1014 555 cuiquam
1064 469 1309 548 fuisset,
1363 469 1418 532 si
1472 469 1856 552 Scripturas,
1906 491 2065 552 quas
2115 469 2479 553 intelligere
2531 476 2768 553 posset,
2829 470 2923 553 (id

715 577 861 657 est‚)
895 575 971 638 in
1011 573 1416 638 vernaculam
1464 573 1756 655 linguam
1804 593 2166 651 conversas,
2196 573 2438 637 habere
2477 573 2650 657 apud
2690 595 2764 638 se
2808 574 2925 637 de-

714 678 1067 762 prehensus
1096 683 1282 741 esset.
1374 676 1519 740 Nec
1548 676 1832 738 historiis
1860 697 2040 758 opus,
2059 696 2181 739 nec
2209 678 2504 755 Auctore,
2537 676 2650 759 qui
2677 677 2926 741 tradat.

721 781 1021 846 Vidimus
1052 780 1173 865 ipsi
1213 800 1399 863 saepe.
1488 778 1722 842 Nostri
1749 778 2067 855 homines,
2100 779 2212 862 qui
2247 779 2641 862 (priusquam
2684 780 2928 843 hostile

716 885 871 969 quid
911 886 1084 948 inter
1127 904 1328 966 regna
1376 882 1627 967 pridem
1679 882 2059 965 accidisset‚)
2108 882 2362 946 itabant
2411 881 2483 945 in
2536 882 2928 964 Hispaniam

715 986 1080 1051 commercii
1147 1007 1360 1060 causa,
1419 1006 1679 1049 necesse
1751 985 2097 1064 habebant,
2168 1007 2312 1068 quae
2383 985 2929 1050 circumferebant

718 1090 947 1169 Biblia,
988 1089 1285 1154 defodere
1315 1089 1386 1153 in
1429 1089 1646 1153 focum
1686 1090 2047 1168 nauticum,
2091 1097 2286 1173 atque
2322 1090 2496 1171 (cum
2524 1110 2602 1156 eo
2632 1090 2927 1172 Inquisi-

715 1200 908 1271 tores,
942 1192 1114 1277 quod
1143 1192 1418 1257 subinde
1446 1192 1790 1272 faciebant,
1820 1193 2236 1275 ventitarent)
2265 1193 2670 1256 luculentum
2698 1193 2928 1275 ignem

717 1296 1275 1381 super-accendere,
1335 1316 1420 1359 ne
1479 1316 1555 1359 eo
1605 1296 1732 1359 loci
1785 1301 2163 1379 quaererent.
2252 1294 2684 1359 Excutiebant
2746 1296 2927 1359 enim

718 1397 940 1462 omnia
985 1398 1230 1476 sedu10,
1263 1398 1454 1481 quod,
1487 1397 1694 1461 sicubi
1734 1398 1835 1461 vel
1879 1398 1951 1460 in
1991 1399 2480 1461 Testamentum
2527 1418 2795 1475 novum,
2825 1397 2928 1461 vel

720 1499 906 1563 Pauli
934 1499 1277 1582 Epistulas,
1301 1499 1398 1564 vel
1431 1499 1815 1563 Psalterium
1843 1499 2167 1564 incautius
2197 1499 2493 1563 relictum
2521 1498 2928 1576 incidissent,

704 1601 985 1684 flammis
1040 1602 1352 1665 luendum
1409 1608 1590 1679 erat3
1657 1601 1855 1666 etiam
1906 1599 2089 1664 navis
2138 1600 2282 1683 ipsa
2330 1620 2708 1683 mercesque
2761 1599 2927 1665 inibi

719 1726 944 1769 omnes
984 1705 1251 1769 abibant
1297 1706 1370 1768 in
1413 1704 1645 1787 fiscum
1687 1705 1881 1769 iflico.
1994 1705 2145 1771 Quo
2183 1704 2254 1767 in
2301 1724 2557 1786 genere,
2597 1711 2761 1786 quot
2805 1725 2928 1787 ego

720 1806 843 1870 tibi
873 1812 1184 1870 nostrates
1210 1807 1543 1871 nominare
1572 1827 1823 1890 possem
1843 1807 1873 1869 Ρ
1962 1806 2190 1869 Unum
2232 1805 2496 1868 nomino
2542 1803 2743 1886 Regis
2772 1804 2925 1869 sub-

720 1908 951 1983 ditum,
1025 1910 1067 1972 J
1070 1932 1348 1973 oannem
1422 1911 1501 1973 M
1503 1910 1792 1975 oravium
1876 1910 2312 1973 Mercatorem
2368 1907 2926 1973 Aberdonensem.

719 2012 790 2074 Is
833 2011 1114 2075 habebat
1152 2033 1368 2076 secum
1413 2013 1487 2075 in
1525 2012 1675 2075 navi
1715 2015 2204 2081 Testamentum
2248 2033 2528 2075 novum:
2592 2011 2851 2075 delatus
2891 2035 2930 2075 a

722 2115 1151 2199 Sycophanta,
1182 2117 1452 2197 capitale
1481 2116 1683 2180 sensit
1714 2117 1906 2181 libros
1944 2136 2161 2180 sacros
2203 2117 2534 2199 attinycre.
2625 2116 2830 2193 Nam,
2862 2122 2928 2179 et

718 2237 851 2280 rem
880 2216 1113 2294 amisit,
1145 2226 1210 2282 et
1238 2220 1453 2282 vitam.
1527 2220 1621 2282 At
1649 2220 1729 2283 lis
1761 2210 1957 2282 etiam
1987 2219 2111 2282 fuit
2143 2218 2222 2282 de
2250 2218 2642 2301 reliquorum
2671 2218 2746 2280 in
2777 2219 2928 2282 navi

719 2319 1059 2398 mercibus,
1091 2343 1252 2403 quos
1283 2341 1359 2385 ea
1388 2342 1581 2385 causa
1610 2343 1743 2387 non
1771 2321 2055 2400 tenebat,
2088 2341 2289 2406 eaque
2317 2342 2430 2405 per
2457 2322 2932 2403 quatuordecim

712 2422 853 2507 jam
912 2444 1107 2488 annos
1156 2424 1470 2509 producta
1519 2432 1639 2504 est,
1687 2430 1763 2489 ut
1816 2424 1980 2508 Regi
2025 2445 2159 2489 non
2216 2424 2311 2488 ita
2358 2423 2605 2509 pridem
2666 2444 2931 2489 necesse

723 2527 940 2607 fuerit,
988 2528 1361 2593 interventu
1406 2529 1808 2594 auctoritatis
1856 2550 2008 2607 suae,
2058 2535 2126 2593 et
2173 2528 2416 2613 gratiae,
2463 2527 2635 2612 apud
2683 2530 2927 2613 Hispa-

720 2652 882 2693 num
912 2652 1121 2714 agere,
1163 2654 1281 2696 sua
1321 2639 1398 2696 ut
1442 2633 1569 2696 illis
1614 2631 1870 2695 restitui
1898 2638 2185 2714 possent,
2216 2633 2376 2695 neve
2404 2631 2639 2715 reliqui
2666 2632 2784 2712 illi,
2818 2633 2928 2716 qui

722 2734 967 2827 crimen
995 2733 1171 2797 idem
1200 2755 1333 2798 non
1363 2733 1770 2797 admisissent
1805 2734 2137 2816 (magnum
2182 2734 2423 2798 scilicet
2462 2734 2731 2813 crimen,
2764 2737 2935 2817 quod

720 2836 936 2899 Biblia
975 2857 1171 2918 penes
1206 2856 1273 2900 se
1311 2836 1627 2917 haberent)
1669 2835 1893 2899 eadem
1931 2836 2189 2919 jactura
2217 2835 2536 2900 bonorum
2563 2836 2929 2920 plecteren-

722 2946 849 3003 tur.
941 2938 1215 3002 Utinam
1255 2938 1394 3002 haec
1441 2960 1573 3002 non
1622 2938 1812 3001 nimis
1856 2945 2036 3016 nota,
2082 2959 2203 3003 nec
2247 2939 2452 3017 aliter,
2499 2939 2649 3016 scic,
2701 2939 2928 3022 (quan-

719 3049 1119 3125 tumcunque
1167 3062 1307 3104 rem
1358 3041 1719 3104 Cardinalis
1773 3040 2179 3124 dissimulat,)
2238 3043 2342 3107 vel
2396 3043 2622 3106 Romae
2668 3042 2925 3107 vivitur.

723 3143 987 3226 Ubique
1047 3144 1307 3226 quidem
1368 3144 1538 3226 apud
1590 3166 1702 3208 vos
1763 3145 1979 3228 (quam
2030 3146 2161 3210 late
2211 3153 2390 3230 patet
2434 3168 2551 3230 per
2597 3147 2928 3230 Europam

722 3245 1095 3311 Christiana
1149 3247 1276 3328 res)
1334 3247 1669 3328 proverbio
1719 3249 2042 3332 jactatum
2094 3256 2210 3327 est,
2268 3250 2448 3313 Olet-e
2490 3248 2762 3329 fascem,
2820 3251 2934 3332 qui

718 3348 920 3412 libros
950 3368 1163 3412 sacros
1192 3348 1261 3411 in
1290 3347 1436 3413 sinu
1464 3348 1686 3428 ferret,
1711 3350 1899 3432 quive
1928 3351 2214 3414 Psalmos
2245 3349 2508 3414 Davidis
2537 3351 2930 3415 cantiliaret.

785 3501 964 3567 Neque
986 3504 1079 3554 hoc
1099 3518 1274 3554 verum
1297 3507 1375 3553 est
1395 3503 1591 3567 (ignota
1605 3505 1783 3567 lingua
1802 3504 2122 3554 absconditos
2135 3504 2352 3567 jacuisse
2369 3505 2405 3566 ε)
2438 3503 2564 3554 Non
2584 3504 2724 3553 enim
2745 3504 2935 3555 Latina

849 3586 1028 3647 lingua
1047 3585 1223 3648 ignota
1243 3589 1321 3635 cut·
1347 3584 1587 3635 Ecclesiae
1621 3584 2052 3649 Latinam—[Bell.
2078 3585 2224 3647 Apol.
2251 3599 2343 3649 pro
2365 3583 2535 3650 Resp]
2569 3600 2620 3648 p.
2639 3587 2752 3634 149.
2789 3585 2935 3651 [Op.,

849 3670 973 3715 tom.
991 3667 1079 3715 vii.
1103 3665 1196 3716 col.
1221 3665 1333 3717 788.
1358 3664 1440 3729 Β.]

808 3782 901 3844 At
944 3782 1157 3863 iynota
1202 3783 1272 3843 in
1315 3782 1528 3863 linqua
1573 3781 1721 3843 libri
1765 3781 1952 3844 Sacri
1999 3781 2348 3845 absconditi
2389 3802 2510 3845 non
2538 3784 2892 3864 jacuerunt
2911 3812 2933 3845 .-

724 3886 872 3967 quia
902 3886 1116 3967 linqua
1143 3885 1382 3948 Latina
1411 3885 1658 3947 Latinoe
1687 3884 1983 3947 Ecclesiae
2025 3886 2241 3967 iqnota
2270 3906 2394 3948 non
2422 3890 2532 3948 est.
2623 3886 2714 3948 Et
2743 3894 2939 3950 estne

722 3989 1013 4053 Ecclesia
1038 3989 1175 4072 jam
1215 3988 1349 4051 ulla
1378 3988 1637 4065 Latina,
1668 4008 1901 4070 nempe
1942 3988 2047 4050 cui
2078 3988 2438 4067 vernacula,
2469 3994 2535 4051 et
2574 4007 2724 4051 cum
2761 3989 2940 4053 lacte

723 4099 1020 4155 materno
1063 4091 1165 4169 sit,
1195 4090 1431 4153 Latina
1464 4092 1676 4173 linqua
1696 4091 1729 4153 ?
1774 4111 1966 4173 quam
2012 4091 2139 4155 nisi
2183 4091 2325 4174 quis
2367 4091 2436 4154 in
2479 4091 2726 4154 Scholis
2765 4091 2936 4156 didi-

724 4196 903 4273 cerit,
952 4194 1152 4258 nihilo
1199 4215 1273 4257 ea
1318 4194 1618 4276 cuiquam
1663 4194 1878 4256 minus
1925 4200 2074 4257 nota
2125 4202 2245 4271 est,
2294 4214 2487 4276 quam
2532 4193 2784 4271 Graeca,
2832 4195 2938 4258 vel

727 4298 1053 4361 Hebraea.-
1115 4296 1411 4359 Eruditis
1449 4317 1604 4379 ergo
1633 4296 1802 4372 solis,
1835 4303 1901 4359 et
1938 4297 2110 4360 inter
2150 4318 2258 4360 eos
2289 4296 2779 4373 Ecclesiasticis,
2812 4318 2937 4360 nec

719 4400 800 4462 iis
844 4405 1065 4462 tamen
1110 4399 1407 4463 omnibus
1457 4399 1603 4481 (scit
1656 4399 1778 4480 hoc
1823 4398 2181 4464 Cardinalis
2229 4420 2450 4463 verum
2495 4398 2646 4481 dici)
2683 4420 2934 4476 verum,

724 4500 833 4579 qui
880 4520 1136 4579 operam
1189 4501 1247 4563 ei
1306 4506 1645 4579 navarunt,
1694 4500 1859 4565 forte
1918 4523 2050 4566 non
2097 4502 2342 4584 ignota.
2432 4501 2735 4565 Ecclesia·
2782 4523 2938 4566 vero
