3165 4959
917 356 1283 405 stomoma
1326 357 1691 407 nnsrousm.
2318 344 2398 408 11

191 513 351 598 quid
381 513 606 577 adoret
624 514 655 576 ⁴?
747 512 912 577 'l'ota
949 535 1102 598 ergo
1131 535 1233 578 res
1278 514 1464 578 nobis
1494 513 1698 579 abibit
1726 513 1799 578 in
1835 515 2202 578 Chimoeram
2224 541 2243 576 .-
2293 536 2405 598 po-

188 618 332 701 puli
384 616 699 695 adoratio,
752 616 1115 682 Sacerdotis
1171 617 1798 697 transubstantiatio,
1849 619 2066 701 iynota
2110 625 2402 702 utraque.

193 720 534 805 (Optimus
557 721 819 805 quidem
849 722 1081 799 cultus,
1107 722 1218 806 qui
1240 723 1465 805 linyuoe
1492 723 1718 803 iynotae
1746 722 2176 805 respondeat.)
2256 723 2405 786 Nec

189 846 351 909 ergo
377 825 598 890 obstat
620 825 729 889 hic
751 826 1113 909 quicquam,
1148 825 1306 910 quin
1323 831 1498 891 recte
1523 824 1666 909 quis
1696 825 1929 891 dixerit
1951 826 2407 891 Sacerdotibus

188 929 468 1005 vestrim
532 929 669 992 Vos
732 950 815 991 an
855 928 1472 1007 transubstantietis,
1524 929 1779 992 nescitis
1803 955 1823 991 .-
1876 929 2115 1012 populo
2166 936 2405 1008 autem,

202 1034 333 1095 Vos
360 1032 532 1115 quod
557 1032 861 1111 adoratis,
892 1033 1145 1097 nescitis
1160 1059 1186 1107 ,-
1218 1030 1386 1097 sicut
1415 1033 1582 1115 quod
1608 1035 1807 1097 oratis
1834 1034 2108 1098 nescitis.
2190 1034 2409 1097 Oratis

187 1138 449 1217 spiritu,
480 1138 595 1201 sed
638 1137 775 1199 sine
823 1142 1042 1215 mente,
1105 1136 1276 1220 quod
1328 1136 1596 1201 damnat
1638 1138 2066 1221 Apostolus¹¹:
2121 1139 2408 1202 adoratis

184 1242 443 1322 spiritu,
473 1240 590 1303 sed
612 1240 749 1303 sine
775 1242 1082 1314 veritate,·
1116 1241 1306 1324 quod,
1340 1242 1635 1313 Christus
1665 1242 1804 1326 ipse
1816 1250 1861 1306 ⁰.

280 1345 385 1406 Ac
415 1342 497 1406 de
528 1341 705 1406 certa
716 1343 855 1424 fide
885 1343 1186 1426 quicquid
1217 1344 1321 1422 sit,
1352 1344 1458 1408 vix
1487 1342 1649 1408 bona
1660 1344 1798 1426 fide
1824 1343 1933 1408 hic
1961 1344 2195 1427 agitur.
2291 1346 2407 1410 Sa·
2435 1352 2519 1418 [Si
2541 1357 2679 1430 tnn3

193 1447 424 1511 cerdos
454 1446 650 1525 enim,
695 1448 755 1509 si
806 1453 1011 1513 certus
1052 1448 1190 1532 ipse
1237 1469 1371 1512 non
1416 1456 1552 1513 est:
1609 1469 1725 1510 cur
1764 1468 1938 1530 ergo,
1977 1447 2160 1531 quasi
2202 1454 2410 1512 certus
2432 1419 2731 1532 ῗξῗιξέξζζ

193 1550 305 1628 sit,
354 1550 660 1613 Hostiam
713 1548 804 1612 sic
848 1571 887 1613 a
930 1572 998 1613 se
1051 1551 1280 1633 (nescit
1325 1552 1432 1634 an)
1497 1551 2130 1615 transubstantiatam
2172 1552 2408 1636 populo
2433 1547 2613 1661 ἰΰοὲῗῖἑ

190 1661 516 1738 proponat
561 1652 1005 1717 adorandam?
1104 1655 1388 1738 Populus
1434 1663 1673 1735 autem,
1721 1657 2021 1720 incertior
2069 1656 2278 1720 multo
2328 1656 2409 1720 de
2433 1672 2697 1736 incertus]

195 1756 576 1821 Sacerdotis
624 1763 777 1821 actu
829 1758 1058 1837 alieno,
1109 1781 1303 1842 quam
1359 1760 1671 1824 Sacerdos
1724 1760 1805 1824 de
1853 1778 1987 1839 su0,
2029 1779 2146 1824 cur
2181 1760 2409 1824 adoret

189 1862 594 1945 propositam
615 1862 647 1924 ⁴?
737 1864 847 1925 An
892 1863 1017 1926 rite
1065 1863 1657 1926 transubstantiavit
1701 1863 2009 1943 nescitur,
2058 1863 2148 1947 (et
2177 1871 2274 1929 est
2301 1864 2410 1928 hic

186 1966 359 2027 sicut
407 1965 701 2045 populus,
748 1966 842 2026 sic
890 1966 1259 2049 Sacerdosl’)
1322 1965 1375 2029 si
1427 1965 1551 2029 rite
1603 1986 1737 2029 non
1786 1965 2408 2044 transubstantiavit,

192 2067 503 2131 Christus
548 2066 643 2130 ibi
687 2088 820 2130 non
866 2075 983 2147 est,
1035 2069 1378 2131 matulam
1423 2067 1637 2132 modo.
1731 2069 1803 2132 Si
1833 2072 2173 2134 crustulum
2215 2069 2410 2134 modo

190 2180 314 2250 oet,
362 2174 643 2235 crustulo
691 2172 923 2235 Latria
963 2171 1345 2238 exhibetur:
1411 2173 1651 2235 Parum
1696 2178 1915 2236 autem
1960 2172 2028 2236 id
2080 2172 2285 2238 aberit
2326 2172 2409 2236 ab

188 2274 594 2339 Idololatria.

278 2377 542 2441 Existet
573 2378 756 2457 alter,
791 2378 900 2462 qui
931 2378 1138 2443 dicet:
1186 2379 1333 2442 Imo
1364 2378 1416 2441 si
1444 2398 1562 2461 pro
1589 2376 1871 2442 Rachele
1895 2377 2099 2442 Leam
2130 2378 2408 2462 amplec-

189 2489 375 2545 tatur
425 2482 570 2566 quis
616 2504 733 2566 per
769 2504 1070 2563 errorem,
1103 2504 1283 2558 error
1315 2484 1686 2561 materialis,
1718 2503 1839 2546 nec
1862 2485 2081 2566 pravis
2105 2512 2125 2546 .-
2179 2484 2407 2548 Gravis

190 2608 348 2649 vero
379 2608 466 2649 an
496 2585 673 2666 levis,
706 2589 1056 2651 materialis
1099 2608 1179 2650 an
1216 2585 1535 2668 formalis,
1562 2586 1733 2668 fides
1773 2586 1844 2649 in
1881 2607 2094 2650 errore
2124 2608 2260 2652 non
2287 2594 2406 2665 est,

192 2689 364 2753 addo
407 2710 530 2753 nec
560 2690 889 2753 certitudo.
998 2691 1087 2753 Et
1129 2690 1349 2775 yravis
1387 2696 1611 2751 tamen
1655 2709 1833 2752 error
1848 2713 1868 2766 ;
1923 2688 1977 2751 si
2019 2709 2135 2771 per
2184 2697 2409 2752 noctes

192 2792 486 2874 singulas
535 2791 627 2855 sic
665 2812 884 2855 etv-are
913 2791 1188 2855 delectet
1214 2817 1228 2856 ε
1280 2811 1402 2855 nec
1430 2791 1650 2852 minus
1692 2789 1922 2872 gratie,
1957 2788 2010 2852 si
2037 2810 2153 2873 per
2183 2790 2409 2853 missas

195 2893 487 2977 quotidie
519 2892 825 2976 singulas,
857 2895 1196 2956 crustulum
1223 2914 1340 2976 pro
1377 2892 1627 2953 Christo
1658 2890 1941 2954 adorare.

284 2997 403 3075 Ac,
437 2995 591 3060 olim
623 2995 883 3080 quidem
917 2996 1118 3079 igitur
1155 2995 1407 3059 cautius
1448 3016 1586 3058 rem
1634 2992 1962 3077 gerebant.
2055 2995 2205 3062 Quo
2235 2995 2409 3059 enim

194 3099 321 3163 rite
350 3108 420 3163 et
450 3099 736 3183 legitime
767 3100 1054 3164 adoratio
1084 3101 1286 3178 fieret,
1318 3099 1687 3163 consultum
1718 3098 2072 3179 videbatur,
2104 3108 2180 3165 ut
2210 3101 2412 3166 tacita

196 3226 455 3288 semper
482 3205 902 3269 interveniret
931 3205 1214 3269 conditio
1242 3204 1383 3268 haec
1418 3204 1519 3287 (Si
1546 3224 1613 3267 es
1649 3205 1951 3284 Christus,
1985 3212 2058 3269 te·
2076 3206 2315 3288 adoro)
2354 3207 2411 3271 si

201 3310 563 3372 crustulum
585 3310 799 3391 modo,
822 3310 1057 3374 reduco
1075 3309 1514 3373 adorationem
1538 3329 1771 3372 meam.
1854 3309 2011 3373 Tuto
2032 3309 2101 3372 id
2125 3309 2407 3393 quidem,

193 3413 309 3476 sed
333 3413 476 3494 fide
503 3425 725 3477 tamen
771 3435 1000 3497 parum
1030 3418 1225 3476 certa.
1314 3412 1504 3477 Fides
1534 3412 1709 3476 enim
1739 3415 2096 3495 hypothesis
2126 3436 2260 3478 non
2291 3421 2409 3493 est,

194 3518 589 3598 hypostasi-sq
612 3525 745 3581 est:
777 3517 1032 3580 vacillat
1063 3522 1299 3595 autem,
1327 3516 1501 3600 quod
1529 3515 1642 3594 sic,
1673 3518 1744 3580 in
1765 3519 2109 3600 hypothesi.
2157 3519 2411 3601 Oppor-

194 3626 357 3683 tune
389 3640 546 3703 ergo
575 3619 680 3683 hic
711 3620 1025 3684 succurrit
1049 3619 1399 3702 Vasquez'.
1454 3620 1600 3683 Nec
1629 3620 1806 3683 enim
1835 3620 2168 3685 Christum
2197 3619 2410 3699 modo,

196 3725 262 3788 in
280 3744 478 3805 pane,
511 3724 612 3785 vel
628 3724 826 3804 panis
852 3723 1073 3805 specie,
1104 3742 1317 3785 verum
1345 3728 1407 3785 et
1423 3743 1658 3804 panem
1687 3725 1892 3808 ipsum
1923 3722 2184 3785 adorari
2200 3742 2409 3803 posse,

198 3848 321 3889 non
372 3826 611 3888 invitus
651 3825 846 3904 dabit,
900 3831 1162 3903 tantum,
1193 3831 1264 3888 nt
1310 3827 1718 3907 apprehensio
1762 3823 2024 3906 seratur
2073 3826 2141 3888 in
2183 3825 2409 3891 Deum.

200 3931 363 3997 Quae
404 3930 489 3995 ab
534 3929 647 3994 illo
678 3929 845 3995 ratio
874 3930 954 3995 de
981 3951 1150 3994 novo
1179 3951 1386 4013 nuper
1415 3930 1779 4013 excogitata
1817 3926 2018 3992 videri
2059 3935 2294 4012 potest,
2327 3953 2411 3995 ne

198 4057 461 4100 neeesse
522 4035 607 4099 sit
666 4036 985 4119 scrupulis
1036 4034 1182 4098 istis
1228 4034 1444 4098 vexari
1494 4033 1812 4112 homines,
1867 4039 1981 4097 aut
2026 4033 2097 4096 in
2139 4035 2412 4098 materia

199 4140 896 4204 transubstantiationis
922 4141 1017 4204 ita
1044 4139 1277 4205 misere
1305 4139 1641 4203 fluctuare.
1732 4139 2015 4201 Possunt
2046 4138 2405 4219 Christum,
2544 4137 2627 4199 10

201 4250 474 4326 possunt
503 4263 638 4306 non
672 4242 891 4307 miuus
920 4251 988 4307 et
1034 4263 1290 4327 panem,
1338 4242 1393 4305 si
1441 4262 1603 4324 opus
1644 4241 1748 4320 sit,
1787 4241 1917 4323 (qui
1964 4241 2167 4303 minus
2206 4247 2413 4306 autem

258 4377 283 4465 ἒ
313 4370 371 4500 Ρ
403 4368 518 4420 Cor.
542 4369 649 4419 xiv.
668 4368 782 4434 15.]
1354 4369 1452 4428 nis,
1474 4368 1563 4417 lib.
1589 4367 1664 4417 iii.
1697 4367 1791 4417 Dis
1828 4405 1839 4416 .
1859 4367 1895 4417 i.
1927 4382 1969 4419 o-
1997 4369 2040 4419 6.
2066 4382 2115 4432 p.
2135 4369 2246 4420 192.
2271 4369 2412 4422 Com·

334 4434 485 4484 Joan.
512 4435 579 4485 iv.
602 4433 716 4498 24]
1390 4433 1483 4482 lut.
1518 4434 1665 4483 1694.
1700 4437 1752 4482 et
1827 4437 2069 4483 ommont.
2105 4433 2161 4483 in
2183 4435 2258 4484 iii.
2316 4441 2410 4487 art.

258 4509 281 4539 r
481 4501 623 4549 xxiv.
650 4499 730 4564 2.]
1396 4512 1582 4548 ummae
1620 4496 1668 4547 S.
1702 4497 1880 4548 Thom.
1910 4499 2009 4562 Aq.
2048 4503 2171 4549 tom.
2196 4500 2229 4548 i.
2317 4501 2409 4564 isp.

260 4574 281 4603 ἱ
313 4564 469 4641 [Heb.
496 4565 564 4614 xi.
593 4563 671 4627 1.]
1358 4565 1467 4612 108.
1492 4579 1533 4612 c.
1554 4565 1630 4611 12.
1666 4568 1718 4612 et
1742 4563 1882 4626 Disp.
1903 4566 2011 4613 110.
2047 4580 2088 4613 c.
2108 4567 2152 4614 2.
2185 4579 2234 4613 n.
2257 4566 2332 4614 10.
2361 4572 2413 4615 ot

262 4638 277 4659 ¹
314 4630 420 4692 [Cf.
448 4629 700 4693 vasquez,
736 4629 799 4679 de
827 4627 979 4678 Cultu
1005 4628 1269 4680 Adoratio·
1356 4628 1481 4678 alibi
1505 4628 1704 4692 saepius.
1746 4628 1822 4679 ed.
1851 4628 2094 4692 lugoldst.
2123 4630 2293 4690 1610.]
