3165 4959
387 2110 687 2176 [cardinali-

384 2179 488 2225 tius
513 2177 668 2226 fastus

385 2255 417 2289 a
439 2241 640 2303 regibus

384 2319 607 2354 coercen-

386 2369 517 2433 dus,]

472 3751 604 3819 109

720 326 845 387 142
1085 372 1095 383 .
1339 343 1424 389 An
1468 340 1849 390 omnum
1892 338 2288 387 nmimw

714 494 1129 558 Navarrenus
1158 517 1358 580 regno
1389 504 1621 561 exutus
1642 507 1686 576 ⁸,
1718 496 2076 561 Galliarum
2108 496 2318 576 Reges
2348 491 2622 555 fulmine
2652 490 2829 570 tacti,
2854 498 2922 554 et

714 599 1148 662 semiustulati
1165 598 1230 683 δίς
1282 600 1745 683 Hispaniarum
1792 599 1957 684 Regi
1987 598 2191 662 telum
2227 598 2646 673 intentatum,
2679 601 2745 658 et
2782 596 2923 678 jam

707 702 974 786 jamque
1004 704 1421 782 mittendum,
1446 705 1573 768 nisi
1610 706 1829 767 Sixtus
1861 703 2158 786 spiritum
2191 701 2546 764 emisisset:
2596 700 2923 764 Omniane

713 807 853 871 haec
869 814 1205 888 paternam
1234 815 1294 872 et
1312 810 1702 890 pastoralem
1733 809 2169 870 auctoritatem
2199 805 2579 890 spirabant?
2650 804 2922 868 Nihilne

714 911 782 973 in
830 910 933 973 his
987 911 1365 993 cle-§poticam
1384 913 1417 973 ,9
1493 910 1671 977 Quid
1725 910 1924 973 durus
1974 910 2230 991 despota
2291 908 2611 992 mancipio
2657 907 2918 986 faceret,

716 1036 910 1097 quam
972 1015 1146 1097 quod
1214 1014 1582 1080 Alexander
1641 1014 1969 1078 Friderico
2033 1015 2242 1098 primo
2271 1016 2301 1077 ⁴?
2391 1015 2723 1078 Tamenne
2768 1015 2924 1093 pius

701 1119 946 1198 pater?
1035 1117 1213 1184 Quid
1243 1118 1434 1201 lupus
1465 1117 1875 1200 vespertinus
1905 1116 2170 1181 misellae
2206 1116 2491 1195 oviculae,
2525 1137 2716 1198 quam
2748 1115 2925 1197 quod

716 1220 1141 1284 Innocentius
1173 1219 1293 1285 IV.
1330 1220 1656 1285 Friderico
1689 1221 1864 1284 11.⁶?
1961 1221 2293 1284 Tamenne
2331 1219 2675 1303 praeclarus
2719 1219 2924 1282 oviam

715 1330 923 1387 eustos
943 1327 977 1387 ,Ρ

780 1433 926 1492 Quod
960 1435 1116 1484 etiam
1151 1434 1259 1485 Rex
1292 1435 1382 1494 ait,
1416 1433 1482 1483 ad
1518 1448 1677 1497 reges,
1711 1438 1769 1483 ut
1801 1433 1897 1483 Dei
1933 1433 1989 1482 in
2016 1433 2164 1482 terris
2189 1432 2432 1495 Vicat-io&
2466 1431 2718 1496 pertinere
2749 1446 2923 1481 curam

843 1514 1068 1575 videndi,
1114 1514 1366 1579 quomodo
1411 1519 1517 1564 tam
1572 1515 1798 1565 insolens
1838 1515 2211 1564 incrementum
2257 1513 2607 1564 Cardinalitiae
2650 1513 2925 1574 dignitatis

841 1597 1068 1660 coeperit,
1090 1597 1233 1646 nulla
1254 1597 1448 1647 ratione
1467 1596 1679 1647 admitti
1700 1601 1880 1661 potest.
1928 1596 2060 1646 Sunt
2082 1595 2287 1659 quidem
2312 1594 2471 1658 Reges
2494 1594 2724 1645 Ministri
2749 1595 2842 1644 Dei
2867 1596 2924 1644 in

843 1678 1008 1736 terris,
1041 1713 1053 1726 .
1088 1714 1101 1727 .
1138 1713 1151 1726 .
1185 1676 1274 1727 scd
1306 1713 1321 1727 .
1356 1713 1369 1726 .
1406 1713 1418 1726 .
1453 1677 1510 1726 in
1532 1679 1615 1738 iis,
1637 1693 1751 1741 quae
1773 1676 1837 1727 ad
1859 1682 2059 1727 terrena
2080 1682 2131 1726 et
2155 1677 2455 1740 temporalia
2474 1680 2715 1739 spectant.
2783 1674 2923 1725 Nam

843 1757 980 1820 quod
1011 1758 1197 1808 attinet
1231 1757 1297 1806 ad
1329 1758 1620 1822 spiritualia
1651 1763 1704 1808 et
1735 1759 1975 1818 coelestia,
1997 1763 2148 1821 atque
2172 1772 2273 1807 uno
2299 1757 2448 1806 verbo
2469 1757 2535 1808 ad
2557 1756 2925 1818 Ecclesiastico,

843 1836 1038 1887 Vicarii
1062 1837 1160 1887 Dei
1183 1837 1420 1903 Episcopi
1442 1843 1577 1888 sunt.
1612 1875 1626 1888 .
1651 1875 1664 1888 .
1689 1874 1703 1889 .
1739 1839 1807 1888 Et
1828 1853 2057 1888 summus
2080 1839 2316 1889 vicarius
2337 1837 2426 1888 ille
2448 1842 2540 1899 est,
2562 1838 2645 1887 cui
2669 1837 2923 1886 Dominus

840 1918 992 1978 dixit,
1026 1917 1275 1982 ‘Sequere
1310 1918 1426 1980 Me,'
1459 1919 1783 1984 etc—[Bell.
1807 1920 1954 1984 Apol.
1991 1935 2082 1985 pro
2116 1917 2288 1985 Resp.]
2323 1934 2374 1983 p.
2400 1920 2478 1968 40.
2515 1918 2648 1983 [Op.‚
2684 1923 2807 1968 tom.
2831 1920 2922 1969 vii.

840 2000 933 2049 col.
959 2000 1069 2052 727.
1097 1999 1153 2049 Β.
1181 2000 1264 2062 0.]

800 2090 1009 2156 Credo
1054 2099 1271 2155 autem
1305 2092 1668 2157 Cardinali:
1717 2095 1891 2156 haud
1928 2094 2058 2156 alla
2100 2095 2346 2157 ratione
2391 2092 2805 2155 admissurum
2833 2112 2920 2169 se,

709 2199 781 2257 at
828 2194 916 2257 ad
957 2195 1157 2277 Reqes
1216 2214 1368 2258 cura
1407 2198 1752 2278 pertineat,
1807 2197 1883 2259 de
1933 2199 2307 2260 incremento
2367 2201 2477 2258 aut
2536 2196 2921 2258 decremento

717 2298 1167 2362 Cardinalium.
1287 2301 1381 2362 At
1432 2300 1692 2384 quando
1739 2299 1811 2364 id
1867 2301 1962 2364 ita
2025 2300 2235 2364 facere
2286 2299 2496 2362 visum
2550 2298 2785 2361 Caesari
2845 2316 2921 2361 ac

712 2401 1017 2486 Regibus,
1072 2400 1434 2466 Cardinalis
1487 2403 1809 2484 admittat,
1872 2424 1957 2468 an
2013 2426 2166 2483 non,
2217 2422 2604 2487 magnopere
2663 2401 2922 2464 solliciti

708 2528 842 2570 non
874 2512 1085 2570 erunt.
1175 2508 1298 2571 Dei
1329 2508 1649 2573 ministros
1689 2530 1819 2573 esse
1847 2510 2046 2592 Reqes
2084 2511 2152 2572 in
2180 2510 2388 2586 terrie,
2422 2507 2512 2570 ad
2550 2508 2921 2587 temporalia

708 2611 1029 2675 ministros
1069 2631 1219 2687 esse,
1249 2612 1507 2697 utrique
1539 2613 1979 2697 agnoscimus:
2026 2614 2119 2676 At
2149 2611 2444 2696 nunquid
2485 2611 2566 2675 ad
2594 2611 2707 2675 illa
2734 2612 2920 2675 sola?

711 2714 963 2777 Positos
1008 2737 1048 2778 a
1102 2716 1349 2797 Spiritu
1397 2717 1632 2780 Sancto
1675 2717 2022 2799 Epi-scopos
2055 2736 2340 2797 pascere,
2391 2716 2661 2797 adeoque
2706 2736 2922 2798 reyere

706 2817 1062 2882 Ecclesiam
1092 2821 1216 2883 Dei
1246 2820 1466 2883 damas
1487 2847 1507 2882 .·
1556 2821 1669 2884 sed
1698 2820 2015 2904 nunquid,
2046 2823 2209 2884 solos
2236 2820 2427 2885 illos?
2520 2821 2713 2884 Certe
2743 2821 2920 2885 enim

711 2942 952 2986 nomen
979 2921 1410 3009 λειτούργουᾱ,
1437 2946 1678 2989 nomen
1708 2927 2031 2989 Διακόνου
2044 2935 2086 3006 ⁰,
2118 2926 2313 3009 (quod
2341 2933 2690 3010 utrumque
2722 2926 2918 3009 Regi-

710 3024 832 3087 bus
891 3024 1118 3088 tribuit
1170 3027 1540 3109 Apostolus)
1595 3036 1674 3091 ut
1725 3028 2028 3110 Lituryioe
2078 3050 2199 3093 vox
2245 3029 2402 3113 ipsa,
2457 3037 2522 3093 et
2575 3030 2918 3107 Diaconioe,

712 3126 954 3210 aliquid
984 3128 1181 3191 etiam
1222 3136 1454 3193 sonant
1485 3152 1621 3194 non
1650 3133 1963 3210 saeculare,
1998 3132 2241 3214 aliquid
2273 3154 2420 3197 vero
2443 3134 2509 3195 Ε
2514 3134 2916 3216 υαπῃεῖίαιηι.

712 3231 877 3293 Tum
900 3251 1142 3293 nomen
1175 3231 1467 3293 Pastoris
1487 3260 1506 3294 :
1554 3254 1688 3296 non
1720 3242 1938 3297 autem
1970 3236 2329 3315 corporibus
2349 3235 2542 3300 modo
2559 3238 2917 3317 pascendis,

712 3334 1036 3397 animabus
1054 3356 1308 3418 quoque
1330 3361 1344 3398 ε
1383 3337 1527 3399 Nec
1547 3336 1858 3400 abstinuit
1877 3338 1977 3401 vel
1995 3339 2297 3421 Episcopi
2314 3340 2577 3404 nomine
2598 3341 2917 3404 Constan-

709 3438 887 3501 tinus
904 3436 941 3501 f.
1031 3440 1135 3502 De
1171 3440 1420 3502 Summo
1457 3447 1677 3504 autem
1719 3441 1970 3505 Vicario
2014 3464 2204 3526 porro
2238 3442 2725 3508 deliberandum
2753 3445 2917 3510 erit:

710 3544 916 3628 magis
961 3544 1171 3609 adhuc
1218 3544 1297 3608 de
1333 3545 1546 3610 verbis
1578 3546 1847 3628 Sequere
1876 3546 2008 3625 Me,
2042 3568 2185 3630 quae
2221 3548 2600 3612 Christianis
2642 3550 2921 3613 omnibus

713 3654 1113 3732 competunt,
1164 3654 1229 3712 et
1280 3647 1352 3711 in
1398 3648 1633 3731 quibus
1684 3649 2034 3714 Christiani
2085 3650 2277 3714 multi
2336 3652 2530 3735 longo
2580 3651 2921 3718 intervallo

716 3753 1061 3817 Pontifices
1104 3751 1276 3835 ipsos
1316 3752 1732 3817 antecedunt.
1821 3754 1985 3832 Nec,
2017 3754 2087 3817 in
2127 3756 2446 3836 Sequenda
2485 3756 2732 3819 Christo
2772 3764 2921 3820 tan-

714 3863 877 3934 tum,
945 3856 1291 3919 Christiani
1348 3855 1559 3934 multi,
1624 3855 1738 3919 sed
1799 3863 1865 3920 et
1922 3858 1991 3919 in
2037 3858 2377 3939 pascendis
2435 3858 2663 3935 ovibus,
2728 3860 2921 3922 multi

710 3960 1029 4040 Episcopi.
1093 3959 1165 4022 Is
1196 3964 1413 4021 autem
1444 3957 1500 4022 si
1531 3978 1807 4022 crescere
1827 3958 1966 4022 vult
2002 3960 2371 4022 Cardinales
2400 3980 2549 4022 suos
2578 3958 2919 4043 dignitate,

776 4102 798 4125 ⁸
831 4093 987 4159 [Vide
1022 4093 1117 4143 AEl.
1142 4094 1265 4143 Ant.
1290 4092 1516 4143 Nebriss.
1538 4092 1604 4144 de
1626 4093 1771 4145 Bello
1857 4094 1927 4143 xi.
1964 4095 2058 4144 col.
2083 4096 2193 4144 640.
2223 4094 2456 4145 c.-645.
2479 4093 2558 4158 0.]

711 4159 842 4209 Nav.
870 4160 954 4208 lib.
970 4160 1004 4207 i.
1027 4174 1132 4221 cap.
1152 4162 1197 4208 3.
1221 4158 1304 4208 fol.
1325 4159 1486 4208 lxxvi.
1509 4158 1575 4223 ι]
1921 4158 1944 4190 ‘¹
2011 4160 2151 4209 Rom.
2176 4160 2286 4208 xiii.
2312 4162 2356 4209 6.

779 4222 800 4255 δ
846 4223 1002 4288 [Vide
1046 4223 1239 4273 Thumi.
1287 4222 1425 4272 Hist.
1480 4223 1570 4273 lib.
1617 4223 1768 4274 lxxii.
1923 4232 1944 4257 θ
1982 4160 2155 4288 [Rom.
2173 4225 2284 4274 xiii.
2311 4160 2385 4287 4}

710 4302 817 4351 cap.
844 4291 888 4339 6.
923 4292 1044 4337 tom.
1072 4290 1138 4338 iv.
1172 4303 1219 4351 p.
1247 4290 1366 4343 301;
1403 4288 1491 4337 lib.
1516 4303 1626 4338 xcv.
1658 4302 1764 4352 cap.
1924 4288 1941 4320 ¹
1980 4290 2137 4355 [Ἀλλ’
2157 4292 2287 4350 ὑμεῖς
2300 4289 2390 4349 μὲν
2405 4290 2502 4338 τῶν
2519 4291 2630 4339 εἵσω
2646 4290 2734 4348 τῆς
2748 4292 2920 4349 ἔκκλη-

714 4356 790 4401 13.
826 4358 945 4403 tom.
971 4355 1038 4402 iv.
1085 4368 1131 4416 p.
1158 4353 1268 4404 733.
1290 4374 1300 4407 z
1347 4353 1435 4402 lib.
1461 4354 1522 4402 ci.
1559 4367 1664 4416 cap.
1692 4355 1767 4403 14.
1857 4354 1977 4404 aias·
1999 4356 2096 4415 ἐγὼ
2128 4353 2180 4403 δὲ
2201 4357 2299 4404 τῶν
2330 4355 2472 4404 ἐκτὸς
2500 4356 2588 4403 ὑπὸ
2613 4357 2733 4403 Θεοῦ
2754 4362 2921 4404 navec-

712 4421 833 4465 tom.
853 4432 898 4466 v.
924 4432 971 4480 p.
990 4421 1081 4476 665
1120 4418 1208 4467 lib.
1227 4418 1329 4467 eiii.
1353 4433 1459 4483 cap.
1479 4420 1555 4467 12.
1584 4423 1705 4468 tom.
1721 4435 1768 4469 v.
1857 4418 2060 4480 ταμίνος
2095 4418 2355 4470 ἐπίσκοπος
2379 4420 2439 4467 ἃν
2473 4420 2829 4479 σῖην.--Ευεθὶ).
2857 4420 2921 4470 de

710 4493 758 4541 p.
788 4481 928 4543 140.]
1860 4484 1985 4535 Vita
2007 4484 2177 4534 Const.
2202 4484 2292 4535 lib.
2317 4484 2384 4533 iv.
2409 4498 2515 4548 cap.
2539 4486 2617 4533 24.
2641 4499 2689 4549 p.
2711 4484 2850 4549 638]

776 4550 795 4572 ⁶
832 4544 989 4607 [Vide
1013 4545 1162 4595 Cone.
1180 4545 1614 4609 Lugd.i.—Conc.
1645 4552 1769 4598 tom.
