3165 4959
1188 350 1275 399 AD
1318 351 1672 400 mercam.
2372 337 2543 400 xxvii

325 501 742 587 disponendis
786 502 979 567 rebus
1029 504 1304 588 Regum,
1350 513 1419 569 et
1471 506 1869 588 Regnorum,
1897 505 2026 588 'jus
2069 503 2538 590 arbitriumque

326 606 650 685 Pontifici,
680 627 876 688 supra
916 606 1135 689 Reges,
1167 606 1628 671 deferendum:
1677 607 1829 687 sive,
1860 614 1936 671 ut
1965 608 2180 689 Papoe,
2225 630 2340 691 per
2369 611 2537 674 Cen-

326 729 581 771 suram:
629 708 764 772 sive
810 708 1006 772 etiam
1054 708 1219 773 citra
1267 729 1630 787 censuram,
1680 718 1757 774 ut
1803 710 2095 791 Principi
2148 711 2516 793 spirituali.
2508 714 2539 761 θ

330 810 435 874 Sic
481 831 661 894 ergo,
712 811 1051 891 gradatim,
1104 810 1471 895 iterumque
1522 812 1707 896 quasi
1776 813 2139 877 methodice
2199 822 2535 897 provectae‚

325 914 496 978 circa
532 936 674 978 rem
707 914 1080 998 Religionis,
1114 915 1600 980 Controversiae.
1691 916 1775 980 In
1805 916 2105 980 omnibus
2135 918 2342 981 nostri
2369 925 2536 982 tem-

326 1018 521 1100 poris,
573 1017 815 1133 primas
860 1024 1090 1082 tenent
1134 1017 1265 1081 illae
1311 1017 1392 1082 de
1435 1018 1773 1082 Ecclesia:
1844 1019 1929 1082 In
1975 1019 2078 1083 his
2124 1019 2204 1083 de
2246 1021 2537 1085 Ecclesia

326 1120 494 1183 nihil
540 1121 748 1204 magis
783 1119 1112 1204 quaeritur,
1151 1142 1344 1204 quam
1384 1121 1465 1185 de
1502 1142 1739 1185 summo
1771 1122 2079 1204 Pontifice
2104 1149 2122 1185 :
2171 1123 2256 1186 In
2298 1124 2424 1188 hoc
2454 1124 2534 1190 de

330 1222 657 1304 Pontifice,
703 1223 871 1286 nihil
900 1222 1124 1306 magis,
1157 1245 1351 1308 quam
1381 1224 1462 1288 de
1486 1232 1804 1306 potestate
1831 1247 2025 1309 quam
2055 1225 2358 1291 vindicat.
2448 1228 2534 1292 In

326 1327 448 1391 hac
476 1327 615 1410 ipsa
644 1326 919 1410 denique
945 1332 1283 1407 potestate,
1315 1327 1595 1391 maxime
1632 1329 1772 1411 jam
1815 1328 2135 1392 incumbit
2179 1328 2271 1392 rei
2314 1330 2533 1394 Chris-

329 1430 541 1508 tianae,
574 1450 717 1513 quae
746 1437 849 1493 est
877 1429 958 1493 de
986 1429 1170 1493 rebus
1198 1430 1436 1512 Reyum
1466 1431 1928 1512 temporalibus.
2020 1431 2151 1494 Hic
2187 1432 2327 1515 jam
2371 1454 2533 1516 apex

329 1533 928 1598 Controversiamm
979 1540 1099 1612 est,
1132 1555 1405 1617 quarum
1449 1556 1528 1599 ex
1571 1535 1753 1599 omni
1803 1534 2189 1618 antiquitate
2229 1537 2533 1602 collectus

327 1638 608 1721 impetus
638 1637 710 1701 in
730 1644 1016 1701 nostram
1047 1643 1308 1701 aetatem
1336 1636 1741 1702 redundavit.

415 1742 611 1804 Hanc
650 1742 719 1803 in
755 1740 1218 1821 Temporalibus
1254 1746 1655 1821 potestatem,
1707 1761 1900 1823 quam
1948 1739 2071 1805 sibi
2122 1741 2319 1806 sumit
2359 1743 2530 1807 Pon-

325 1843 501 1921 tifex,
535 1863 657 1926 ope
687 1843 730 1906 J
733 1842 1002 1906 esuitica
1038 1842 1287 1907 radices
1334 1850 1557 1906 nostra
1601 1843 1722 1908 hac
1766 1852 1956 1908 aetate
1999 1844 2072 1907 in
2116 1844 2528 1928 opinionibus

327 1947 668 2011 hominum
728 1946 922 2009 altius
981 1952 1300 2029 agentem,
1349 1944 1543 2008 latius
1592 1955 2029 2030 propagatam,
2083 1948 2346 2031 jamque
2396 1970 2530 2013 non

324 2050 596 2114 obscure
624 2049 1050 2113 fundamenta
1075 2049 1257 2112 Juris
1285 2048 1471 2131 Reyii
1498 2049 1797 2133 pacisque
1825 2048 2098 2133 publicae
2141 2049 2527 2115 labefactan-

325 2161 481 2231 tem,
542 2152 838 2217 nondum
890 2151 1494 2232 animadverterant,
1557 2161 1673 2217 aut
1722 2161 1894 2218 certe
1943 2154 2363 2237 neglexerant
2413 2154 2527 2219 ali-

324 2256 635 2339 quandiu,
669 2255 1000 2338 Principes
1031 2255 1405 2320 Christiani.
1496 2257 1770 2340 Jamque
1802 2258 1878 2320 de
1913 2256 2050 2338 fide
2078 2278 2234 2337 esse,
2266 2265 2333 2321 et
2360 2257 2531 2322 inter

323 2360 648 2443 praecipua
687 2359 838 2422 fidei
874 2357 1105 2442 Capita
1143 2359 1390 2423 censeri
1432 2367 1749 2443 coeperat:
1813 2361 2029 2437 Unde,
2082 2361 2248 2444 siqui
2283 2361 2530 2445 judicio

324 2463 635 2542 valerent,
676 2462 799 2526 hoc
840 2461 1105 2527 nomine
1134 2461 1364 2542 territi,
1395 2462 1937 2528 conticescerent:
1985 2464 2075 2529 Et
2104 2463 2261 2528 dum
2305 2464 2529 2529 Haere·

323 2566 439 2630 tici
485 2565 709 2634 audire
753 2573 1137 2644 metuerent,
1184 2565 1521 2630 veritatem
1572 2566 1837 2631 interim
1893 2567 2157 2632 haeresis
2205 2567 2531 2632 calumnia

323 2668 708 2752 praegravari
746 2669 1052 2732 sinerent.

414 2771 545 2835 Sed
591 2772 729 2835 haec
767 2772 946 2854 prius
991 2771 1194 2836 fuere.
1285 2772 1328 2835 J
1333 2793 1436 2835 am
1482 2771 1753 2835 detectae
1795 2771 2078 2850 fraudes,
2109 2771 2330 2836 detriti
2373 2772 2526 2853 fuci,

326 2894 595 2938 excussa
643 2875 839 2953 larva,
893 2882 1115 2957 aperta
1160 2894 1377 2938 rerum
1428 2873 1643 2938 facies.
1735 2872 1937 2936 Nuda
1983 2873 2056 2936 in
2113 2875 2527 2957 propatulum

327 2977 641 3059 producta
690 2976 925 3054 omnia,
977 2997 1169 3040 causa
1215 2997 1365 3041 cum
1411 2997 1608 3040 causa
1653 2975 2080 3059 componitur.
2172 2977 2527 3061 Nunquam

328 3080 558 3143 animis
605 3087 720 3143 aut
749 3077 1086 3144 conatibus
1136 3077 1345 3163 magis
1387 3079 1697 3163 utrinque
1741 3085 2081 3145 certatum.
2172 3081 2317 3145 Nec
2347 3081 2527 3147 deest

328 3203 655 3246 successus
684 3189 1120 3266 exspectatus:
1156 3182 1354 3262 Quin,
1387 3183 1692 3265 explosa
1667 3205 1806 3300 jam
1836 3184 2157 3268 plerisque
2185 3185 2323 3249 haec
2353 3186 2527 3250 Pon-

327 3285 516 3349 tificis
563 3283 850 3364 ambitio,
882 3293 949 3349 et
994 3286 1239 3369 injusta
1280 3286 1323 3349 J
1325 3307 1458 3349 uns
1503 3308 1640 3360 non
1685 3287 1786 3350 sui
1829 3287 2183 3372 usurpatio.
2277 3288 2529 3354 Quibus

326 3389 527 3452 haeret
569 3388 780 3451 adhuc
824 3388 1062 3471 alioqui
1105 3387 1406 3452 nonnihil
1437 3388 1517 3452 de
1556 3388 1877 3461 fermento
1922 3390 2298 3467 Pontificio:
2331 3391 2528 3454 etiam

326 3490 731 3572 Principibus
758 3490 934 3574 ipsis,
966 3498 1032 3555 et
1061 3492 1453 3571 Monarchio,
1485 3491 1596 3555 lux
1624 3514 1790 3556 nova
1819 3493 2085 3557 exoriri:
2141 3492 2314 3557 unde
2343 3492 2529 3556 facile

325 3595 367 3657 J
370 3616 491 3657 ura
523 3595 775 3677 Sceptri
805 3600 872 3658 et
892 3595 1044 3677 jura
1073 3593 1367 3659 Clavium
1398 3594 1861 3660 internoscant-

412 3697 618 3761 Nefas
644 3697 753 3762 hic
783 3697 1042 3762 silentio
1070 3696 1384 3780 praeteriri
1411 3698 1751 3762 Auctorem
1790 3699 1983 3781 hujus
2012 3696 2182 3761 tanti
2210 3695 2525 3777 beneficii,

324 3804 595 3865 Aurorae
636 3809 874 3864 nostrae
919 3801 1372 3881 Pho-ephorum,
1423 3801 1663 3864 Ducem
1711 3807 1902 3883 atque
1949 3800 2285 3881 Auspicem
2335 3798 2527 3883 hujus

323 3904 808 3982 Controversiae,
889 3904 1384 3982 Sereniseimum,
1463 3903 2087 3985 Potentissimumque
2171 3903 2529 3984 Principem

321 4006 625 4070 Iacobum
683 4006 940 4088 Maynae
968 4006 1322 4069 Britannica
1355 4004 1590 4089 Reyem
1614 4034 1633 4068 .-
1681 4005 1811 4089 qui,
1842 4005 2086 4088 primus
2129 4005 2300 4070 facto
2329 4007 2528 4089 scrip-

323 4118 519 4191 toque
550 4109 593 4172 J
595 4130 671 4171 us
716 4130 905 4172 suum
955 4108 1113 4187 Sibi,
1164 4110 1525 4192 Secumque
1567 4129 1721 4186 una,
1754 4114 1821 4172 et
1863 4108 2125 4191 reliquis
2162 4107 2524 4171 vindicavit.

328 4211 619 4275 Debetur
663 4211 774 4275 Illi
816 4211 940 4276 hoc
983 4211 1246 4275 nomine
1282 4233 1321 4274 a
1350 4210 1760 4295 Principibus
1804 4210 2046 4294 gratia:
2094 4208 2365 4273 debetur
2393 4216 2460 4274 et
2491 4233 2529 4275 a

323 4312 531 4392 nobis,
580 4313 812 4397 quibus
867 4314 1322 4378 Adversarium
1373 4334 1804 4390 communem,
1853 4311 1945 4375 ita
1993 4310 2259 4375 tandem
2311 4311 2529 4377 debel-

324 4416 590 4479 landum
637 4416 923 4497 tradidit,
955 4423 1032 4480 ut
1080 4417 1361 4480 eundem
1413 4416 1565 4498 Ipse
1613 4415 1791 4499 prius
1843 4414 2172 4479 lethaliter
2219 4416 2526 4494 saucium,

326 4527 393 4582 et
440 4520 888 4583 semianimem
936 4518 1306 4602 reliquerit:
1355 4539 1672 4602 quemque
1724 4516 1889 4588 fudit
1943 4518 2115 4602 Ipse,
2162 4517 2528 4600 fugavitque
