3165 4959
709 330 838 390 332
1340 343 1421 388 AD
1467 341 1849 389 mimmius
1893 339 2293 390 BELLAnmNJ

708 500 907 561 nostri
958 500 1241 579 opinione
1293 519 1683 579 corrumpere
1700 526 1722 570 ;
1770 504 1830 561 et
1880 500 2051 561 ultra
2098 499 2545 582 Evanyelicam
2590 502 2928 563 veritatem

706 600 997 681 opium-it.

797 705 1252 788 HieronymuS,
1284 705 1394 787 qui
1424 704 1761 782 secundus,
1793 725 1914 768 nec
1946 704 2025 768 de
2055 705 2203 769 Elia
2233 704 2388 769 satis
2415 713 2649 769 certus,
2742 707 2928 770 Mihi

705 829 788 871 ne
819 807 1037 871 credat
1066 808 1287 885 lector,
1321 808 1540 871 credat
1573 809 1894 890 Ruperto:
1939 807 2036 870 De
2064 808 2359 870 Adventu
2388 808 2554 871 Eliae
2582 810 2924 891 quicquam

706 909 963 991 definire
992 931 1114 972 non
1144 912 1364 988 ausim,
1408 912 1496 992 (et
1534 910 1658 974 hoc
1687 918 1835 994 post
1865 932 2067 974 annos
2099 911 2237 995 jam
2264 911 2440 974 mille
2473 932 2640 994 pene
2670 911 2924 976 ducen-

705 1014 831 1095 tos)
869 1015 1016 1095 quia
1059 1014 1345 1076 videlicet
1377 1014 1719 1077 Doctorum
1764 1014 1898 1090 alii,
1931 1013 2152 1095 quibus
2192 1035 2399 1077 omnes
2414 1014 2564 1096 fere
2605 1020 2921 1079 consenti-

704 1138 857 1193 mus,
891 1117 1150 1180 eredunt
1178 1137 1314 1179 eum
1350 1117 1438 1179 ad
1465 1118 1712 1179 literam
1739 1122 2082 1193 venturum,
2114 1123 2176 1179 et
2220 1118 2651 1180 restituturum
2682 1122 2918 1197 omnia,

705 1242 782 1283 ao
852 1222 1073 1284 mortis
1145 1220 1416 1283 debitum
1473 1221 1964 1301 persoluturum.
2080 1220 2218 1282 Alii
2290 1240 2434 1282 vero
2498 1241 2914 1303 nequaquam.

595 1328 611 1349 ⁸
711 1325 943 1396 Quibus
984 1326 1084 1387 vir
1121 1324 1390 1387 illustris
1424 1324 1502 1385 B.
1523 1324 1946 1404 Hieronymus
1990 1325 2335 1385 consentire
2377 1324 2641 1401 videtur,
2675 1325 2917 1401 dicens,

710 1428 1073 1509 Quanquam
1116 1427 1295 1488 multi
1339 1432 1483 1488 sunt
1527 1427 1716 1488 etiam
1761 1432 2132 1503 nostrorum,
2179 1427 2285 1507 qui
2335 1426 2595 1489 eredunt
2636 1448 2779 1489 eum
2827 1429 2924 1489 ad

704 1532 951 1593 literam
996 1538 1336 1607 venturum,
1381 1530 1469 1614 [et
1518 1532 1883 1593 restiturum
1933 1530 2196 1613 omnia,]
2242 1551 2319 1593 ac
2363 1532 2583 1593 mortis
2635 1531 2916 1593 debitum

689 1637 1174 1716 persoluturum.
1271 1635 1571 1696 Caeterum
1594 1634 1897 1696 Dominus
1925 1634 2349 1715 interrogatus
2378 1633 2458 1695 ab
2473 1634 2804 1714 Apostoli-s
2834 1635 2916 1696 de

703 1737 968 1799 adventu
998 1738 1180 1815 Elioe,
1211 1738 1550 1819 respondit,
1586 1742 1603 1771 ‘
1625 1737 1810 1798 Elias
1836 1737 1982 1817 jam
2024 1737 2211 1813 venit,
2245 1742 2313 1798 at
2342 1757 2464 1799 non
2493 1744 2914 1819 coynoverunt

701 1840 880 1917 eam,'
914 1888 929 1902 .
966 1888 979 1902 .
1013 1887 1029 1902 .
1062 1841 1365 1903 Joannem
1420 1842 1488 1901 in
1543 1840 1726 1902 Elia·
1750 1840 1957 1902 volens
2004 1838 2287 1919 iutelliyi.
2325 1886 2341 1901 .
2378 1885 2393 1901 .
2427 1885 2445 1901 .
2490 1839 2914 1902 Veruntamen

701 1941 826 2002 sive
864 1942 1063 2021 ipsam
1092 1942 1257 2004 Elioe
1272 1962 1631 2023 personam,
1662 1942 1790 2004 sive
1827 1947 1899 2003 ut
1928 1941 2041 2003 alii
2079 1942 2309 2018 volunt,
2333 1941 2731 2021 prophetiam
2748 1961 2910 2021 pro-

454 2052 589 2119 240
699 2044 866 2105 mitti
912 2044 1112 2126 mayis
1144 2065 1354 2106 veram
1395 2045 1479 2106 sit
1497 2052 1547 2122 ¹¹,
1597 2053 1700 2129 (gc.
1794 2044 1956 2107 Haec
1994 2046 2322 2127 Rupertus
2367 2042 2447 2106 de
2479 2042 2905 2127 HieronymO,

696 2165 816 2207 nec
845 2145 980 2228 ipse
1018 2153 1159 2209 tum
1183 2138 1408 2209 'certus
1438 2145 1517 2209 de
1547 2153 1758 2210 vestro
1798 2146 1923 2210 hoc
1964 2147 2058 2229 (ut
2087 2145 2360 2227 videtur)
2402 2146 2567 2208 Eliae
2611 2146 2906 2210 aduentu.

695 2249 786 2311 At
837 2249 1240 2332 Bulengerus
1285 2256 1494 2312 vester
1544 2248 1615 2312 in
1663 2249 2139 2333 Hieronymum
2197 2248 2395 2312 etiam
2452 2249 2733 2332 iniquior
2780 2258 2905 2314 est.

698 2353 948 2432 Quodsi,
970 2353 1079 2430 ait,
1100 2353 1516 2435 Hieronymus
1538 2352 1769 2415 alicubi
1790 2352 1864 2413 id
1880 2372 2137 2434 neyasse
2163 2352 2429 2431 videtur,
2460 2352 2558 2435 (ut
2578 2353 2644 2415 in
2675 2359 2907 2434 quarto

690 2478 827 2538 cap.
859 2457 1200 2521 Malachiae
1232 2457 1508 2521 scribens
1539 2457 1608 2520 in
1637 2457 1798 2519 hunc
1825 2456 2091 2535 modum,
2125 2455 2362 2519 ‘Judaei
2390 2461 2451 2518 et
2484 2455 2906 2520 Judaizantes

690 2561 965 2625 haeretici
996 2563 1207 2625 dicunt
1236 2562 1453 2623 Eliam
1480 2561 1844 2639 venturum,'
1879 2560 2039 2645 &c.¹)
2074 2560 2208 2641 eim
2236 2581 2358 2622 non
2388 2560 2550 2622 tanti
2595 2560 2698 2621 hic
2726 2560 2905 2622 nobis

691 2665 865 2727 debet
923 2685 1053 2728 esse
1105 2666 1468 2742 auctorita-5,
1529 2670 1620 2741 ut,
1676 2664 1945 2725 Patrum
2003 2664 2284 2744 neglecta
2342 2662 2703 2739 traditione,
2765 2664 2904 2744 ejus

689 2789 1020 2849 sequamur
1047 2769 1416 2832 sententiam
1434 2778 1481 2830 Υ.
1546 2766 1675 2830 Sed
1702 2766 1944 2829 fatetur
1972 2772 2194 2828 tamen
2223 2766 2320 2847 (ut
2340 2764 2540 2847 vides)
2572 2765 2898 2850 Hierony-

690 2894 872 2934 mum
904 2872 983 2936 de
1011 2879 1221 2935 vestro
1253 2873 1521 2934 Patrum
1556 2870 1854 2951 Cataloqo
1887 2868 2166 2952 expungi
2210 2875 2524 2951 oportere.
2616 2869 2897 2932 Lactan-

689 2973 821 3036 tius
867 2973 960 3037 ibi
1009 2995 1130 3038 nec
1181 2974 1394 3037 Eliam
1445 2973 1757 3051 nominat,
1807 2993 1930 3035 nec
1981 2971 2345 3035 Enochum.
2394 2971 2899 3054 chrysostomus

687 3097 879 3158 porro
932 3084 998 3139 et
1063 3076 1396 3158 Origenes,
1442 3075 1904 3152 TheodoretuS,
1947 3082 2014 3138 et
2067 3073 2418 3137 Primasius
2481 3073 2561 3137 de
2624 3075 2897 3138 Enocho

688 3198 910 3239 omnes
967 3177 1178 3240 silent.
1286 3176 1692 3261 Augustinus
1750 3178 2045 3241 nominat
2106 3176 2387 3260 quidem,
2449 3176 2561 3239 sed
2617 3198 2752 3240 non
2811 3177 2896 3241 ab

687 3279 1088 3342 Antichristo
1118 3279 1555 3343 occidendum.
1732 3359 1747 3372 ·

772 3383 1005 3466 Neque
1050 3403 1198 3447 vero
1243 3383 1313 3446 in
1364 3383 1460 3461 iis,
1514 3404 1674 3466 quos
1728 3383 1808 3447 de
1859 3391 2137 3467 utroque
2184 3385 2375 3448 simul
2418 3384 2683 3467 profert,
2733 3385 2893 3448 satis

686 3487 969 3550 succedit
1013 3486 1359 3551 cardinali.
1469 3487 1648 3551 Nam
1695 3488 2093 3584 Hippolytus
2137 3510 2254 3572 pro
2300 3487 2556 3551 duobus
2592 3495 2728 3551 tres
2779 3489 2892 3552 ad-

686 3589 884 3670 ducit,
947 3592 989 3653 J
993 3612 1269 3654 oannem
1328 3612 1582 3675 nempe,
1642 3599 1879 3674 praeter
1929 3591 2096 3669 illos,
2165 3592 2553 3674 steoloynm,
2627 3591 2896 3672 (rectius

747 3780 763 3810 ²
812 3777 953 3843 [fflt
995 3783 1239 3841 quantum
1282 3777 1469 3826 sentire
1511 3792 1576 3826 ex
1618 3775 1743 3838 ipsis
1830 3776 1898 3823 tri
1927 3775 2166 3836 opinione
2189 3790 2505 3839 corrumpere
2520 3792 2535 3834 ;
2566 3789 2731 3838 noque
2763 3776 2892 3825 alios

684 3843 973 3905 Evangeliis
1016 3845 1150 3902 licet,
1194 3844 1250 3892 in
1298 3857 1455 3903 regno
1500 3841 1741 3891 coelorum
1827 3845 2066 3889 venturos
2115 3842 2421 3900 existimare,
2476 3855 2627 3904 quam
2683 3842 2770 3903 qui
2822 3841 2891 3890 ad

684 3907 850 3957 Moses
871 3914 923 3957 et
946 3908 1083 3958 Elias
1104 3907 1411 3957 assidebunt.
1436 3941 1449 3954 .
1472 3943 1485 3954 .
1514 3943 1526 3956 .
1558 3905 1627 3954 Et
1650 3904 1741 3953 hos
1826 3905 2147 3966 sponsionem
2202 3905 2321 3955 fidei
2374 3906 2568 3954 venisse
2632 3907 2888 3968 conspecti

682 3973 886 4035 quidem
923 3972 1123 4022 eosdem
1158 3972 1426 4035 prophetas
1460 3970 1586 4019 duos
1618 3984 1740 4033 proe-
1825 3973 1958 4017 sunt.
2045 3969 2113 4018 Et
2145 3984 2431 4033 quanquam
2465 3970 2600 4019 ultra
2625 3969 2894 4032 Evangeli-

682 4040 940 4087 vonientes
967 4038 1241 4087 adventum
1275 4035 1398 4099 Ejus
1419 4050 1523 4085 esse
1555 4034 1740 4083 intelli·
1826 4035 2215 4084 canivet-itatem
2231 4050 2334 4084 non
2348 4048 2547 4084 neeesse
2561 4035 2631 4082 sit
2644 4035 2890 4097 opimri‚”

679 4103 862 4164 gimus.
900 4117 1025 4165 quos
1053 4101 1382 4165 Apocalypsis
1418 4099 1632 4149 somnis
1674 4099 1739 4147 ab
1826 4099 2026 4148 δια-»8.
2055 4099 2162 4149 Hil.
2206 4099 2332 4149 Pict.
2364 4099 2581 4163 Comm]
2611 4099 2668 4148 in
2699 4099 2889 4150 Matth.

681 4168 1000 4217 Antichristo
1050 4166 1370 4230 perimendos
1422 4179 1528 4214 esse
1581 4163 1736 4222 dicit;
1824 4178 1931 4227 cup.
1968 4179 2055 4213 xx.
2095 4163 2232 4229 [sect.
2275 4167 2351 4215 10.
2391 4164 2503 4227 Op„
2536 4169 2660 4214 tom.
2695 4164 2731 4214 i.
2773 4165 2890 4214 coll.

679 4231 802 4281 licet
832 4232 984 4281 varim
1006 4232 1084 4281 vel
1116 4232 1181 4281 de
1209 4230 1379 4280 Enoch
1404 4230 1483 4279 vel
1513 4229 1575 4278 de
1604 4228 1738 4278 Jere-
1825 4227 1936 4280 768.
1961 4228 2022 4277 D.
2047 4230 2160 4281 769.
2183 4228 2269 4294 A.]

678 4296 784 4345 mia
804 4297 1136 4359 plurimorum
1152 4295 1736 4358 exstiterintopiniones.
1890 4302 1914 4325 ⁸
1952 4292 2185 4358 [Rupert.
2209 4293 2367 4358 Tuit]
2400 4294 2458 4343 in
2489 4293 2613 4344 Mal.
2635 4292 2702 4344 iv·
2747 4294 2892 4359 [Op.‚

678 4360 812 4422 quod
834 4361 1048 4410 alterum
1071 4375 1242 4412 eorum
1265 4362 1395 4409 sicut
1418 4360 1584 4410 Elium
1608 4360 1738 4408 mori
1824 4362 1947 4408 tom.
1973 4360 2005 4408 i.
2029 4375 2078 4423 p.
2102 4360 2242 4423 984]

679 4429 918 4486 oporteat.
975 4424 1072 4475 Sed
1096 4441 1198 4474 non
1225 4439 1486 4488 possumus
1507 4424 1739 4474 veritatis
1888 4431 1911 4455 ¹
1971 4424 2104 4474 Vide
2125 4426 2271 4480 infra,
2296 4438 2347 4487 p.
2373 4424 2487 4473 334.
2507 4427 2612 4473 not.
2635 4422 2687 4487 ἦ]

677 4489 845 4544 fidem,
891 4504 1040 4551 quam
1098 4490 1349 4539 Dominus
1392 4490 1555 4539 tribus
1598 4504 1740 4552 supe·
1887 4497 1909 4528 5
1989 4489 2120 4538 Petr.
2153 4489 2489 4553 Bulengerus]
2525 4491 2582 4538 in
2605 4492 2761 4552 Apoc.
2796 4490 2892 4540 lib.

678 4552 893 4599 rioribus
918 4553 1130 4602 testibus
1152 4554 1408 4612 revelavit,
1432 4569 1606 4604 sensus
1629 4569 1735 4604 nos·
1823 4554 1894 4603 iii.
1927 4555 2032 4605 Vis.
2061 4557 2104 4604 3.
2135 4555 2245 4618 [sol.
2272 4558 2382 4605 305.
2405 4570 2450 4605 a.
2478 4554 2634 4605 Paris.
2660 4554 2836 4617 losa]
