3165 4959
949 356 1315 407 stomoma
1360 358 1723 406 nnsronsm.
2354 348 2435 407 19

218 517 426 580 nostri
472 516 788 594 homineS,
845 515 1127 594 Ordinis,
1177 517 1354 594 Loci,
1406 517 1824 593 Praestantiae,
1872 516 1927 577 is
1979 515 2059 578 ad
2105 515 2433 579 Pontificis

220 619 631 684 stomachum
678 640 814 683 non
854 626 953 682 est
976 644 996 696 5
1044 618 1298 702 gracilis
1341 618 1551 697 nimis,
1585 625 1651 681 et
1691 618 2072 682 macilentus
2117 618 2433 700 primatus

219 724 345 787 ille.
458 724 707 801 Alium,
752 743 987 806 nempe
1046 722 1563 801 Monarchicum,
1627 723 1860 806 spirat3
1926 721 2138 800 aliam,
2199 743 2432 806 nempe

219 826 538 891 visibilem
577 828 649 890 in
689 828 877 891 terris
918 827 1387 906 Monarchiam,
1442 825 1796 890 moliuntur
1842 827 1936 889 illi
1985 826 2329 905 Sanderus,
2367 836 2433 891 et

220 932 624 1009 Cardinalis3
670 934 855 1016 cujus
912 932 1154 1015 absque
1202 952 1313 1015 spe
1364 931 1548 1010 foret,
1608 931 1873 1014 frigeret
1930 931 2057 994 illis
2108 931 2433 996 Primatus

225 1036 424 1098 Petri.
513 1036 673 1099 Non
695 1035 1119 1100 dissimulavit
1148 1036 1270 1100 hoc
1290 1035 1669 1114 CardinaIiS,
1694 1036 1917 1114 Pasce,
1948 1035 2179 1118 inquit,
2210 1036 2279 1099 id
2308 1045 2430 1114 est,

225 1140 421 1221 Reyio
449 1159 621 1202 more
648 1137 933 1220 imperas.

306 1244 502 1310 Quod
543 1244 599 1307 si
643 1244 725 1307 ad
757 1243 1140 1308 Pontificem
1177 1244 1273 1307 ita
1308 1264 1441 1327 prae
1483 1243 1622 1306 aliis
1649 1244 2000 1327 pertineret
2032 1244 2112 1307 de
2144 1245 2426 1322 Ovibus3
2461 1259 2577 1323 [nec
2599 1259 2664 1308 ad
2689 1274 2758 1309 re-

223 1349 279 1412 si
308 1349 633 1432 singulare
661 1350 722 1412 ei
754 1348 908 1432 quid
936 1349 1005 1411 in
1046 1349 1360 1412 Pastorali
1399 1349 1520 1413 hoc
1551 1349 1729 1413 Petri
1772 1354 2130 1432 praecept03
2179 1351 2432 1414 cederet
2458 1325 2725 1439 {33³1}ss-

223 1452 305 1515 de
332 1452 617 1535 primatu
659 1451 803 1530 hoc,
836 1450 947 1534 qui
984 1458 1084 1515 tot
1119 1451 1345 1515 turbas
1386 1451 1582 1529 dedit,
1617 1460 1683 1515 et
1725 1451 2075 1534 tragoedias
2116 1453 2432 1532 excitavit,
2460 1453 2594 1516 dos]

222 1576 338 1638 per
364 1554 807 1618 Christianum
846 1552 1108 1631 Orbem,
1165 1554 1325 1638 (jam
1369 1554 1523 1617 inde
1577 1553 1658 1617 ab
1709 1553 2158 1618 Hildebrando
2211 1556 2429 1638 Papa,)

222 1658 336 1742 qui
387 1657 581 1722 toties
627 1657 864 1723 collisit
921 1657 1096 1722 inter
1142 1678 1211 1721 se
1267 1658 1512 1740 Regna,
1559 1657 1756 1721 toties
1804 1658 2016 1740 Reges
2059 1658 2433 1738 mulctavit;

220 1762 581 1825 etiamnum
610 1760 853 1825 Caesari
890 1759 1209 1837 imminet,
1248 1767 1315 1823 et
1355 1759 1799 1843 Principibus:
1846 1781 1961 1843 per
2002 1781 2191 1844 quem
2233 1762 2326 1841 fit,
2357 1772 2434 1826 ut

220 1884 367 1946 quae
394 1863 507 1946 pia
532 1870 742 1926 mater
756 1882 897 1926 esse
914 1861 1136 1925 debuit
1155 1861 1460 1940 Ecclesia,
1493 1883 1570 1925 ea
1594 1862 1831 1926 Caesari
1852 1869 1919 1925 et
1950 1863 2235 1946 Regibus
2266 1864 2435 1928 facta

220 1968 307 2031 sit
334 1968 410 2030 in
440 1987 803 2031 novercam.

304 2071 430 2134 Est
482 2070 556 2133 in
604 2069 874 2133 historia
916 2069 1218 2153 Abgarus
1265 2070 1405 2133 Rex
1423 2080 1449 2121 ⁸
1462 2095 1477 2133 ε
1525 2072 1617 2149 Is,
1656 2071 1908 2139 vivente
1962 2072 2172 2136 adhuc
2219 2073 2431 2150 Petro,

215 2172 471 2239 Christi
501 2173 697 2237 fidem
727 2194 877 2236 cum
907 2172 1039 2236 suis
1069 2173 1418 2256 suscepisse
1447 2174 1842 2257 perhibetur.
1929 2176 2120 2239 Dicat
2151 2177 2433 2260 ingenue

217 2276 623 2353 cardinalis3
670 2276 973 2358 Abgarus
1016 2277 1177 2354 Rex,
1228 2276 1281 2339 si
1324 2277 1394 2338 in
1436 2276 1736 2340 haeresim
1766 2284 1909 2342 tum
1948 2278 2114 2341 forte
2157 2278 2434 2361 aliquam

216 2378 576 2458 incidisset,
629 2400 701 2442 re
749 2378 832 2442 ad
881 2380 1149 2441 Petrum
1187 2378 1419 2457 delata,
1458 2380 1690 2462 ecquid
1731 2402 1880 2443 eum
1930 2382 2161 2444 Petrus
2211 2382 2437 2463 Regno

217 2483 606 2561 abdicasset,
636 2481 998 2546 Edessenos
1032 2481 1452 2545 Sacramento
1492 2483 1782 2546 solvisset
1801 2486 1830 2546 Ῥ
1905 2484 2159 2567 Ecquid
2187 2492 2439 2548 tentare

218 2586 345 2649 hoc
385 2585 510 2649 sibi
538 2585 635 2648 fas
680 2592 988 2668 putasset,
1019 2585 1101 2674 *vi
1137 2585 1498 2663 verborum,
1553 2587 1757 2649 Pasce
1788 2608 1929 2650 oves
1951 2590 1984 2650 .?
2074 2590 2334 2651 Poterat
2375 2597 2443 2651 et

216 2692 457 2754 Petrus
484 2690 733 2771 aliquid
768 2691 835 2751 in
881 2690 1211 2769 Principes
1255 2689 1593 2752 Ethnicosh
1638 2691 1959 2770 (Pontifex
1990 2692 2161 2754 enim
2201 2694 2436 2773 potest)

218 2815 343 2858 nec
377 2793 588 2876 magis
627 2794 718 2856 illi
752 2793 917 2855 vires
957 2791 1233 2855 deeranti
1256 2793 1328 2856 in
1358 2795 1690 2856 Neronem
1724 2815 1917 2876 quam
1956 2793 2026 2856 in
2071 2795 2437 2870 Simonem3

228 2900 598 2980 (Neronem
644 2898 1040 2980 Tyrannum,
1084 2917 1277 2979 quam
1326 2897 1658 2960 Simonem
1703 2883 2144 2975 Haereticum.)
2245 2898 2439 2961 Petro
2579 2903 2658 2963 16

218 3003 365 3086 ipso
396 3003 756 3065 etiamnum
788 3001 1150 3084 superstite,
1194 3000 1400 3083 prima
1439 3000 1564 3063 fuit
1610 3000 1729 3064 sub
1761 3001 2025 3065 Nerone
2053 3002 2434 3086 persecutiO,

218 3129 352 3191 qua
406 3106 709 3188 Princeps
755 3104 864 3168 ille
906 3104 1226 3168 Ethnicus
1274 3126 1612 3169 conversos
1653 3105 1733 3169 ab
1764 3106 2075 3189 Apostolo
2119 3107 2202 3170 ad
2241 3108 2433 3171 fidem

223 3210 560 3272 Romanos
601 3229 642 3270 a
669 3208 808 3290 fide
846 3213 1130 3271 avertere
1167 3209 1439 3290 sateyit;
1489 3231 1573 3272 an
1605 3208 1706 3273 vel
1746 3230 1822 3273 eo
1870 3232 2039 3289 casu,
2073 3212 2434 3293 Principem

217 3314 405 3375 illum
449 3310 779 3392 infidelem,
829 3301 1138 3374 sententia
1181 3332 1296 3375 sua
1336 3314 1622 3394 privavit
1667 3314 1936 3377 dominio
1969 3317 2136 3397 quod
2170 3317 2435 3379 habebat

215 3437 413 3498 super
435 3413 756 3496 fidelesk?
841 3415 998 3479 Non
1028 3414 1273 3498 opinor.
1367 3417 1635 3480 Factum
1667 3419 1855 3481 male.
1946 3419 2104 3482 Non
2133 3427 2230 3483 est
2259 3420 2433 3483 enim

216 3527 486 3584 secutus
517 3518 878 3585 doctrinam
906 3519 1170 3582 Thomae
1181 3517 1214 3597 ¹,
1237 3541 1429 3602 quam
1454 3520 1827 3585 Cardinales
1859 3528 2238 3605 sequuntur,
2264 3525 2432 3586 Pon-

218 3624 451 3701 tifices,
483 3622 596 3686 ubi
624 3629 916 3706 possunt,
941 3630 1367 3706 exequuntur.
1433 3625 1762 3687 Romanus
1786 3626 2087 3689 Pontifex
2127 3625 2239 3707 (sic
2261 3627 2431 3688 enim

218 3728 351 3792 illis
380 3727 626 3790 scilicet
657 3727 911 3808 Petrus)
946 3726 1018 3789 in
1045 3726 1206 3790 urbe
1239 3728 1466 3806 Roma,
1498 3728 1813 3791 Romanos
1844 3748 1992 3790 suos
2021 3750 2063 3790 a
2092 3727 2229 3808 fide
2259 3749 2433 3790 aver-

219 3838 356 3895 tere
383 3836 776 3912 satayentem
807 3829 1132 3909 sustinuit,
1165 3851 1285 3894 nee
1306 3838 1524 3893 tamen
1549 3830 1799 3893 Primas
1830 3830 1955 3908 hic,
1986 3830 2057 3893 in
2075 3833 2287 3912 primo
2310 3832 2435 3896 hoc

218 3945 358 4000 tam
391 3935 596 3999 atroci
632 3934 918 4014 crimine,
951 3934 1231 3998 exseruit
1253 3935 1605 4016 primatum
1635 3955 1844 3997 suum.
1939 3935 2068 3999 Hic
2108 3919 2435 4001 certamen

220 4041 535 4104 cernitur.
630 4039 760 4102 Hic
799 4038 1129 4102 Cardinali
1172 4037 1434 4122 figenda
1472 4045 1658 4101 erant
1701 4039 1989 4121 vestigia,
2022 4061 2142 4104 nec
2184 4041 2256 4103 in
2293 4043 2433 4121 pri-

219 4151 433 4207 matus
481 4164 632 4207 voce
678 4143 961 4225 generali
1006 4150 1140 4207 tam
1188 4143 1406 4207 dolose
1457 4142 1831 4206 ludendum.
1920 4145 2106 4221 Tum,
2160 4152 2226 4207 et
2273 4145 2437 4207 illud

299 4261 315 4293 ¹
344 4261 522 4327 [fleu]
544 4261 676 4311 Reco
714 4297 726 4309 .
753 4275 801 4325 p.
828 4263 905 4310 21.
933 4262 1008 4325 [p.
1033 4264 1078 4311 2.
1116 4261 1185 4311 H.
1218 4261 1285 4328 ad
1372 4261 1532 4356 capsi.
1551 4264 1591 4321 §.
1611 4259 1769 4318 ‘Quod
1783 4259 2432 4325 si.'Op.,tom.i.p.235.G.]

220 4327 340 4376 init.
367 4327 482 4390 Op„
506 4333 630 4376 tom.
652 4327 688 4376 i.
1495 4325 1652 4390 [Vide
1685 4325 1812 4374 Bell.
1845 4325 1907 4375 de
1931 4325 2071 4374 Rom.
2101 4325 2248 4375 Pont.
2274 4326 2361 4376 lib.
2386 4341 2432 4376 V.

288 4401 313 4433 ἔ
346 4391 531 4441 Euscb.
557 4391 646 4442 lib.
665 4392 699 4440 i.
726 4405 766 4440 c.
794 4390 885 4440 ult.
938 4405 984 4455 p.
1004 4392 1081 4442 36.
1107 4389 1239 4454 seq.]
1376 4404 1482 4454 cap.
1503 4392 1547 4441 7.
1575 4393 1644 4451 ςς.
1670 4393 1685 4416 ‘
1701 4389 1977 4449 Probatur,'
1999 4395 2012 4416 ‘
2028 4390 2163 4453 Ergo
2176 4392 2303 4451 tria:
2322 4391 2434 4456 Op„

286 4455 312 4487 ⁸
349 4455 512 4521 [Bell.
559 4456 709 4520 Apol.
759 4470 851 4519 pro
1029 4456 1071 4520 .]
1119 4470 1167 4518 p.
1208 4457 1287 4506 17.
1375 4458 1497 4505 tom.
1522 4456 1555 4504 i.
1579 4469 1663 4517 pp.
1680 4455 1788 4504 235.
1815 4453 2055 4512 G.—236.
2082 4455 2144 4505 A.
2169 4455 2249 4521 Β.]

222 4521 350 4585 [leg.
372 4523 455 4571 27.
495 4520 538 4570 Ο
580 4558 609 4579 .,
634 4528 759 4570 tom.
776 4520 863 4570 vii.
886 4521 975 4570 col.
994 4522 1105 4571 719.
1128 4521 1211 4582 0.]
1442 4517 1456 4551 ¹
1493 4521 1567 4584 [S.
1596 4519 1771 4569 Thom.
1805 4521 1992 4583 Aquin.
2028 4521 2221 4570 Summ.
2259 4521 2433 4571 Thcol.

342 4586 518 4649 [eonf.
619 4586 671 4634 ll.
703 4585 767 4635 de
790 4584 931 4634 Rom.
956 4585 1103 4634 Pont.
1127 4585 1218 4634 lib.
1242 4600 1289 4633 v.
1380 4583 1485 4635 Sec.
1510 4586 1661 4636 Secae.
1686 4584 1872 4642 Quoest.
1889 4601 1938 4635 x.
1964 4587 2075 4635 Art.
2100 4602 2148 4637 x.
2174 4586 2373 4647 Goncl.]

1791 4670 1915 4730 02
