3165 4959
1011 332 1378 396 APOLOG'IAM
1423 346 1785 395 RrsPoNsm.
2368 334 2496 394 403

284 506 418 569 fert
448 505 833 567 Antichristi
864 505 1182 582 asseclam,
1215 502 1482 587 perinde
1528 508 1627 565 est
1672 523 1745 565 ac
1791 503 1845 564 si
1876 500 2219 584 utrobique
2248 508 2500 565 notatus

285 610 605 690 stiymate.
719 607 1065 669 Char-aeter
1111 613 1394 670 externae
1451 604 1835 688 professioni
1892 610 2039 668 est:
2105 625 2233 685 qua
2281 604 2500 688 itaque

285 718 560 775 externa
586 709 897 794 professio
926 709 1214 792 legitime
1243 708 1608 772 denotatur.

356 848 432 896 At
446 850 572 911 quot
592 846 759 896 millis
778 848 898 895 sunt
912 845 969 894 in
983 845 1180 894 ditione
1192 844 1408 894 Romani
1424 844 1702 904 Pontificius,
1717 844 1805 906 qui
1821 843 2181 907 professionem
2198 842 2500 893 obedientiae

422 944 528 979 non
562 932 773 993 possunt
805 926 1099 977 ostendere?
1156 925 1449 975 Professio.
1486 925 1696 989 .(fidei)
1745 924 1857 975 fieri
1896 925 2025 975 solet
2063 925 2170 975 ab
2156 925 2237 986 iis,
2271 925 2361 988 qui
2393 940 2503 988 pro-

423 1014 692 1060 moventur
734 1008 801 1058 ad
843 1007 1031 1071 gradus
1075 1008 1453 1070 dignitatum..
1491 1045 1502 1056 .
1538 1011 1627 1057 sut
1669 1011 1809 1057 certa
1850 1006 2026 1067 officia,
2062 1044 2074 1056 .
2111 1044 2122 1056 .
2160 1022 2238 1057 .a
2274 1007 2502 1057 maxima

422 1096 564 1155 parte
585 1092 851 1141 hominum
873 1104 978 1140 non
998 1088 1456 1153 exigitur.-—[Bell.
1485 1089 1633 1152 Apol.
1654 1103 1746 1153 pro
1781 1087 1952 1151 Resp]
1986 1103 2035 1151 p.
2063 1091 2169 1137 161.
2206 1088 2339 1153 [Op.,
2374 1092 2500 1138 tom.

423 1174 511 1222 vii.
536 1172 629 1222 col.
655 1172 766 1225 795.
791 1170 870 1235 B.]

381 1274 646 1351 Verum,
676 1292 797 1334 nec
839 1270 979 1353 ipsa
1021 1272 1151 1332 11ωο
1190 1268 1499 1351 professio
1548 1290 1590 1331 a
1634 1268 1906 1331 millibus
1949 1268 2243 1349 eoeiyitur,
2290 1269 2368 1331 ab
2414 1271 2498 1331 iis
2528 1266 2619 1330 [ab
2655 1267 2811 1317 omni-

287 1376 493 1454 modo,
539 1376 644 1456 qui
692 1375 768 1437 de
803 1375 981 1437 Clero
1024 1379 1188 1452 sunt,
1237 1374 1336 1435 vel
1382 1374 1451 1435 in
1498 1374 1717 1457 offi'eiis
1764 1373 1954 1434 certis
1991 1373 2210 1452 positi,
2259 1392 2365 1434 seu
2414 1373 2503 1434 ad
2524 1331 2763 1459 effugia}—

289 1480 661 1560 diynitatem
696 1478 988 1558 promoti.
1083 1477 1230 1539 Imo
1274 1475 1584 1559 professio
1614 1474 1858 1553 eadem,
1892 1475 2127 1557 gradus
2156 1475 2321 1538 forte
2350 1497 2497 1558 pro-

288 1581 588 1645 fessionis
631 1602 765 1644 non
807 1580 1002 1658 idem,
1033 1579 1311 1662 exigitur
1354 1577 1434 1641 ab
1466 1578 1785 1641 omnibuS.
1881 1578 2229 1659 Specialior
2256 1578 2428 1641 enim
2460 1600 2500 1641 a

298 1687 499 1764 Clero,
530 1692 598 1749 et
626 1683 878 1748 Vertici
920 1683 1194 1746 infixus.
1244 1690 1310 1745 at
1344 1688 1444 1745 est
1478 1682 1662 1760 alter,
1692 1681 1885 1764 paulo
1917 1683 2125 1765 magis
2162 1683 2496 1764 yeneralis,

292 1810 333 1851 a
364 1809 490 1871 quo
519 1808 710 1851 nemo
741 1795 1067 1870 exceptus,
1101 1786 1211 1869 qui
1239 1785 1388 1850 vel
1371 1807 1441 1848 m
1471 1806 1697 1849 omnes
1727 1792 2033 1848 transeat.
2123 1786 2231 1848 An
2263 1787 2498 1850 excidit

293 1891 642 1969 Cardinali,
668 1891 1053 1971 congenitum
1082 1891 1150 1951 in
1180 1888 1482 1969 baptismo
1503 1889 1954 1966 Juramentum,
1987 1890 2075 1951 ad
2101 1889 2500 1952 obediendum

296 1995 589 2075 Principi
618 1994 983 2075 spirituali‘)
957 1994 1035 2055 ⁰?
1109 1992 1236 2055 Vel
1268 2013 1421 2074 ergo
1453 1991 1714 2075 adjiciat
1744 2013 2025 2055 errorem
2055 1992 2231 2057 hunc
2259 2014 2499 2056 novum

291 2119 477 2161 novae
505 2095 958 2179 Recognitioni
1004 2116 1157 2174 suae,
1192 2095 1271 2159 de
1308 2096 1685 2158 charactere
1729 2116 1901 2174 novo,
1933 2097 2001 2157 in
2030 2101 2171 2159 ortu
2199 2116 2498 2178 superna-

290 2202 490 2263 turali
509 2213 537 2251 Ρ
558 2228 577 2261 .·
625 2199 728 2264 vel
756 2198 1037 2262 fateatur
1067 2218 1239 2276 sane,
1285 2198 1454 2281 quod
1486 2198 1591 2262 hic
1627 2200 1765 2282 (pro
1793 2220 1864 2262 re
1893 2199 2070 2280 nata)
2105 2207 2320 2282 negat,

988 2333 1050 2383 de
1074 2337 1151 2383 tot
1172 2332 1323 2384 modo
1344 2333 1574 2382 millibus
1598 2348 1755 2382 unum
1769 2334 1810 2391 ¹¹,
1825 2315 1840 2329 ⁹

291 2471 427 2515 non
471 2470 821 2534 superesse,
872 2448 977 2512 cui
1022 2447 1337 2531 professio
1380 2448 1519 2512 haec
1570 2470 1704 2513 non
1749 2448 2100 2513 incumbat.
2209 2451 2297 2514 Et
2344 2452 2501 2535 quid

291 2561 644 2639 peccarunt
690 2554 951 2632 Veneti,
1001 2553 1128 2616 nisi
1189 2554 1359 2637 quod
1410 2555 1503 2617 ita
1554 2576 1760 2637 nuper
1806 2555 2099 2638 profiteri
2149 2555 2335 2638 jussi,
2390 2556 2498 2620 de-

292 2665 658 2723 trectarunt
702 2657 1108 2742 Imperium?
1199 2657 1563 2722 Cardinalis
1612 2666 1829 2722 autem
1879 2661 1954 2721 de
1999 2659 2308 2739 Pontifice
2349 2661 2499 2724 libri

295 2764 389 2827 sic
433 2782 642 2845 nuper
692 2762 762 2823 in
807 2760 1276 2843 Recognitione
1316 2761 1538 2825 incudi
1580 2761 1836 2839 redditi,
1868 2771 1944 2825 ut
1989 2762 2262 2825 dilatent
2307 2764 2499 2846 paulo

293 2868 500 2950 magis
545 2866 832 2930 fimbrias
881 2866 1224 2948 potestatis
1272 2865 1651 2944 Pontificiae‚
1712 2887 1929 2929 annon
1986 2867 2499 2930 Charaeteristici

291 2972 485 3055 plane
533 2968 947 3051 professionis
993 2969 1234 3051 hujus?
1343 2971 1569 3033 Bonus
1616 2970 1860 3033 Doctor
1904 2971 2126 3033 Marta
2184 2991 2305 3032 non
2365 2976 2499 3032 tur-

294 3074 467 3136 bavit
510 3092 576 3135 se
618 3092 769 3153 erqa
808 3072 1111 3151 plurima,
1143 3071 1211 3134 id
1256 3093 1462 3134 unum
1507 3071 1701 3135 modo
1745 3071 2030 3151 molitus,
2061 3079 2137 3136 ut
2172 3080 2496 3137 constaret

292 3182 553 3240 tantum
583 3176 913 3238 character
939 3174 1065 3252 1110,
1101 3181 1166 3237 et
1195 3183 1365 3239 esset
1394 3176 1789 3239 indelebilisr.
1860 3175 2095 3239 'Portus
2122 3197 2274 3258 ⁸cum
2306 3185 2498 3255 esset,

294 3302 444 3344 cum
502 3293 804 3363 pompam
864 3276 1148 3354 duceret,
1208 3286 1554 3363 ageretque
1608 3287 1760 3344 ante
1816 3301 2077 3344 currum
2145 3281 2496 3360 Pontificis,

287 3387 577 3465 peccata,
638 3400 882 3461 pamas,
943 3400 1255 3460 censuras,
1315 3390 1481 3460 vota,
1543 3383 1726 3465 leyes,
1768 3384 2136 3464 juramenta
2156 3393 2217 3456 ⁸;
2279 3406 2498 3448 nonne

295 3485 364 3549 id
411 3483 567 3568 egit,
618 3504 703 3546 ne
758 3505 883 3566 qua
936 3484 1056 3562 leoe,
1107 3506 1190 3548 ne
1238 3485 1410 3568 quod
1461 3492 1687 3562 votum,
1734 3470 1836 3549 rel
1869 3488 2299 3566 juramentum
2345 3487 2498 3549 huic

281 3586 660 3671 professioni
710 3586 922 3650 fraudi
970 3587 1136 3650 foret
1164 3589 1193 3648 ’ἓ
1285 3588 1460 3654 Quid
1512 3588 1895 3652 novissimus
1948 3598 2015 3652 et
2065 3589 2497 3670 nequissimus

296 3694 552 3768 Scurra,
599 3688 958 3753 Pacenius?
1049 3691 1291 3754 Nonne
1328 3690 1768 3753 characterem
1819 3690 1889 3752 in
1929 3690 2141 3753 fronte
2170 3690 2337 3767 ¹fert,
2389 3692 2498 3774 qui

291 3811 487 3859 ausus
547 3791 838 3870 scribere,
890 3792 1246 3873 Simplicem
1303 3793 1531 3874 Reyem
1590 3812 1738 3869 esse,
1808 3793 1914 3873 qui
1978 3793 2373 3854 securitatem
2430 3794 2499 3855 in

288 3901 656 3963 Juramento
684 3900 946 3974 statuat,
977 3898 1368 3978 quantumvis
1402 3902 1604 3974 cauto,
1650 3896 2047 3978 quantislibet
2092 3896 2499 3959 circumstan-

291 4003 402 4064 tiis
464 4019 735 4062 conneoeo
767 4000 801 4061 ‚2
903 3998 1075 4060 Nam
1145 3998 1216 4061 si
1261 3999 1561 4081 Pontifea‘
1618 4000 2051 4062 Juramentum
2124 4000 2494 4076 dissolverit,

289 4124 500 4167 omnes
563 4101 736 4163 illius
794 4121 1009 4179 news,
1049 4103 1177 4164 sive
1236 4103 1311 4165 de
1355 4103 1673 4183 fidelitate
1721 4104 1881 4185 Reyi
1928 4103 2315 4183 praestanda,
2368 4104 2497 4166 sive
2605 4104 2737 4167 292

359 4287 613 4348 ⁰‚Tortus
635 4300 682 4349 p.
702 4284 780 4331 60.
806 4284 964 4350 [Edit.
991 4285 1187 4345 Colon.;
1209 4303 1262 4364 p.
1276 4290 1353 4337 51.
1508 4288 1759 4352 ‘[Marta
1778 4287 1842 4338 de
1861 4286 2052 4337 Jurisd.
2076 4303 2180 4351 par.
2204 4289 2269 4338 iv.
2293 4291 2422 4337 cent.
2441 4289 2496 4337 ii.

294 4352 435 4403 Edit.
462 4352 632 4413 Polis,
645 4355 698 4400 et
717 4346 846 4398 Bell.
882 4351 994 4415 Op„
1017 4356 1138 4401 tom.
1153 4353 1238 4401 vii.
1263 4353 1354 4402 col.
1442 4367 1537 4402 cas.
1555 4355 1667 4402 132.
1688 4357 1781 4402 art.
1802 4356 1847 4402 3.
1871 4367 1920 4416 p.
1940 4351 2078 4415 229.]

288 4421 404 4468 661.
431 4416 510 4481 Β.]
1584 4418 1764 4467 'Portus
1819 4431 1868 4480 p.
1891 4420 1967 4466 19.
2001 4416 2164 4479 [Edit.
2202 4415 2407 4476 Colon.·
2448 4432 2498 4482 p.

447 4479 575 4529 Ibid.
584 4479 606 4543 ]
1446 4485 1521 4531 11.
1628 4482 1685 4531 it.
1706 4481 1810 4531 Po
1818 4486 1872 4542 t.‚
1897 4486 1949 4531 et
1971 4480 2096 4530 Beu.
2133 4481 2241 4544 Op.,
2266 4488 2387 4534 tom.
2412 4485 2499 4534 vii.

360 4557 384 4587 «1
443 4544 588 4594 ovid.
615 4544 823 4596 Metam.
851 4546 882 4594 i.
909 4546 1047 4608 325]
1443 4547 1536 4595 col.
1561 4550 1670 4596 641.
1692 4547 1782 4611 A.]

1796 4634 1983 4693 11112
