3165 4959
969 349 1332 398 APOLOGIAM
1378 348 1745 397 RESPONSIO.
2377 333 2457 393 81

334 510 399 571 7.
449 506 741 570 Potuisse
779 512 984 570 autem
1024 512 1085 571 et
1120 507 1418 585 debuisse,
1448 508 1507 569 si
1534 507 1701 570 vires
1730 503 2096 586 adfuissent,
2127 504 2464 585 Imperium

244 611 378 673 illis
409 610 737 693 abrogare.
814 611 1023 692 Atque
1050 611 1124 673 id
1146 612 1204 672 si
1233 631 1356 675 non
1370 607 1693 691 fecissent,
1724 610 2070 691 expositam
2096 607 2174 670 ab
2204 609 2286 670 iis
2315 609 2463 670 reli-

235 716 493 795 aionem
521 715 980 778 evidentissimo
1006 715 1313 796 periculo,
1347 735 1483 778 cum
1513 715 1746 776 nollent
1776 713 2072 776 adhibere
2103 712 2459 789 remedium,

245 818 418 899 quod
443 818 750 881 habebant
779 820 847 880 in
869 824 1162 899 promptu
1179 816 1227 880 ¹².

334 924 398 984 8.
440 923 699 1003 Tempus
712 920 921 1003 fuisse
949 922 1283 1003 Martyrii,
1304 928 1454 999 tum,
1474 941 1613 984 cum
1642 941 1814 983 nemo
1845 921 2100 983 auderet
2128 920 2418 983 resistere
2438 945 2458 980 .-

242 1045 389 1086 cum
437 1025 695 1088 auderet
731 1031 957 1103 autem,
999 1045 1255 1106 cumque
1299 1044 1462 1106 aeqre
1495 1024 1749 1106 seirent
1782 1024 2024 1105 populi,
2071 1044 2148 1087 ac
2178 1024 2461 1104 prompti

243 1135 450 1191 essent
495 1129 585 1191 ad
631 1128 1060 1191 excutiendum
1105 1128 1428 1210 Principis
1452 1129 1699 1210 juqum,
1746 1134 1877 1190 tum
1907 1128 2146 1190 demum
2177 1128 2461 1209 potuisse

244 1232 603 1295 Ecclesiam
626 1252 910 1295 exserere
925 1237 1303 1314 potestatem
1323 1252 1501 1294 suam
1526 1232 1794 1314 (quando
1816 1233 2055 1295 scilicet
2075 1229 2458 1312 nonfrustra

244 1336 607 1416 exsereret)
646 1356 724 1399 ac
753 1335 1086 1417 Principes
1115 1335 1191 1397 de
1219 1335 1456 1417 Reynis
1484 1336 1789 1416 deponere
1805 1345 1848 1398 ⁰.

335 1442 398 1501 9.
446 1439 803 1521 Pontifices,
855 1440 1047 1501 etiam
1105 1440 1173 1501 in
1224 1439 1686 1521 temporalibus,
1735 1460 1856 1501 non
1890 1436 2097 1518 fuisse
2154 1438 2460 1518 subjectos

248 1541 738 1623 Imperator-ibus
794 1541 1108 1605 Etlmicis.
1204 1542 1388 1615 Quod
1432 1543 1491 1605 si
1544 1548 1750 1604 autem
1823 1541 2135 1617 Ethnicis,
2198 1546 2265 1602 at
2339 1561 2460 1603 non

255 1645 633 1708 Christianis
662 1651 868 1708 tamen
884 1643 933 1708 ἃ.

340 1751 442 1811 10.
490 1749 708 1830 Reyes,
739 1750 976 1812 nullam
1016 1751 1084 1811 in
1132 1748 1500 1832 Episcopos,
1550 1751 1650 1812 vel
1694 1751 1951 1812 clericos
1994 1748 2221 1811 habere
2250 1754 2460 1829 potes·

251 1859 442 1916 tatem
459 1862 502 1915 θ.

342 1958 444 2018 11.
489 1956 832 2038 Exemptos
868 1955 1074 2038 finisse
1125 1957 1417 2035 Clericos,
1462 1959 1653 2020 etiam
1688 1958 1842 2038 jure
1894 1956 2124 2034 divino,
2167 1956 2245 2019 ab
2295 1957 2458 2019 omni

232 2059 679 2139 jurisdictione
708 2060 1092 2140 Principum,
1124 2061 1313 2122 etiam
1339 2061 1711 2142 priusquam
1737 2060 2093 2141 privileqiis
2121 2061 2455 2122 eximeren-

253 2168 373 2224 tur.
465 2163 611 2239 Illa,
651 2182 783 2243 quoe
827 2171 1254 2226 concesserunt
1297 2165 1734 2243 Imperatores,
1765 2164 2123 2244 privileqia‚
2163 2183 2243 2225 ea·
2285 2164 2457 2244 iquo-

252 2267 496 2328 ratione
509 2266 686 2346 juris
716 2267 1085 2329 concessisse
1106 2264 1143 2328 s.

340 2372 442 2432 12.
510 2370 817 2449 Potuisse,
871 2369 1143 2451 adeoque
1187 2389 1375 2450 posse
1436 2369 1801 2451 Pontificem
1854 2372 2122 2433 eoeimere
2188 2368 2459 2433 Clericos

238 2477 553 2554 potestate
576 2473 962 2554 Principum,
994 2495 1106 2537 nec
1135 2473 1207 2536 id
1233 2473 1561 2556 Principes
1591 2475 1890 2556 impedire
1907 2495 2112 2557 posse.
2182 2475 2274 2536 Et
2298 2474 2464 2556 quod

238 2578 468 2656 poluit,
510 2575 760 2658 fecisse,
813 2577 1201 2659 Clericosque
1248 2577 1524 2641 absolute
1582 2578 1662 2640 ab
1726 2599 1934 2641 eorum
1981 2584 2293 2659 potestate
2353 2598 2458 2639 ea·-

248 2680 467 2742 emisse
484 2689 532 2742 8.
650 2724 655 2731 -

336 2783 441 2847 13.
490 2783 756 2864 Papam,
788 2804 868 2846 ex·
896 2803 965 2846 eo
997 2784 1164 2866 quod
1184 2782 1404 2865 factus
1444 2790 1538 2847 est
1569 2785 1826 2862 Pastor,
1859 2805 1898 2845 a
1929 2783 2175 2845 Christo
2204 2783 2463 2845 manda·

252 2892 380 2947 tum
409 2906 763 2967 expressum
792 2887 1038 2963 habere,
1069 2889 1354 2950 mutandi
1381 2908 1579 2970 reyna
1599 2886 1650 2952 ¹¹.

339 2992 444 3052 14.
491 2989 727 3067 Etiam,
774 2991 909 3053 sine
951 2992 1600 3069 excommunicatione,
1645 2991 1968 3071 disponere
1999 3010 2186 3072 posse
2217 2990 2461 3071 Papam

251 3092 328 3154 de
353 3093 564 3174 reynis
594 3093 979 3175 Principum,
999 3115 1124 3175 pro
1155 3094 1431 3157 utilitate
1458 3095 1760 3157 Ecclesia>
1780 3091 1814 3157 ¹.

339 3198 441 3258 15.
491 3195 709 3258 Etiam
761 3198 1197 3260 auctoritatem
1242 3197 1467 3260 habere
1506 3198 1574 3260 in
1615 3198 1945 3279 Principes
1991 3197 2288 3280 infideles,
2319 3199 2462 3280 pri-

247 3299 440 3361 vandi
482 3319 585 3361 eos
625 3298 894 3363 dominio
934 3320 1064 3378 suo,
1099 3320 1221 3363 non
1252 3305 1457 3363 tamen
1486 3322 1609 3383 qua
1641 3300 1937 3383 infideles,
1969 3301 2085 3364 sed
2110 3321 2232 3383 qua
2248 3300 2459 3382 fideli-

250 3402 360 3465 bus
389 3403 791 3466 dominantur
806 3402 855 3467 k.

336 3508 440 3570 16.
486 3506 722 3569 Facere
770 3508 1157 3590 Pontificem,
1206 3513 1275 3569 ut
1330 3509 1436 3589 qui
1486 3507 1628 3571 Rea·
1675 3514 1784 3586 est,
1837 3508 2106 3570 subditis
2143 3507 2280 3570 suis
2320 3506 2462 3568 Rex

245 3610 535 3690 deinceps
582 3630 703 3671 non
748 3611 831 3672 sit
853 3638 871 3672 .·
929 3610 1308 3692 Omninoque
1351 3614 1727 3693 superiorem
1769 3631 1899 3674 esse
1934 3611 2175 3672 Coesare
2204 3614 2263 3671 et
2293 3609 2463 3689 Reqe

245 3714 460 3794 quovis
490 3713 555 3774 in
580 3713 1035 3793 temporalibus,
1055 3713 1161 3775 ubi
1190 3715 1363 3776 salus
1390 3715 1624 3777 subditi
1655 3715 1718 3776 in
1736 3715 2086 3795 periculum
2107 3711 2459 3790 adducitur,

234 3821 501 3897 propter
528 3816 878 3898 obsequium
909 3818 1244 3897 temporale
1261 3814 1276 3855 ¹
1294 3844 1312 3879 :
1363 3818 1730 3899 (adducitur
1759 3824 1978 3879 autem
2006 3814 2291 3893 omnino,
2314 3834 2461 3876 cum

248 3920 558 4002 Superior
586 3919 695 3982 ille
726 3919 959 3983 adduci
990 3919 1269 4002 dixerit.)

311 4099 335 4132 ⁸
372 4100 527 4164 [thid.
550 4115 659 4165 cap.
683 4117 767 4151 xx.
784 4102 876 4151 col.
894 4103 1005 4151 929.
1031 4099 1106 4163 Β.,
1128 4107 1180 4151 et
1202 4116 1306 4166 cap.
1463 4111 1487 4143 Ι
1569 4099 1676 4150 bid.
1699 4115 1805 4163 cap.
1828 4100 2004 4149 xxxvi.
2029 4098 2121 4149 col·
2140 4097 2281 4161 983]

242 4167 372 4217 xxii.
396 4168 488 4215 col.
509 4166 653 4229 938.]
1463 4165 1484 4197 Ι·
1545 4165 1672 4215 lbid.
1699 4180 1804 4229 cap.
1828 4165 1987 4214 xxvii.
2011 4164 2102 4213 col.
2129 4166 2243 4213 955.
2264 4160 2349 4225 A.]

313 4240 332 4262 ²
413 4230 518 4280 bid.
543 4246 652 4294 cap.
676 4230 763 4279 vii.
787 4230 880 4279 col.
901 4230 961 4281 87
967 4232 1011 4278 4.
1036 4229 1204 4295 A-D.]
1460 4231 1473 4263 ¹
1545 4231 1664 4280 Ibid
1687 4245 1792 4292 cap.
1808 4231 1873 4279 ir.
1898 4229 2009 4278 coll.
2028 4230 2136 4279 864.
2163 4228 2223 4276 D.
2251 4230 2359 4277 865.
2374 4223 2458 4289 Α.]

311 4295 332 4325 ‘¹
392 4295 523 4346 lbid.
546 4310 654 4358 cap.
678 4295 781 4344 xvi.
807 4295 897 4345 col.
925 4298 1034 4346 916.
1062 4295 1143 4359 13.]
1461 4294 1483 4327 ¹¹
1556 4293 1683 4344 Ibid.
1709 4309 1812 4357 cap.
1841 4294 1949 4343 xxi.
1971 4295 2062 4344 col.
2085 4296 2193 4342 936.
2220 4291 2259 4341 C
2284 4291 2305 4356 ]

310 4369 333 4392 ·
415 4360 519 4409 bid.
542 4375 648 4424 cap.
666 4375 748 4410 κν.
770 4360 863 4408 col.
880 4362 988 4410 913.
1016 4359 1092 4424 C.]
1462 4360 1472 4391 ¹
1532 4359 1690 4422 [Ibid.
1717 4373 1820 4422 cap.
1848 4359 1990 4408 xxxi.
2027 4359 2137 4408 coll.
2160 4361 2269 4408 959.
2305 4356 2374 4406 13..
2409 4362 2460 4404 et.

310 4425 326 4456 ¹
391 4424 521 4555 leid.
560 4439 667 4489 cap.
693 4425 870 4474 xxxiv.
925 4425 1035 4475 coll.
1081 4426 1187 4476 970.
1240 4425 1302 4474 D.
1528 4426 1641 4474 964.
1664 4423 1747 4486 B.]

240 4493 354 4543 971.
378 4492 439 4539 Α.

330 4586 825 4623 uoluta-1123».
1900 4590 1941 4635 G

2600 2790 2685 2851 63
