3165 4959
527 1296 649 1357 311

464 1404 550 1453 sed
573 1408 704 1453 sorte

496 1470 674 1533 ivina]

766 323 897 383 430
1388 334 1474 381 AD
1515 332 1899 381 caanmams
1943 330 2339 380 nsnmm1

768 491 1065 555 contulit.
1162 489 1488 571 Quicquid
1528 489 1624 551 illi
1670 488 2025 571 potest-atiS,
2063 488 2432 552 immediate
2477 487 2559 551 ab
2607 488 2764 571 Ipso
2810 488 2967 552 Deo.

768 596 924 657 Non
954 593 1126 657 enim
1149 593 1328 656 Deus
1356 592 1693 656 collective
1725 592 1984 655 Israelis
2012 591 2265 674 corpori
2294 597 2684 674 potestatem
2712 591 2968 669 indidit,

768 718 982 780 quam,
1030 697 1101 759 in
1147 696 1385 759 Mosen
1429 702 1596 778 post,
1639 694 1842 758 Israel
1887 695 2240 758 transtulit.
2335 695 2512 758 Deus
2551 695 2690 777 ipse
2739 696 2969 760 Mosen

768 800 982 883 elegit,
1043 800 1249 862 electo
1306 805 1696 882 potestatem
1749 797 1947 876 dedit,
1997 819 2192 880 quam
2254 797 2476 862 Moses
2531 799 2571 861 J
2574 819 2748 862 osuae
2811 808 2966 882 post,

774 905 816 966 J
818 902 1258 984 udicibusque,
1291 902 1555 965 demum
1589 900 1874 965 Samueli
1901 900 2278 965 transmisit.

832 1038 900 1087 Et
922 1037 1129 1100 quidem
1152 1037 1364 1087 cadente
1385 1041 1518 1086 sorte
1537 1051 1689 1099 super
1718 1036 1935 1097 Saulem,
1959 1037 2111 1086 multi
2133 1035 2197 1087 de
2220 1036 2407 1100 populo
2429 1036 2794 1098 clamaverunt,
2821 1037 2970 1088 Vivat

897 1119 1023 1178 Rex,
1047 1119 1175 1182 (sed)
1199 1117 1352 1168 multi
1382 1119 1539 1168 etiam
1575 1122 1869 1168 recusarunt
1900 1119 2185 1168 consentire
2213 1118 2272 1167 in
2302 1133 2414 1169 eam
2437 1118 2969 1185 electionem—[Bell.

897 1203 1044 1265 Apol.
1074 1216 1165 1265 pro
1187 1201 1356 1266 Besp]
1378 1217 1427 1266 p.
1453 1202 1563 1253 175.
1599 1200 1733 1265 [Op.,
1757 1206 1881 1251 tom.
1903 1201 1991 1251 vii.
2015 1202 2107 1251 eol.
2130 1204 2241 1252 803.
2263 1199 2351 1264 A]

853 1302 1072 1366 Nimis
1093 1323 1243 1366 vero
1273 1302 1574 1368 audacter
1601 1300 1782 1381 illud,
1810 1301 2082 1365 Cadente
2108 1308 2276 1365 sorte
2295 1323 2483 1383 super
2501 1303 2777 1382 Saulem,
2798 1307 2970 1367 multi

770 1407 848 1469 de
880 1408 1114 1489 populo
1144 1408 1586 1483 clamaverunt,
1630 1406 1815 1468 Vivat
1834 1407 1995 1485 Rex,
2026 1407 2140 1469 sed
2164 1408 2346 1468 multi
2375 1408 2564 1469 etiam
2604 1416 2967 1471 recusat-emt

769 1512 1112 1575 consentire
1142 1512 1208 1573 in
1235 1531 1372 1573 eam
1399 1511 1772 1572 electionem.
1865 1510 2067 1576 Quasi
2097 1509 2294 1573 dubia
2334 1516 2477 1573 tum
2507 1510 2826 1593 penderet
2855 1534 2966 1591 res,

767 1621 833 1678 et
862 1615 1042 1698 paria
1068 1614 1372 1696 utrinque
1416 1613 1737 1695 suffragia.
1826 1614 1921 1677 At
1963 1613 2206 1697 inspice
2251 1613 2447 1677 etiam
2487 1614 2705 1678 locum
2735 1616 2965 1680 denuc).

767 1719 1037 1783 Videbis
1070 1719 1261 1802 longe
1306 1739 1484 1781 secus
1527 1738 1596 1781 se
1637 1716 1877 1780 habere
1920 1737 2075 1780 rem.
2171 1716 2279 1780 Sic
2319 1717 2493 1781 enim
2522 1717 2787 1801 legitur,
2826 1720 2967 1782 Cum

768 1824 1030 1886 dim'sset
1061 1823 1314 1885 Samuel
1351 1822 1439 1883 ad
1475 1841 1711 1883 omnem
1733 1822 2050 1901 populum,
2090 1820 2269 1883 Certe
2306 1821 2549 1900 videtis,
2582 1842 2764 1902 quem
2794 1825 2967 1905 eleyit

768 1927 1090 2003 Dominus,
1141 1931 1202 1988 et
1242 1926 1651 1987 conclamavit
1701 1925 1898 1987 omnis
1942 1925 2231 2005 populus,
2285 1930 2347 1987 et
2398 1926 2510 2002 ait,
2553 1926 2741 1989 Vivat
2772 1927 2967 1989 Rex&

775 2031 989 2091 Omnis
1005 2030 1294 2110 populus,
1337 2028 1493 2110 (ait,)
1533 2050 1669 2091 non
1700 2030 1900 2091 multi.
1999 2028 2241 2106 Omnes,
2290 2027 2377 2110 (id
2410 2029 2551 2110 est,)
2592 2050 2716 2091 non
2745 2052 2967 2108 omnes,

765 2133 878 2194 sed
925 2133 1122 2210 multi,
1177 2131 1267 2194 ait
1316 2130 1696 2194 Cardinalis.
1788 2132 2063 2213 Nempe,
2114 2137 2191 2193 ut
2240 2131 2321 2194 de
2368 2131 2581 2195 Calice
2629 2131 2701 2194 in
2746 2133 2969 2211 Coena,

773 2238 976 2299 Bibite
1018 2257 1097 2299 εει·
1131 2256 1200 2298 eo
1241 2256 1465 2314 omnes,
1513 2235 1581 2298 id
1612 2243 1733 2314 est,
1768 2235 1974 2298 Bibite
2016 2256 2096 2297 ex·
2139 2255 2208 2297 eo
2253 2236 2491 2317 aliquot
2511 2263 2529 2297 .·
2578 2257 2699 2298 non
2745 2258 2970 2315 omnes,

767 2361 900 2403 non
929 2340 1103 2404 enim
1135 2340 1335 2404 Laici.
1430 2339 1806 2403 Sacerdotes
1849 2339 2060 2417 multi,
2110 2360 2195 2403 an
2241 2339 2447 2422 pauci,
2501 2361 2586 2403 an
2632 2341 2735 2404 vel
2782 2364 2967 2418 unus,

767 2444 975 2508 Bibite
1005 2464 1247 2517 omnes,·
1295 2442 1476 2508 Laici
1504 2464 1675 2522 vero,
1708 2442 1915 2507 Bibite
1943 2443 2119 2505 nulli.
2219 2444 2434 2506 Omnis
2462 2464 2612 2508 vero
2641 2442 2751 2508 hic
2767 2466 2969 2527 popu-

765 2551 862 2611 lus
891 2550 1315 2630 conclamavit,
1346 2569 1478 2611 non
1507 2549 1686 2610 multi
1715 2548 1791 2609 de
1818 2547 2069 2630 populo.
2163 2548 2271 2611 Illi
2300 2569 2449 2611 vero
2478 2548 2547 2611 in
2577 2549 2809 2631 Capite
2840 2551 2967 2628 illo,

776 2656 908 2734 (nec
936 2654 1115 2716 multi
1143 2653 1216 2715 in
1252 2657 1555 2716 contextu
1585 2651 1745 2733 ipsc,
1776 2671 1889 2714 nec
1917 2652 2134 2732 pauci,
2167 2651 2280 2715 sed
2309 2651 2673 2734 quicunque
2700 2654 2965 2717 tandem

765 2757 862 2818 vel
923 2756 1350 2838 quotcunque)
1398 2753 1530 2835 filii
1574 2754 1787 2816 Belial
1842 2761 2048 2833 erant,
2112 2755 2224 2836 qui
2268 2754 2589 2833 dixerunt,
2642 2757 2972 2839 Numquid

765 2860 1011 2922 salvare
1039 2881 1150 2922 nos
1167 2859 1406 2940 poterit
1435 2855 1638 2920 isteb?
1689 2856 1800 2920 sed
1829 2857 2000 2938 quod
2028 2859 2379 2920 recusarint
2407 2859 2689 2921 electioni
2719 2879 2966 2922 consen-

767 2965 906 3039 tire,
969 2963 1037 3026 id
1089 2983 1167 3025 ex
1212 2962 1427 3043 ylossa
1491 2959 1852 3024 Cardinalis
1911 2966 2030 3038 est,
2092 2981 2210 3024 nec
2270 2961 2544 3025 habetur
2612 2962 2683 3025 in
2751 2964 2964 3026 Tertu.

768 3066 1154 3146 Quanquam
1177 3064 1331 3146 quid
1360 3063 1556 3126 refert
1585 3063 1682 3125 illi
1713 3062 1867 3146 quid
1896 3063 2187 3143 fecerint,
2224 3065 2354 3148 (qui
2368 3063 2501 3145 filii
2523 3066 2737 3128 Belial
2764 3075 2966 3144 erant,

766 3175 831 3230 et
876 3168 964 3229 ad
996 3168 1235 3248 Capitis
1262 3188 1514 3248 poenam
1537 3172 1688 3247 post
1731 3169 2015 3249 quoesiti,)
2067 3189 2215 3231 cum
2254 3169 2451 3231 omnis
2484 3172 2759 3250 populus
2792 3172 2970 3233 Sauli

765 3273 1187 3350 acclamasset,
1231 3271 1416 3334 Vivat
1458 3272 1599 3334 Reoe
1622 3273 1654 3333 .?
1749 3273 1947 3336 Cassa
1988 3293 2142 3356 ergo
2183 3274 2277 3355 (ut
2316 3273 2588 3356 videtur)
2641 3275 2969 3338 cardinali

765 3375 992 3439 electio
1023 3375 1147 3439 Dei
1193 3375 1272 3438 de
1317 3375 1526 3453 Saule,
1561 3397 1639 3439 ex
1688 3374 1942 3439 defectu
1984 3378 2296 3438 unanimis
2341 3397 2668 3440 consensus
2706 3379 2777 3440 in
2806 3379 2973 3441 Mis-

754 3480 933 3559 pka,·
978 3499 1100 3542 nec
1140 3478 1270 3541 vim
1313 3500 1496 3541 suam
1535 3479 1714 3561 prius
1761 3486 2065 3557 assecuta,
2099 3500 2288 3562 quam
2334 3479 2603 3562 populus
2644 3481 2712 3543 in
2755 3481 2972 3566 Gilgal

768 3582 1072 3665 suffragio
1130 3604 1243 3645 suo
1304 3581 1588 3646 divinam
1656 3582 2034 3646 electionem
2092 3590 2303 3647 ratam
2362 3583 2714 3648 habuisset.
2832 3585 2973 3649 Imo

765 3695 1020 3769 peracta
1041 3687 1177 3770 jam
1209 3686 1406 3749 semel
1435 3686 1748 3750 electione
1776 3686 2083 3770 legitima,
2109 3688 2311 3751 altera
2339 3687 2503 3750 nihil
2534 3709 2712 3771 opus.
2811 3689 2974 3755 Quae

766 3812 912 3854 vero
940 3798 1085 3874 post
1115 3791 1185 3853 in
1217 3790 1434 3874 Gilgal
1457 3790 1603 3868 fuit,
1637 3790 2045 3874 inauguratio
2076 3791 2376 3868 solennis,
2409 3792 2723 3854 innovatio
2758 3793 2972 3877 Regni

765 3894 887 3957 fuit
929 3896 1022 3977 (ut
1050 3894 1334 3977 loquitur
1364 3893 1457 3956 ibi
1488 3894 1749 3957 Samuel
1760 3895 1805 3978 ⁶)
1818 3945 1835 3972 ‚
1867 3916 1980 3958 seu
2020 3896 2114 3977 (ut
2132 3891 2284 3976 nos)
2326 3895 2689 3959 declarati&
2782 3896 2975 3961 Nihil

766 3999 855 4062 ibi
886 3999 965 4063 ad
1007 3998 1238 4062 Tribus
1278 3997 1571 4075 relatum,
1605 3998 1855 4080 nullutn
1886 3999 2261 4082 suffragium
2284 4025 2303 4078 ς
2354 3999 2666 4063 Obtrudit
2713 4000 2976 4066 Lectori

766 4104 876 4166 illa
906 4125 1040 4181 sua,
1071 4102 1350 4164 unanimi
1382 4122 1676 4165 consensu
1705 4104 1933 4166 electus
1962 4110 2073 4181 est,
2106 4103 2234 4167 fide
2265 4125 2398 4167 non
2429 4104 2616 4168 bona.

832 4223 930 4273 Sed
971 4222 1120 4287 paulo
1153 4226 1268 4286 post
1296 4259 1309 4271 .
1335 4259 1346 4270 .
1372 4259 1384 4271 .
1419 4222 1650 4272 unanimi
1685 4238 1926 4273 consensu
1959 4224 2150 4274 electus
2189 4223 2303 4283 fuit,
2336 4225 2395 4272 ut
2426 4222 2654 4273 habetur.
2701 4226 2725 4272 1
2755 4223 2886 4288 Reg.
2910 4227 2972 4274 xi.

897 4308 908 4330 ‘
928 4302 1156 4353 Perrexit
1170 4338 1182 4351 .
1208 4340 1218 4351 .
1246 4339 1257 4350 .
1283 4301 1450 4350 omnis
1470 4303 1700 4366 populus,
1716 4309 1768 4353 et
1788 4304 2013 4354 fecerunt
2035 4303 2109 4353 ibi
2131 4302 2320 4366 Regem
2339 4302 2457 4352 Saul
2481 4317 2650 4352 coram
2667 4304 2903 4355 Domino
2924 4307 2975 4354 in

830 4491 850 4511 ²
892 4486 908 4531 1
939 4484 1070 4530 Sam.
1098 4483 1188 4545 [al.
1214 4481 1357 4545 Reg.]
1384 4498 1430 4530 x.
1455 4483 1533 4531 24.
1978 4492 1997 4514 θ
2037 4485 2089 4546 [1
2118 4485 2251 4536 Sam.
2283 4486 2363 4546 (al.
2388 4484 2530 4550 Reg.)
2557 4487 2628 4536 xi.
2660 4488 2771 4550 14.]

830 4543 851 4573 ¹³
891 4544 1071 4606 [lbid.]
1097 4561 1204 4609 cap.
1228 4561 1276 4594 x.
1301 4562 1400 4595 ver.
1422 4547 1496 4598 17.
1525 4547 1640 4609 [leg.
1668 4546 1767 4608 27]
