3165 4959
453 2202 579 2265 179

368 2644 472 2710 [Ad
505 2644 668 2693 Chris-

368 2717 480 2758 tum
504 2709 575 2757 di-

369 2780 502 2823 recte
525 2788 627 2822 non

686 322 812 381 242
1316 335 1401 380 An
1447 333 1830 381 CARDINALIS
1875 332 2273 380 BELLARMINI

686 498 760 553 ut
796 498 969 553 recte
1016 511 1169 573 ergo
1216 490 1575 573 suspicatus
1621 492 1704 553 sit
1754 490 2140 554 Scholiastes
2188 489 2498 572 LangiuS,
2541 486 2898 571 posteriore

686 594 827 656 loco
857 593 952 675 Τῇ
981 594 1293 675 scriptum
1326 614 1441 676 pro
1469 592 1577 678 Τῷ
1599 593 1840 657 librarii
1869 593 2047 671 vitio,
2081 615 2205 676 qua
2226 614 2397 672 voce,
2432 593 2726 657 Christus
2754 592 2895 673 ipse

689 695 1081 778 designatur,
1126 717 1258 760 non
1306 696 1553 760 Materj
1585 722 1597 758 ε
1644 718 1768 761 nec
1811 696 1933 760 erit
1976 697 2070 760 ita
2114 696 2520 779 Nicephorus
2565 694 2685 758 sibi
2736 715 2894 758 con-

688 799 943 876 trarius,
976 798 1076 862 vel
1105 798 1276 861 illius
1299 807 1523 862 octavo
1552 799 1721 863 libro
1750 800 2105 877 immemor,
2131 799 2300 883 quod
2330 799 2670 882 scripserat
2699 799 2896 881 paulo

688 909 838 965 ante
877 902 945 965 in
1006 902 1293 983 septimo.
1414 903 1601 980 Tum,
1649 903 1703 965 si
1746 924 1968 965 verum
2014 902 2308 985 denique,
2357 901 2514 985 quid
2575 900 2657 964 ad
2700 900 2894 965 rem?

690 1003 1024 1067 Dedicavit
1057 1004 1351 1087 Deiparae
1380 1004 1611 1068 urbem
1644 1005 2145 1082 Constantinus3
2193 1027 2328 1070 non
2360 1005 2735 1081 dedicasset,
2766 1003 2897 1067 nisi

687 1106 1097 1190 profuturum
1133 1107 1193 1169 ei
1224 1107 1508 1189 Virginis
1557 1108 1986 1189 patrocinium
2016 1115 2320 1191 putasset.
2413 1107 2589 1173 Quid
2627 1106 2709 1170 ad
2753 1127 2900 1169 rem

687 1210 811 1272 ista
830 1211 859 1271 ’.Ρ
952 1210 1155 1272 Nulla
1184 1209 1357 1273 enim
1389 1210 1510 1288 hic,
1556 1211 1658 1273 vel
1704 1213 2040 1291 appar-itin,
2072 1212 2170 1275 vel
2200 1212 2529 1288 invoa-atie,
2562 1231 2704 1294 quae
2733 1231 2901 1293 prae-

691 1312 891 1375 sentis
923 1320 1107 1375 erant
1137 1312 1438 1390 instituti,
1472 1319 1538 1376 et
1568 1311 1649 1376 de
1680 1313 1913 1396 quibus
1937 1314 2282 1377 dicendum
2315 1313 2664 1378 Cardinali.

755 1446 854 1497 Sed
877 1485 888 1498 .
915 1485 927 1497 .
952 1483 964 1496 .
988 1446 1083 1497 hoc
1118 1448 1227 1498 loco
1264 1449 1636 1498 Controversias
1669 1448 1998 1511 disputandas
2036 1464 2140 1499 non
2175 1447 2724 1514 suscepimua—[Bell.
2747 1448 2897 1511 Apol.

819 1544 910 1594 pro
933 1529 1105 1594 Resp.]
1132 1545 1179 1594 p.
1208 1535 1282 1580 96.
1310 1530 1443 1595 [Op.,
1465 1535 1588 1580 tom.
1603 1531 1689 1582 vii.
1713 1530 1803 1580 col.
1829 1532 1938 1582 758.
1965 1531 2046 1596 0.]

782 1641 1245 1704 Controversias
1283 1642 1384 1702 hic
1425 1640 1837 1721 disputanda-8
1880 1641 2192 1722 suscipere
2221 1661 2286 1703 se
2315 1646 2519 1722 neyat.
2614 1640 2901 1723 Suscipit

689 1749 908 1806 tamen
936 1770 949 1806 z
997 1745 1191 1822 Nam,
1226 1764 1368 1827 quae
1400 1744 1475 1805 de
1514 1743 1962 1806 Intercessione
2009 1745 2380 1806 Sanctorum
2420 1743 2713 1826 superius
2744 1764 2899 1806 con-

691 1846 907 1929 gessit,
940 1853 1173 1929 praeter
1200 1867 1338 1908 rem
1368 1847 1602 1909 omnia.
1695 1847 1850 1910 Non
1881 1845 2073 1923 enim,
2109 1846 2188 1909 de
2227 1847 2512 1929 ipsorum
2552 1866 2670 1928 pro
2709 1845 2901 1909 nobis

692 1948 924 2032 agitur,
959 1949 1070 2012 sed
1101 1949 1179 2011 de
1209 1956 1448 2026 nostra,
1483 1948 1654 2032 apud
1683 1949 1827 2012 illos
1855 1975 1867 2011 :
1917 1951 2091 2032 prior
2121 1949 2340 2012 audita
2369 1949 2622 2012 forsan:
2667 1956 2734 2012 at
2761 1970 2902 2013 non

692 2051 1005 2133 posterior
1035 2051 1175 2114 ista.

759 2186 841 2237 Ad
866 2186 1124 2238 Christum
1148 2202 1238 2237 nos
1260 2187 1445 2248 venire,
1471 2189 1576 2237 sive
1599 2224 1612 2237 .
1637 2225 1649 2235 .
1676 2225 1686 2235 .
1712 2203 1803 2252 per
1823 2203 1915 2238 nos
1936 2188 2038 2237 sive
2061 2202 2151 2251 per
2171 2187 2299 2236 alios
2320 2187 2571 2237 adeamus.
2642 2188 2779 2237 Nam
2806 2226 2818 2237 .
2845 2225 2857 2238 .
2886 2227 2900 2237 .

822 2269 1098 2318 Matthaeus
1115 2269 1240 2334 [cap.
1253 2268 1384 2333 viii.]
1400 2269 1618 2332 scripsit,
1641 2269 1884 2319 ‘Accessit
1903 2269 1968 2319 ad
1991 2283 2107 2318 eum
2131 2269 2401 2329 Centurio,’
2423 2284 2539 2318 cum
2558 2273 2731 2319 tamen
2750 2269 2900 2334 (ipse)

820 2364 925 2400 non
962 2385 975 2399 .
1011 2389 1023 2400 .
1066 2350 1343 2411 accesserit,
1366 2349 1453 2400 sed
1479 2365 1570 2414 per
1591 2350 1733 2409 alios,
1757 2349 1957 2400 dicente
1979 2349 2156 2399 eodem
2181 2349 2504 2410 centurione,
2534 2349 2669 2413 apud
2693 2349 2905 2411 Lucam,

822 2447 929 2496 cap.
952 2431 1038 2481 vii.
1075 2436 1089 2458 ‘
1108 2431 1363 2496 Meipsum
1387 2446 1490 2482 non
1511 2446 1626 2481 sum
1649 2430 1863 2495 dignum
1886 2430 2409 2496 arbitratus-’—[Bell.
2443 2431 2591 2496 Apol.
2625 2446 2716 2496 pro
2747 2430 2900 2496 Resp.

826 2514 935 2577 Op„
958 2517 1079 2563 tom.
1097 2514 1183 2563 vii.
1208 2513 1299 2564 eol.
1318 2514 1427 2564 758.
1452 2513 1537 2577 D.]

783 2623 925 2685 Nec
982 2621 1093 2683 illa
1151 2619 1394 2703 RegiS,·
1429 2641 1465 2683 e
1525 2618 1734 2683 verbis
1788 2618 2026 2683 Christi
2076 2620 2290 2682 Venite
2334 2620 2422 2680 ad
2465 2620 2578 2681 Me
2626 2640 2832 2682 omnes
2849 2618 2898 2700 ¹,

696 2725 1142 2807 objectiuncula
1188 2730 1279 2787 est
1297 2723 1335 2785 ¹.-
1384 2723 1746 2786 Cardinalis
1784 2722 1866 2785 ad
1910 2722 2108 2799 illam,
2151 2723 2595 2803 refectiuncula
2642 2724 2901 2806 potius:

370 2854 459 2902 per
476 2842 672 2887 sanctos
698 2836 782 2907 et,
815 2828 1030 2906 miror,
1064 2848 1151 2890 an
1180 2827 1362 2904 seria,
1401 2827 1615 2888 Venite
1647 2825 1736 2887 ad
1771 2825 1903 2902 Me,
1938 2825 2027 2887 ait
2064 2827 2365 2888 Servator
2383 2850 2401 2901 ;
2461 2825 2549 2907 (id
2580 2828 2703 2908 est)
2746 2828 2900 2890 Car-

370 2908 446 2953 est
476 2903 674 2951 venien·

256 2989 261 2993 ·
373 2967 538 3031 dum.]

700 2930 912 2994 dinale
948 2930 1318 3011 interprete,
1353 2929 1624 2991 Manete
1665 2949 1794 3005 VOS,
1842 2927 2084 2991 mittite
2129 2928 2618 2991 internuncium
2660 2929 2745 2992 ad
2787 2931 2903 2994 Me

699 3033 1014 3116 aliquem:
1081 3029 1164 3093 Id
1195 3036 1294 3093 sat
1326 3031 1451 3093 erst
1486 3030 1567 3092 ad
1598 3052 1754 3109 rem,
1788 3031 2044 3093 tametsi
2077 3052 2186 3093 vos
2217 3052 2349 3094 non
2379 3032 2700 3095 veneritis
2795 3033 2906 3096 Ita

710 3136 943 3210 Venite,
979 3135 1117 3217 jam
1162 3134 1302 3210 erit,
1351 3134 1451 3194 Ne
1491 3135 1692 3194 venite
1741 3154 1868 3209 vOS,
1918 3133 2184 3196 veniant
2229 3134 2354 3196 alii.
2444 3134 2679 3217 Neque
2714 3136 2906 3217 juvat

696 3237 802 3299 hic
864 3236 1272 3299 Cardinalem
1358 3235 1702 3318 quicquam
1768 3236 2054 3299 narratio
2128 3236 2266 3319 ejus
2341 3236 2420 3298 de
2481 3238 2903 3302 Centurione.

701 3337 1021 3402 Praemisit
1052 3337 1160 3402 ille
1192 3338 1452 3421 quidem
1477 3339 1774 3401 Seniores
1799 3340 1840 3401 J
1844 3338 2189 3416 udaeorum,
2222 3340 2317 3420 (ut
2339 3338 2535 3402 habet
2569 3340 2775 3403 Lucas
2793 3351 2835 3378 ¹¹²
2858 3344 2901 3421 :)

701 3443 816 3505 sed
861 3449 927 3505 et
978 3441 1117 3524 ipse
1169 3448 1316 3524 post
1362 3441 1648 3519 accessit,
1690 3442 1787 3523 (ut
1829 3441 2024 3505 habet
2072 3442 2425 3506 Matthaeus
2443 3443 2519 3522 ¹¹.)
2613 3444 2909 3506 Accessit

709 3545 1013 3630 (inquam)
1047 3544 1198 3628 ipse.
1290 3546 1466 3608 Nam
1497 3545 1567 3608 ni
1599 3543 1984 3621 accessisset,
2013 3545 2331 3628 quomodo
2362 3544 2751 3609 constabunt
2781 3546 2907 3610 sibi

696 3649 936 3713 verba?
1027 3649 1217 3711 Dioez't
1251 3649 1435 3711 Jews
1468 3648 1557 3710 ad
1600 3649 2046 3725 Centurionem,
2081 3648 2224 3726 Abi,
2258 3654 2318 3710 et
2347 3649 2678 3711 secundum
2702 3648 2909 3728 fidem

697 3759 868 3815 tuam
882 3751 1010 3832 fiat
1042 3752 1157 3814 tibi
1172 3764 1216 3813 ⁰.
1289 3751 1637 3815 Poteratne
1668 3750 1862 3828 abire,
1897 3751 2006 3832 qui
2036 3772 2168 3813 non
2197 3753 2507 3814 venerat?
2558 3751 2909 3815 Poteratne

697 3855 1030 3919 absentem
1078 3858 1169 3917 sic
1200 3855 1379 3917 affari
1413 3854 1729 3932 ChristuS,
1763 3854 1907 3931 Abi,
1940 3860 2006 3916 et
2043 3854 2197 3931 Tibi,
2242 3861 2307 3916 et
2347 3855 2679 3917 secundum
2704 3854 2907 3934 fidem

699 3964 869 4021 tuam
889 3960 921 4020 ?
1010 3959 1227 4021 Nimis
1275 3959 1449 4021 enim
1482 3958 1714 4040 frigide
1747 3958 2094 4041 Cajetanus
2117 3969 2164 4036 ¹²,
2198 3965 2264 4020 et
2295 3978 2372 4021 ex
2404 3958 2716 4042 Cajctano
2747 3959 2909 4021 Car-

699 4060 948 4138 dinalis,
982 4060 1165 4129 Dixit
1196 4059 1289 4121 ad
1309 4059 1788 4136 Centurionem,
1836 4060 2025 4137 Vade,
2064 4081 2186 4122 non
2217 4062 2282 4122 in
2307 4062 2575 4142 propria
2604 4082 2906 4142 persona,

698 4295 761 4357 τῇ
807 4292 1015 4355 θεοτόκῳ
1044 4293 1261 4355 scripsit,
1294 4308 1409 4342 cum
1444 4292 1650 4342 fortasse
1685 4293 1754 4354 τῷ
1907 4301 1929 4323 ··
1993 4293 2134 4342 Matt.
2159 4295 2265 4343 viii.
2294 4294 2367 4357 5.]

700 4356 904 4420 θεοτόκῳ
918 4358 1132 4407 scribere
1160 4357 1753 4407 debuerat.”—-Schol.ad
1906 4366 1928 4390 ⁰
2022 4362 2112 4407 att.
2133 4359 2240 4408 viii.
2268 4361 2348 4408 13.

700 4421 785 4471 fin.
810 4423 899 4471 lib.
913 4423 1022 4471 viii.
1046 4435 1150 4484 cap.
1171 4424 1249 4471 26.
1273 4422 1397 4471 ibid.
1422 4436 1472 4485 p.
1490 4424 1600 4471 689.
1625 4422 1707 4485 A]
1906 4431 1927 4461 Ρ
1963 4422 2160 4486 [Thom.
2207 4424 2270 4472 de
2306 4422 2405 4473 vio
2450 4423 2594 4473 Card.
2643 4424 2802 4488 Cajet.
2845 4427 2904 4476 in

726 4528 729 4531 Α
763 4485 784 4515 ¹¹
831 4485 1215 4548 [Matt.,xi.28.]
1842 4486 2025 4536 Matth.
2061 4488 2262 4539 viii.13.
2300 4488 2433 4551 apud
2474 4488 2667 4540 Comm.
2714 4491 2771 4539 in
2809 4491 2900 4542 SS.

766 4547 779 4577 ¹
822 4547 1013 4611 [Verba
1036 4548 1267 4598 Bellarm.
1295 4550 1350 4599 in
1373 4565 1530 4613 marg.
1551 4551 1616 4599 ad
1641 4550 1753 4613 loa]
1842 4555 1965 4601 tom.
1985 4553 2048 4601 iv.
2074 4567 2121 4616 p.
2148 4555 2227 4602 44.
2250 4552 2316 4616 a]

756 4229 771 4268 ³
822 4229 874 4293 [“
894 4229 1152 4278 Librarius
1186 4229 1241 4277 in
1277 4228 1450 4277 Graeco
1473 4228 1752 4291 exemplari
1905 4236 1940 4258 ¹¹¹
1965 4227 2106 4406 {lpum
2130 4229 2216 4278 vii.
2244 4229 2310 4292 3.]
