3165 4959
978 354 1343 403 APoLoeuffl
1386 357 1752 404 nnsPoNsio.
1901 321 1920 338 “
2340 347 2463 405 341

262 506 334 571 in
382 513 556 571 statu
606 509 898 573 merendi
945 510 1096 588 sint,
1136 512 1382 595 (utpote
1431 512 1734 576 mortales
1782 520 1850 575 et
1894 514 2188 594 viatores)
2238 535 2322 577 ne
2351 536 2469 598 per

260 617 362 674 tot
392 633 713 675 annorum
742 619 880 676 tam
911 613 1219 677 diuturna
1255 616 1484 679 saecula
1529 616 1911 679 meritorum
1942 617 2035 682 vis
2065 617 2191 680 illis
2220 626 2466 682 crescat

260 714 332 776 in
380 714 751 791 infinitum3
817 723 892 778 ut
945 717 1045 780 vel
1098 719 1176 781 B.
1201 718 1543 811 Virginem
1591 718 1837 781 meritis
1886 718 2084 802 longo
2125 718 2465 785 intervallo

261 825 627 899 superent¹:
674 817 801 880 nisi
843 818 898 881 si
942 819 1202 884 illorum
1250 822 1500 898 merita,
1548 842 1915 904 quanquam
1960 828 2223 886 extensa
2256 822 2460 901 valde,

258 920 518 983 rarioris
563 927 787 984 tamen
835 930 1177 986 contextus
1230 924 1402 988 sint:
1448 931 1517 987 at
1561 926 1640 988 B.
1665 924 1955 1008 Virginis
2002 932 2141 989 tam
2181 926 2460 1005 intensa,

261 1031 456 1105 atque
494 1022 709 1103 densa,
740 1033 836 1103 ut,
870 1026 925 1088 si
954 1027 1277 1104 rarefiant,
1310 1027 1411 1090 vel
1439 1028 1694 1091 Enochi
1722 1035 1858 1091 tam
1903 1029 1973 1091 in
2015 1029 2283 1111 longum
2314 1051 2459 1112 pro·

258 1134 470 1190 tracta
498 1128 731 1192 merita
760 1150 1090 1212 exaequare
1120 1130 1388 1213 possint,
1421 1130 1710 1213 adeoque
1741 1132 1937 1194 etiam
1967 1131 2290 1195 excedere.

326 1260 408 1311 Ne
442 1266 613 1312 tamen
644 1262 779 1312 nihil
808 1265 1017 1314 omnino
1051 1264 1287 1315 adversus
1320 1263 1451 1314 hanc
1480 1264 1701 1314 haeresin
1727 1263 1968 1325 dicamus,
1997 1280 2156 1329 pauca
2189 1264 2252 1315 de
2284 1265 2462 1315 multis

389 1342 705 1393 adducemus.
734 1343 879 1395 Joan.
904 1346 1006 1394 xiv,
1031 1382 1043 1394 .
1080 1383 1093 1395 .
1124 1381 1136 1394 .
1173 1344 1348 1395 ‘vado
1380 1359 1554 1408 parare
1588 1346 1731 1395 vobis
1766 1345 1964 1406 locum‚’
1985 1347 2070 1395 dcc.
2094 1382 2107 1395 .
2144 1382 2157 1395 .
2188 1381 2201 1395 .
2231 1345 2361 1396 Heb.
2392 1347 2459 1395 vi.

390 1423 700 1474 ‘Praecursor
735 1440 827 1489 pro
860 1426 1009 1476 nobis
1042 1426 1308 1475 introivit-¹
1329 1462 1341 1475 .
1379 1460 1393 1474 .
1428 1460 1441 1474 .
1477 1425 1611 1476 Heb.
1634 1426 1708 1474 ix.
1744 1463 1757 1475 .
1792 1462 1805 1475 .
1838 1425 2113 1477 ‘Nondum
2143 1426 2459 1489 propalatam

389 1519 495 1555 esse
528 1506 826 1557 Sanctorum
859 1508 1111 1558 viam.'-—
1133 1507 1282 1573 [Bell.
1304 1508 1454 1571 Apol.
1477 1522 1570 1571 pro
1604 1507 1775 1573 Resp]
1809 1523 1861 1572 p.
1884 1509 1995 1559 142.
2046 1507 2182 1573 [Op.,
2218 1512 2342 1557 tom.
2369 1508 2457 1557 vii.

388 1584 483 1634 col.
508 1586 618 1637 784.
643 1585 698 1636 C.
722 1585 808 1651 D.]

352 1687 448 1749 At
498 1687 661 1748 nihil
709 1686 827 1750 sibi
877 1687 1221 1770 quicquam
1270 1688 1505 1750 dimisse
1555 1687 1810 1751 videtur
1869 1686 2251 1765 cardinalis,
2302 1687 2456 1751 dum
2505 1702 2635 1754 Loca
2655 1705 2704 1754 S.

2547 1769 2757 1832 ripturae

257 1786 463 1850 haeret
507 1788 579 1850 in
617 1789 938 1867 Patribus,
972 1810 1244 1872 quorum
1287 1810 1479 1853 nemo
1526 1789 1694 1854 forte
1732 1789 2071 1853 Enochum
2101 1789 2204 1852 vel
2245 1788 2456 1852 Eliam
2483 1833 2517 1882 d
2519 1849 2546 1883 e
2570 1833 2663 1882 hac
2685 1848 2740 1883 re

256 1889 478 1953 obvios
531 1891 781 1973 uspiam
839 1891 1087 1969 habuit,
1140 1898 1216 1955 ut
1269 1913 1395 1974 quo
1452 1891 1579 1955 loci
1638 1898 1897 1955 aetatem
1948 1897 2214 1973 agerent
2257 1910 2335 1953 ex
2380 1890 2459 1952 iis
2482 1899 2770 2011 οέῳὶω-

262 1999 480 2074 posset
538 1993 893 2057 resciscere.
985 1993 1088 2056 Ne
1142 1993 1343 2076 igitur
1386 1995 1549 2056 nihil
1597 1995 1787 2072 dicat,
1842 1993 1923 2056 ad
1977 1994 2341 2072 Scripturas
2392 2012 2458 2054 se

255 2096 501 2178 recipit,
547 2095 660 2159 ubi
690 2096 868 2158 vadit
898 2095 1194 2160 Christus
1211 2117 1456 2178 parare
1475 2098 1822 2178 Discipulis
1844 2098 2060 2174 locum,
2093 2097 2460 2158 Praecursor-

244 2218 369 2278 pro
421 2198 553 2260 illis
604 2199 845 2276 introit,
892 2198 1202 2279 Propalat
1258 2199 1631 2261 Sanctorum
1676 2201 1861 2276 viam,
1896 2205 2000 2282 &a
2089 2198 2175 2261 In
2207 2196 2454 2280 quibua,

257 2300 413 2383 quid
436 2300 593 2365 ordo
609 2300 864 2379 habeat,
891 2300 1046 2383 quid
1076 2321 1153 2364 ex
1181 2322 1324 2380 usu,
1345 2322 1419 2364 ex
1444 2303 1594 2384 jure
1613 2302 1942 2366 communi
1965 2301 2068 2378 sit,
2094 2299 2455 2362 edocemur.

255 2404 400 2467 Nec
430 2404 774 2487 quicquam
804 2412 1026 2468 tamen
1059 2402 1289 2483 obstat,
1322 2426 1450 2488 quo
1496 2404 1712 2467 minus
1756 2402 2006 2467 duobus
2043 2402 2147 2465 his
2187 2401 2458 2485 speciale

255 2507 512 2588 aliquod
571 2506 974 2590 privilegium
1023 2507 1331 2590 peculiari
1381 2509 1529 2592 jure
1587 2506 1911 2590 indulgeri
1967 2506 2187 2588 possit.
2280 2504 2457 2570 Quid

254 2617 474 2673 autem
504 2609 666 2687 dioc,
711 2610 963 2692 possit?
1012 2631 1160 2673 curn
1189 2608 1519 2672 indultum
1550 2609 1658 2687 sit,
1703 2608 1900 2691 idque
1932 2606 2274 2679 cardinale
2319 2607 2456 2688 ipso

253 2734 387 2776 non
430 2711 813 2795 refragante.
908 2716 967 2775 1.
1016 2713 1338 2774 Statutum
1379 2712 1555 2775 'enim
1604 2711 1969 2789 hominibus,
2010 2710 2199 2772 semel
2242 2706 2454 2784 mov-5³,

254 2823 448 2898 atque
507 2837 584 2879 ea
642 2816 927 2879 clausula
984 2823 1104 2893 est,
1160 2815 1241 2878 ad
1292 2816 1600 2899 cujusque
1653 2814 2051 2876 Patviarchoe
2100 2810 2455 2894 periodum,

252 2920 346 2981 Et
368 2924 646 2982 mortuas
675 2925 767 2981 est
782 2917 828 2981 ¹².
884 2919 1227 2983 Enochum
1255 2925 1477 2981 tamen
1493 2903 1602 2979 hic
1621 2915 1981 2980 Cardinalis
2012 2914 2284 2996 excipiet
2307 2913 2456 2976 scio,

255 3026 318 3085 2.
365 3021 693 3084 Abraham
743 3026 1023 3083 mortuus
1075 3026 1187 3097 est,
1241 3026 1308 3082 et
1353 3019 1694 3101 Prophetae
1741 3019 1970 3080 mortui
2016 3023 2161 3079 sunt
2175 3015 2211 3079 ¹.
2303 3016 2459 3078 Pro-

253 3124 520 3207 phetam
563 3131 784 3187 tamen
813 3123 1024 3187 Eliam
1060 3122 1238 3206 (scio)
1274 3121 1530 3200 eximet,
1567 3142 1800 3203 nempe
1845 3142 1922 3184 ex
1939 3120 2297 3202 privileyio,
2330 3139 2458 3200 quo

251 3235 478 3289 tamen
518 3226 654 3310 juri
683 3226 1012 3290 communi
1041 3247 1176 3289 non
1206 3224 1570 3307 derogatur.
1661 3227 1725 3288 3.
1760 3224 1886 3287 Par
1914 3229 2012 3287 est
2042 3229 2108 3286 et
2138 3241 2455 3285 resurrec-

251 3329 452 3392 tionis
512 3329 699 3392 rati0.
800 3330 899 3392 Ea
953 3328 1025 3391 in
1092 3329 1222 3391 fine
1282 3328 1500 3391 saeculi
1551 3328 1869 3409 ρεπεναίἱε
1927 3326 2149 3389 futura
2207 3334 2325 3401 est,
2389 3332 2455 3386 at

249 3437 660 3494 surrexerunt
688 3439 912 3495 tamen
955 3432 1155 3508 multi,
1188 3435 1249 3493 et
1293 3431 1578 3492 exierunt
1610 3429 1686 3491 a'e
1720 3428 2126 3491 monumentis
2153 3428 2285 3487 suis
2307 3431 2458 3505 post

247 3534 762 3597 resurrectionem
786 3533 1023 3595 Christi
1032 3544 1101 3607 ¹¹¹,-
1135 3533 1329 3595 etiam
1346 3531 1416 3593 in
1440 3531 1696 3604 coelum,
1715 3536 1789 3591 ut
1815 3526 2216 3610 quorundam
2239 3526 2457 3608 opinio

250 3644 371 3711 est,
403 3657 552 3700 cum
587 3636 845 3699 Christo
876 3635 1327 3698 ascenderunt.
1417 3629 1611 3695 Addo
1634 3637 1699 3694 et
1732 3638 2056 3713 quartum.
2131 3630 2193 3690 4.
2226 3627 2456 3707 Requi-

249 3745 465 3802 escunt
496 3740 725 3800 mortui
755 3759 795 3801 a
827 3738 1140 3800 laboribus
1168 3738 1299 3799 suis
1317 3745 1366 3798 ¹¹.
1435 3734 1718 3797 Excitati
1748 3742 1971 3795 tamen
2002 3731 2214 3793 denuo
2244 3729 2454 3804 multi,

250 3845 333 3907 ad
382 3843 605 3906 vitam'
627 3843 817 3921 hanc,
856 3843 939 3904 ad
989 3841 1137 3904 vitae
1183 3841 1379 3923 hujus
1427 3835 1652 3900 munia
1690 3845 1756 3899 et
1807 3833 2057 3897 labores
2104 3833 2453 3896 redierunt.

251 3949 471 4028 Atque
514 3945 639 4009 hoc
687 3944 787 4008 vel
832 3928 915 4006 in*
956 3944 1307 4024 Scripturis
1328 3969 1346 4002 .·
1394 3944 1488 4005 At
1529 3940 1599 4001 in
1637 3937 1948 4019 Leyendis
1999 3936 2224 3998 vestris
2274 3941 2340 3997 et
2386 3935 2457 3997 in

252 4049 554 4128 Speculis,
573 4046 855 4125 Fratres,
878 4047 1197 4124 Monac-hi,
1220 4042 1611 4119 Sacerdotes,
1637 4061 1794 4123 quos
1817 4060 1952 4104 non
1975 4044 2074 4114 est
2095 4057 2454 4101 numerare.

314 4234 326 4265 ¹
359 4235 516 4299 [Vide
551 4235 727 4284 Franc.
763 4234 946 4285 Suarez
981 4234 1038 4281 in
1068 4233 1142 4281 iii.
1179 4234 1308 4294 part.
1397 4234 1515 4279 sect.
1541 4230 1608 4278 iv.
1643 4229 1739 4290 §4.
1776 4243 1860 4291 pp.
1886 4227 1998 4277 484.
2022 4226 2157 4287 485]

249 4299 312 4348 D.
325 4300 505 4349 Thom.
529 4299 715 4357 Quaest.
734 4300 825 4347 lix.
853 4302 964 4346 Art.
981 4299 1048 4345 vi.
1074 4296 1217 4358 Disp.
1243 4295 1308 4342 lv.
1455 4294 1471 4335 ³
1522 4293 1738 4343 Heb.ix.
1764 4295 1843 4343 27.

248 4370 367 4412 sect.
385 4366 418 4411 i.
444 4368 566 4412 tom.
584 4365 636 4411 ni
662 4378 709 4425 p.
729 4365 877 4421 1124;
916 4361 1100 4411 Bened.
1121 4360 1311 4409 Peterii
1461 4357 1483 4388 ¹¹
1519 4358 1643 4408 Gen.
1666 4373 1711 4407 v.
1742 4421 1773 4432 ..

250 4428 446 4477 Comm.
479 4429 534 4475 in
570 4427 694 4476 Gen.
729 4427 818 4475 lib.
843 4426 931 4475 vii.
965 4425 1150 4482 Quaest.
1176 4439 1221 4472 ν.
1258 4438 1308 4485 p.
1459 4421 1471 4452 ¹
1516 4422 1660 4470 Joan.
1685 4422 1793 4469 vin.
1820 4423 1896 4469 53.

249 4494 360 4541 363.
404 4491 511 4540 Col.
541 4491 757 4553 Agripp.
800 4493 949 4548 16013
987 4493 1042 4538 et
1080 4489 1209 4537 Bias.
1246 4487 1308 4535 de
1458 4494 1491 4516 ¹⁸¹
1518 4487 1664 4534 Matt.
1689 4484 1846 4532 xxvii.
1874 4485 1951 4532 53.

249 4555 399 4619 Vieg.
447 4556 505 4604 in
553 4555 713 4618 Apoc.
768 4569 874 4617 cap.
909 4556 978 4602 xi.
1032 4553 1225 4602 Comm.
1261 4566 1307 4600 v
1458 4558 1481 4580 ¹¹
1517 4549 1903 4612 Apoc.xiv.13.
