3165 4959
975 363 1342 411 stomoma
1386 365 1749 414 assmNslo.
2335 356 2464 418 265

391 516 624 578 effigiem,
660 515 716 594 id
751 520 829 565 est
865 515 1161 577 accidentia,
1200 533 1303 568 non
1341 519 1763 585 mutari.-[Bell.
1788 519 1937 584 Apol.
1962 533 2054 586 pro
2077 521 2247 594 Resp]
2280 538 2328 586 p.
2355 523 2465 574 107.

390 595 524 659 [Op.,
547 600 671 645 tom.
695 596 782 646 vii.
805 596 897 645 col.
923 597 1033 648 764.
1059 596 1112 646 C.
1130 597 1213 662 D.]

352 695 583 757 Gravis
625 702 841 757 autem
887 702 1107 758 auctor
1148 697 1274 774 ille,
1326 697 1462 780 (qui
1504 719 1722 762 nomen
1772 701 2074 781 Cypriani
2109 702 2300 782 gerit,
2346 721 2467 765 nec
2515 712 2732 763 Amoldi

261 797 626 880 Cyprianus
683 803 906 860 tamen
965 800 1111 880 est,)
1176 806 1481 862 mutatum
1540 801 1696 865 dicit
1754 809 1986 865 natura
2032 823 2283 883 panem,
2345 825 2468 866 non
2535 779 2735 843 amot.‚]

259 901 459 984 effiyie
481 928 499 962 .·
571 899 744 983 quod
792 921 1003 984 neque
1055 922 1367 985 negamus
1418 925 1555 967 nos.
1654 904 1783 968 Sed
1837 905 2196 969 Cardinalis
2245 913 2469 969 tamen

257 1003 560 1086 glossam,
593 1008 904 1081 naturam,
936 1004 1010 1065 id
1035 1011 1147 1083 est,
1178 1006 1611 1085 substantiam,
1644 1014 1706 1070 et
1735 1009 2012 1092 effiyimn,
2042 1009 2117 1070 id
2156 1015 2268 1086 est,
2301 1010 2466 1072 acci-

261 1107 497 1184 dentia,
560 1105 998 1188 deprecamur.
1088 1108 1457 1173 Accedente
1517 1111 1690 1174 enim
1744 1110 1920 1174 verbi
1979 1111 2465 1193 omnipotentia,

260 1217 562 1272 naturam
593 1209 851 1287 mutari,
884 1217 978 1288 ut,
1013 1211 1187 1294 quod
1216 1220 1368 1276 ante
1412 1213 1664 1277 nudum
1695 1214 2089 1278 elementum
2119 1220 2277 1292 erat,
2309 1215 2467 1278 divi-

261 1333 425 1374 num
463 1312 601 1394 jam
631 1311 744 1373 fiat
778 1312 1290 1392 Sacramentum,
1321 1323 1628 1379 manente
1658 1322 1897 1395 tamen,
1932 1337 2076 1398 quae
2116 1317 2292 1398 prius
2320 1317 2465 1397 fuit,

265 1415 648 1479 substantia.
757 1417 1012 1479 Docent
1055 1417 1179 1481 hoc
1224 1439 1366 1500 quae
1415 1420 1637 1481 statim
1683 1427 2043 1502 sequuntur
2086 1419 2317 1496 verba3
2380 1428 2466 1498 et,

266 1539 412 1601 quae
442 1539 587 1601 pars
629 1524 781 1581 sunt
827 1519 1114 1601 ejusdem
1159 1519 1425 1603 periodi,
1458 1527 1525 1584 et
1569 1543 1609 1583 a
1636 1521 1818 1585 vobis
1860 1543 2129 1604 semper,
2162 1543 2296 1585 non
2333 1523 2470 1586 sine

262 1622 510 1700 fraude,
542 1622 824 1704 praecisa.
914 1623 1007 1685 Et
1049 1625 1214 1686 sicut
1243 1625 1311 1686 in
1333 1644 1609 1704 persona
1646 1625 1882 1686 Christi
1917 1627 2271 1688 huvnanitas
2298 1626 2469 1688 vide-

264 1726 470 1803 batur,
516 1733 576 1788 et
623 1727 856 1789 latebat
896 1728 1195 1790 divinitas
1212 1754 1234 1802 ,-
1284 1728 1378 1790 ita
1428 1728 1834 1790 Sacramento
1877 1729 2109 1790 visibili
2154 1729 2366 1791 divina
2404 1751 2471 1792 se

264 1827 497 1910 infitdit
548 1832 832 1892 essentia.
923 1831 1021 1893 Ea
1065 1851 1297 1912 nempe
1345 1830 1718 1913 conjunctio
1762 1831 1933 1893 inter
1982 1832 2469 1895 Sacramentum

263 1934 533 2013 visibile,
574 1942 639 1998 et
684 1956 823 1997 rem
865 1934 1265 1998 Sacramenti
1309 1933 1715 2011 invisibilem,
1764 1956 1907 2018 quse
1954 1935 2125 1998 inter
2168 1936 2469 1999 humani-

264 2044 470 2100 tatem
501 2045 565 2099 et
598 2037 999 2100 divinitatem
1021 2036 1285 2113 Christi,
1311 2036 1443 2114 ubi,
1468 2037 1597 2099 nisi
1626 2037 1971 2120 Eutychen
2003 2058 2223 2121 sapere
2248 2039 2467 2118 vultis,

263 2141 634 2203 humanitas
684 2141 753 2203 in
815 2139 1217 2203 divinitatem
1275 2161 1409 2203 non
1474 2140 2114 2204 transubstantiatur.
2221 2142 2333 2221 At,
2396 2151 2471 2206 ut

266 2251 558 2306 naturam
604 2243 693 2307 ibi
740 2243 901 2307 scias
945 2243 1024 2306 de
1068 2244 1417 2305 substantia
1461 2265 1596 2309 non
1641 2243 1937 2327 intelligi,
1969 2244 2082 2308 ubi
2119 2245 2210 2308 ait
2241 2247 2471 2309 Petrus

267 2348 491 2410 divinoe
520 2355 759 2411 naturae
775 2348 928 2430 fieri
958 2368 1069 2410 nos
1099 2354 1411 2410 consortes
1420 2344 1468 2425 ⁶,
1502 2354 1697 2429 negat
1729 2348 1971 2411 Auctor
1997 2349 2104 2410 ille
2127 2349 2217 2430 (et
2247 2348 2472 2412 eadem

265 2450 474 2514 adhuc
504 2450 787 2534 periodo)
823 2471 1012 2532 nsque
1042 2449 1130 2511 ad
1156 2449 1862 2513 consubstantialitatem
1898 2451 2135 2513 Christi
2164 2453 2471 2515 unitatem

265 2556 429 2616 hanc
447 2555 794 2634 pervenire.

359 2655 805 2720 Substantiam
848 2655 1048 2738 igitur
1098 2676 1419 2737 nusquam
1460 2655 1700 2737 reperit
1747 2654 2108 2719 Cardinalis
2149 2655 2469 2718 affirmari.
2500 2658 2759 2723 [Mutatio-

267 2761 362 2825 At
390 2781 527 2837 n03,
558 2758 818 2842 negari,
863 2758 1038 2839 μένει
1079 2754 1203 2843 Ι’γὰρ
1233 2754 1344 2819 ἐπὶ
1384 2758 1501 2837 τῆς
1540 2753 1857 2843 προτέρας
1887 2754 2107 2825 οὐσίας
2142 2757 2471 2837 σύμβολα,
2498 2725 2799 2837 ξιῗέιῗὲζθ.

270 2862 711 2925 Theodoretus
726 2871 769 2926 θ.
878 2861 1146 2923 Manent
1204 2862 1366 2923 enim
1426 2861 1739 2941 Symbola,
1792 2861 1860 2922 in
1903 2861 2117 2940 priori
2166 2880 2281 2922 sua
2330 2861 2472 2922 sub-
2497 2853 2798 2965 ἔὲξέιῖξῑθῡ·

267 2966 526 3027 stantia.
619 2964 913 3027 Gelasius
932 2961 952 3001 s
986 2972 1223 3039 autem,
1258 2962 1557 3044 Pontifea‘
1597 2972 1663 3027 et
1696 2966 1932 3027 Pastor
1964 2985 2254 3043 summus,
2286 2966 2471 3049 cujus
2500 2954 2764 3044 Geminis]

270 3068 350 3131 ab
405 3088 510 3130 ore
555 3067 872 3148 pendeant
930 3086 1191 3129 necesse
1252 3073 1349 3128 est
1398 3065 1722 3147 Pontificii
1779 3088 2023 3146 omnes,
2072 3068 2140 3129 in
2199 3067 2472 3129 divinam

271 3172 542 3234 transire
588 3172 831 3251 Spiritu
875 3171 1106 3232 Sancto
1139 3168 1503 3250 perficiente
1546 3171 1978 3249 substantiam,
2029 3175 2241 3254 (quem
2286 3171 2472 3255 proin

268 3275 469 3338 miror
513 3297 550 3337 a
594 3273 936 3337 Cardinale
981 3273 1501 3355 praetermissum)
1542 3280 1604 3336 et
1657 3280 1863 3338 tamen
1909 3295 2040 3337 esse
2085 3296 2206 3337 non
2242 3276 2470 3338 desinit

269 3445 541 3504 divinitas3
576 3446 649 3493 ita
684 3447 994 3493 sacramento
1030 3443 1222 3493 visibili
1253 3444 1324 3492 in-

268 3510 540 3559 effabiliter
570 3509 746 3557 divina
779 3523 831 3557 se
868 3508 1055 3557 infudit
1096 3508 1325 3566 essentia,

270 3579 328 3622 ut
352 3578 481 3622 esset
502 3573 737 3634 religioni
765 3574 896 3622 circa
916 3577 1226 3621 sacramenta
1247 3572 1326 3621 de·

268 3639 422 3698 voti0,
460 3642 513 3687 et
555 3637 618 3687 ad
651 3638 934 3696 veritatem,
972 3637 1113 3700 eujus
1148 3651 1326 3698 corpus

1410 3446 1553 3501 turae,
1577 3448 1629 3491 et
1661 3446 1832 3492 tamen
1865 3458 1970 3493 esse
2002 3459 2105 3492 non
2140 3444 2330 3493 desinit
2359 3443 2469 3493 sub·

1410 3507 1599 3555 stantia
1633 3506 1712 3555 vel
1751 3512 1931 3556 natura
1997 3509 2107 3556 anis
2145 3512 2196 3557 et
2232 3508 2355 3556 vini.
2380 3543 2391 3555 .
2420 3542 2434 3556 .
2454 3545 2465 3556 .

1412 3570 1545 3620 Satis
1567 3585 1687 3630 ergo
1709 3571 1855 3619 nobis
1877 3572 1957 3620 evi
1997 3576 2140 3619 enter
2171 3571 2469 3629 ostenditur,

1412 3633 1507 3682 hoc
1551 3634 1698 3682 nobis
1743 3636 1798 3683 in
1848 3636 1957 3696 ipso
2005 3635 2205 3684 Christo
2249 3635 2468 3683 Domino

270 3709 322 3751 et
352 3703 556 3764 sanguis
586 3707 895 3751 sacramenta
929 3708 1063 3759 sunt,
1086 3701 1326 3749 sincerior

269 3771 466 3830 pateret
499 3781 736 3825 accessus,
768 3781 923 3828 usque
961 3765 1025 3815 ad
1060 3766 1324 3828 participa-

268 3833 463 3879 tionem
512 3832 756 3894 spiritus;
817 3845 918 3879 non
978 3831 1111 3893 quod
1169 3845 1324 3892 usque

267 3896 335 3945 ad
374 3896 947 3945 consubstantialitatem
995 3895 1199 3952 Christi,
1238 3894 1323 3943 sed

268 3976 424 4023 usqne
461 3960 523 4010 ad
560 3961 849 4009 societatem
887 3960 1323 4021 germanissimam

267 4026 375 4087 ejus
390 4025 497 4074 hoee
514 4026 681 4073 unitas
694 4023 1320 4086 pervenisset.”—Arnold.

268 4090 470 4139 Carnot.
495 4089 557 4138 de
590 4090 746 4138 Coena
779 4090 1003 4139 Domini.
1034 4088 1147 4152 Op„
1171 4103 1218 4151 p.
1244 4091 1323 4137 40.

266 4154 333 4203 ad
356 4154 477 4203 calc.
502 4155 612 4217 Op„
634 4154 684 4203 S.
710 4152 989 4218 Cypriani]

333 4218 355 4248 ‘¹
388 4221 419 4267 2
445 4218 549 4267 Pet.
576 4220 609 4267 i.
627 4221 673 4267 4.

332 4291 353 4313 ⁸
388 4282 672 4347 [Theodon]
713 4283 844 4333 Dial.
870 4283 927 4332 ii.
954 4282 1087 4348 [Op.,
1114 4286 1236 4330 tom.
1260 4282 1323 4331 iv.

264 4346 610 4476 p.‘12[({;]ceroe
655 4412 978 4462 Sacramenta
1023 4426 1134 4473 quae
1178 4411 1327 4460 sumi·

263 4492 379 4526 mus
434 4478 655 4539 corporis
709 4482 761 4526 et
816 4477 1079 4538 sanguinis
1133 4476 1324 4526 Christi

262 4542 444 4591 divina
478 4557 555 4590 res
593 4547 684 4600 est,
721 4545 926 4604 propter
971 4540 1104 4603 quod
1141 4545 1193 4589 et
1237 4556 1325 4603 per

260 4606 440 4657 eadem
467 4606 657 4656 divinae
690 4606 936 4656 efficimur
958 4610 1209 4655 consortes
1243 4620 1323 4656 na-

1411 3697 1747 3757 sentiendum,
1793 3698 1926 3760 quod
1984 3700 2039 3746 in
2094 3699 2201 3761 ejus
2243 3699 2468 3760 imagine

1411 3762 1722 3825 profitemur,
1760 3763 2081 3821 celebramus,
2121 3769 2173 3811 et
2207 3765 2467 3821 sumimus,

1412 3832 1470 3876 ut
1495 3827 1628 3876 sicut
1663 3828 1717 3875 in
1749 3827 1894 3885 hanc,
1919 3827 2113 3875 scilicet
2142 3828 2198 3875 in
2221 3827 2466 3886 divinam,

1412 3896 1670 3941 transeant
1716 3890 1898 3941 Sancto
1944 3892 2138 3954 Spiritu
2175 3891 2465 3955 perficiente

1411 3957 1762 4017 substantiam,
1814 3962 2138 4018 permanente
2194 3961 2362 4005 tamen
2412 3957 2466 4004 in

1411 4037 1514 4070 suae
1568 4022 1874 4084 proprietate
1939 4026 2149 4081 naturae,
2203 4022 2275 4070 sic
2339 4020 2467 4069 illud

1411 4087 1579 4148 ipsum
1635 4087 1932 4147 mysterium
1988 4086 2280 4148 principale,
2328 4085 2470 4147 cujus

1412 4151 1559 4199 nobis
1582 4150 1904 4198 efficientiam
1926 4149 2266 4212 virtutemque
2289 4150 2468 4198 veraci·

1412 4219 1491 4264 ter
1531 4219 1908 4276 repraesentant,
1944 4229 2006 4263 ex
2052 4215 2234 4277 quibus
2272 4219 2469 4262 constat

1413 4281 1616 4342 proprie
1658 4280 2068 4342 permanentibus
2109 4294 2264 4326 unum
2307 4278 2470 4327 Chris-

1413 4348 1540 4403 tum,
1586 4344 1703 4407 quia
1748 4345 2002 4405 integrum
2051 4358 2320 4406 verumque
2365 4357 2469 4405 per-

1413 4424 1616 4457 manere
1672 4406 2312 4470 demonstrant.”—Gelas.]
2356 4407 2467 4455 adv.

1412 4473 1623 4536 Eutych.
1671 4478 1724 4523 et
1769 4474 2076 4523 Nestorium.
2137 4472 2290 4536 [Bibl.
2329 4472 2465 4522 Max.

1413 4538 1547 4589 Patr.
1578 4542 1699 4588 tom.
1728 4540 1834 4589 viii.
1871 4552 1920 4600 p.
1944 4539 2054 4589 703.
2081 4537 2134 4583 F..
2165 4536 2240 4601 R]
