3165 4959
919 338 1280 385 APoLoomM
1329 338 1686 385 lesPoNsio.
2282 326 2408 387 495

203 494 406 576 igitur
440 493 789 557 Godfridus
813 504 840 532 ¹¹
887 503 950 557 et
984 495 1160 559 Otho
1183 507 1208 532 ⁰
1252 494 1423 557 istud
1468 494 1546 558 de
1580 495 1890 577 Gregorio
1923 482 2017 558 ΙΪ.
2063 518 2196 559 non
2240 496 2411 579 lege-

206 604 377 674 rant,
409 597 508 659 vel
545 597 765 660 Groeea
813 597 881 661 id
925 596 1061 678 fide
1083 607 1109 647 Ρ
1155 606 1487 660 narratum
1535 598 1829 661 arbitrati
1871 604 2039 662 sunt.
2130 599 2218 661 Et
2262 620 2413 662 cum

207 720 332 761 non
380 702 597 782 leyisse
647 722 713 763 se
761 700 1002 777 dieunt,
1054 723 1289 763 novum
1343 701 1587 777 dieunt,
1642 701 1835 783 idque
1894 702 1983 765 ita
2044 702 2286 780 dicunt,
2338 709 2411 765 ut

209 802 409 865 cuivis
449 803 689 884 legenti
726 811 962 886 pateat,
1005 803 1249 866 factum
1294 803 1364 866 in
1394 824 1470 867 eo
1505 802 1935 866 Hildebrandi
1974 804 2063 867 eis
2103 826 2237 868 non
2270 827 2412 888 pro-

210 904 368 968 bari.
459 905 616 968 Non
654 905 747 968 ita
784 907 1087 970 scriberet
1118 905 1296 970 Otho
1330 905 1689 969 Henricum
1719 906 2184 987 Imperatorem,
2218 890 2410 970 etiam

206 1016 553 1091 postquam
601 1008 683 1072 ab
745 1009 1190 1073 Hildebrando
1250 1008 1610 1091 depositus:
1683 1030 1834 1088 non,
1893 1010 2001 1092 qui
2059 1009 2413 1094 instigante

209 1112 522 1174 Pontifice
543 1111 786 1176 bellum
816 1112 874 1175 ei
905 1112 1285 1189 intulerunt,
1318 1112 1612 1174 rebelles:
1648 1112 1772 1174 nisi
1801 1133 1938 1175 rem
1968 1112 2410 1196 improbasset.

209 1214 520 1296 Reliquos
563 1236 714 1279 vero
759 1214 945 1278 nihili
989 1215 1161 1294 facit,
1206 1214 1630 1279 Vincentium
1649 1228 1696 1292 q,
1746 1214 2121 1280 Radwieum
2138 1229 2179 1294 ¹,
2230 1218 2413 1279 Gun-

205 1316 469 1379 therum
487 1326 544 1394 ⁸3
585 1338 727 1379 vere
759 1324 979 1381 tamen
1005 1317 1374 1396 Catholicae,
1406 1338 1526 1381 nec
1558 1318 2005 1381 Schismaticos
2034 1340 2072 1381 a
2095 1341 2414 1402 quoquam

204 1418 501 1483 habitos:
549 1419 663 1483 sed
713 1420 879 1484 forte
909 1422 1011 1485 vel
1055 1420 1137 1485 ob
1165 1443 1373 1484 unum
1425 1420 1568 1500 hoc,
1614 1422 1783 1504 quod
1820 1422 2199 1503 Imperatori
2246 1423 2413 1486 bene

204 1522 466 1601 vellent,
497 1524 765 1587 schisma
795 1523 1092 1587 nonnihil
1122 1523 1462 1606 sapientes.

279 1683 350 1731 Ut
371 1689 540 1734 autem
560 1684 666 1734 Rex
690 1685 877 1746 videat,
905 1700 1021 1735 vere
1042 1701 1074 1735 a
1092 1700 1174 1735 me
1197 1685 1390 1735 dictum
1414 1699 1535 1744 esse,
1558 1686 1826 1734 convenire
1857 1685 1990 1734 inter
2017 1684 2212 1749 [omnes
2235 1684 2414 1734 Catho—

339 1764 481 1829 licos]
507 1765 784 1827 Theologos
819 1771 872 1815 et
891 1765 923 1815 J
931 1766 1303 1826 urisconsultos,
1327 1801 1340 1814 .
1365 1802 1376 1814 .
1402 1801 1414 1814 .
1438 1766 1575 1827 legat
1599 1765 1884 1814 Concilium
1907 1801 1919 1814 .
1945 1802 1956 1813 .
1983 1802 1994 1814 .
2021 1765 2251 1815 Lateran.
2275 1781 2314 1814 c.
2338 1766 2414 1814 iii.

344 1883 356 1895 .
380 1882 393 1897 .
419 1884 429 1895 .
457 1846 811 1909 Lug-dunense,
834 1846 968 1896 unde
989 1850 1157 1896 exstat
1181 1846 1298 1910 Cap.
1325 1845 1424 1894 ‘Ad
1444 1847 1655 1910 Apost„'
1678 1845 1740 1896 de
1764 1846 1902 1895 Sent.
1922 1851 1975 1896 et
1990 1847 2061 1896 Re
2077 1847 2109 1897 J
2114 1847 2244 1896 udie.
2268 1848 2324 1896 in
2342 1848 2411 1896 vi.

340 1928 562 1992 —[Bell.
587 1928 734 1990 Apol.
758 1942 848 1991 pro
865 1926 1034 1991 Resp]
1067 1942 1116 1990 p.
1141 1930 1252 1978 215.
1288 1928 1419 1992 [Op.,
1439 1931 1561 1977 tom.
1587 1928 1674 1977 vii.
1699 1928 1790 1977 col.
1820 1931 1930 1979 825.
1957 1927 2034 1992 C.]

294 2045 515 2109 Aeiem
570 2052 714 2128 post
765 2044 1069 2123 instituit,
1116 2054 1212 2123 ut,
1281 2046 1446 2108 inter
1509 2066 1661 2127 quos
1724 2047 2024 2123 convenit,
2094 2048 2415 2109 convenire

207 2149 450 2211 doceat.
543 2146 732 2213 Quod
796 2146 940 2229 quis
999 2149 1246 2231 negat?
1343 2149 1625 2211 Concilia
1678 2170 1819 2231 quae
1878 2149 2049 2231 cogit
2106 2149 2218 2228 ibi,
2280 2172 2414 2213 non

210 2251 557 2328 habentur,
605 2250 730 2312 nisi
777 2249 848 2310 in
885 2250 1368 2313 Decretalibus:
1417 2251 1609 2334 Papae
1660 2250 1835 2314 enim
1885 2260 2025 2313 tum
2074 2274 2207 2315 non
2253 2275 2413 2333 prae-

205 2362 395 2417 erant
447 2352 638 2415 modo
689 2352 1003 2428 Cone-iliis,
1055 2352 1167 2414 sed
1220 2360 1404 2415 erant
1453 2353 1596 2433 ipsa
1645 2353 1923 2414 Concilio
1943 2379 1964 2424 ;
2011 2374 2150 2430 nee,
2204 2354 2415 2436 siquid

204 2456 536 2535 dixissent,
591 2462 817 2518 contra
869 2454 1210 2538 quisquam
1257 2454 1521 2519 hiscere.
1617 2456 1760 2519 Nec
1804 2455 1916 2519 illa
1957 2464 2196 2536 tamen,
2252 2465 2409 2536 tam,

215 2561 314 2642 (ut
347 2559 705 2624 Cardinalis
747 2579 823 2621 ea
862 2558 1063 2622 videri
1104 2559 1263 2641 vult)
1324 2558 1587 2642 liquida.
1683 2560 2116 2622 Lateranense
2166 2559 2245 2622 de
2277 2561 2415 2622 Ex·-

205 2665 674 2728 communicatis
719 2671 834 2741 est,
869 2662 998 2745 (uti
1042 2685 1153 2726 vos
1198 2662 1459 2744 quidem
1512 2663 1637 2746 ipsi
1682 2663 1943 2745 dicitis),
1977 2663 2055 2726 de
2086 2665 2418 2727 Hoereticis

205 2790 340 2832 non
365 2769 541 2858 ‚estK
636 2768 793 2829 Esse
847 2765 1107 2849 quidem
1158 2767 1432 2850 Paganis
1483 2767 1733 2850 pejores
1781 2767 2117 2831 haereticos
2166 2769 2412 2847 damus,

206 2871 321 2934 sed
352 2870 461 2953 qui
505 2870 776 2932 haereses
813 2865 1142 2938 ἀπωλείας
1185 2877 1453 2932 teneant
1493 2870 1614 2951 (uti
1644 2891 1750 2933 eas
1781 2871 1849 2933 S.
1874 2872 2105 2934 Petrus
2124 2881 2153 2909 ¹¹
2199 2874 2415 2955 appel-

203 2975 349 3056 lat),
399 2995 532 3036 non
591 2973 866 3057 quosviS‚
932 2995 1066 3037 non
1119 2972 1753 3051 Quartodecimanos,
1804 2973 1922 3052 vel,
1986 2974 2095 3055 qui
2153 2974 2231 3038 de
2291 2975 2415 3038 levi

205 3080 424 3164 aliqua
463 3100 532 3142 re
575 3078 908 3142 abundent
952 3079 1022 3141 in
1069 3099 1265 3142 sensu
1311 3100 1449 3142 suo,
1544 3077 1979 3161 Lugdunense
2027 3080 2413 3144 sententiam

205 3184 406 3248 habet
439 3206 476 3246 a
508 3184 681 3267 Papa
709 3184 927 3261 latam,
962 3189 1027 3246 et
1067 3182 1284 3265 inique
1328 3182 1527 3244 latam
1551 3188 1581 3216 ¹
1602 3208 1621 3259 ς
1675 3183 1983 3245 Cononem
2011 3205 2144 3247 non
2172 3184 2370 3247 habet
2394 3213 2411 3263 3

205 3298 283 3355 ut
314 3290 529 3367 etiam,
563 3290 642 3353 de
679 3290 973 3352 Cone-iliis
1015 3289 1139 3366 his,
1187 3310 1225 3351 a
1253 3308 1394 3350 vere
1430 3288 1749 3350 Catholico
1789 3288 1869 3351 lis
1899 3289 2138 3352 moveri
2180 3297 2413 3372 posset.

208 3397 312 3459 De
341 3395 653 3475 manipulo
685 3395 859 3457 enim
892 3393 1438 3470 Scholasticorum,
1471 3399 1665 3473 atque
1695 3393 2189 3471 Canonistarum‚
2224 3415 2417 3458 nemo

273 3586 298 3608 ¹¹
332 3577 382 3642 [“
406 3578 544 3626 Ante
578 3576 711 3625 hunc
756 3578 1110 3639 imperatorem
1160 3592 1264 3626 nou
1352 3576 1488 3625 Frid.
1515 3591 1563 3638 p.
1588 3580 1666 3627 93.
1704 3576 1854 3626 Basil.
1875 3577 2039 3639 1569.]

204 3643 425 3704 legimus
459 3642 679 3704 aliquem
712 3657 742 3691 a
771 3641 996 3690 Romano
1022 3641 1265 3691 Pontifiee
1419 3643 1436 3672 ²
1457 3639 1631 3705 [Cone.
1648 3641 1758 3691 Lat.
1775 3642 1839 3691 iv.
1861 3642 1983 3691 Gen.
1997 3657 2103 3704 cap.
2120 3641 2412 3692 iii.——Cone.

203 3707 696 3757 excommunicatum
708 3707 1266 3768 autregnoprivatum.”
1353 3709 1476 3754 tom.
1501 3707 1572 3755 xi.
1599 3707 1691 3756 eol.
1718 3707 1827 3756 147.
1855 3706 2089 3757 B.—152.
2116 3706 2175 3755 D.
2198 3725 2209 3765 ;
2245 3711 2298 3756 et
2322 3707 2413 3766 De·

205 3771 409 3821 —Gotfi
452 3770 647 3820 Viterb.
684 3771 866 3820 Chron.
908 3770 1016 3819 Pur.
1058 3771 1180 3819 xvii.
1218 3786 1267 3834 p.
1355 3771 1528 3819 cretal.
1574 3770 1722 3834 Greg.
1771 3771 1857 3820 lib.
1904 3787 1948 3820 v.
2001 3773 2081 3821 tit.
2122 3773 2229 3821 viii.
2299 3777 2312 3797 ‘
2338 3772 2413 3822 De

208 3838 342 3894 4995
373 3834 504 3898 apud
543 3835 723 3885 Pistor.
751 3835 863 3885 Ber.
889 3834 1055 3885 Germ.
1085 3835 1264 3899 Script.
1354 3834 1637 3894 haeretieis‚’
1672 3851 1777 3899 cap.
1813 3836 1927 3886 xiii.
1965 3840 1979 3862 ‘
2004 3837 2414 3887 Exeommunica-

207 3907 333 3951 tom.
358 3900 410 3948 ii.
435 3915 483 3963 p.
511 3900 650 3962 341.]
1354 3901 1710 3965 muel—Gorp.
1744 3901 1854 3951 Jur.
1900 3901 2020 3952 Can.
2068 3906 2190 3951 tom.
2224 3903 2277 3950 ii.
2319 3903 2410 3951 col.

276 3975 298 3998 ⁰
335 3965 490 4030 [Vide
506 3964 640 4015 Otto.
658 3964 874 4026 Fris‘mg.
892 3964 1078 4014 chron.
1098 3965 1184 4013 lib.
1197 3966 1265 4013 ri.
1356 3967 1498 4015 1680.
1522 3981 1547 4015 s
1584 3965 1620 4029 .]

207 4045 318 4093 cap.
346 4045 500 4079 xxxv.
536 4045 584 4094 p.
612 4032 717 4085 12.;
754 4034 806 4078 et
839 4028 926 4078 lib.
948 4031 982 4078 i.
1017 4029 1079 4079 de
1111 4030 1268 4091 gestis
1419 4037 1444 4060 “
1500 4032 1529 4078 2
1549 3981 1663 4080 ti’et.
1688 4030 1741 4079 ii.
1773 4033 1811 4078 l.

208 4095 403 4145 Frider.
431 4094 471 4143 1.
495 4096 658 4157 eap.i.
694 4110 743 4158 p.
771 4095 882 4143 194.
919 4094 1072 4143 Basil.
1099 4094 1266 4158 1569]
1418 4102 1442 4126 ¹
1500 4095 1633 4145 Vide
1681 4094 1998 4144 Sententiam
2031 4100 2206 4144 eontra
2246 4096 2414 4145 Fride-

278 4169 300 4199 Ρ
366 4160 525 4209 Plaut.
552 4160 751 4208 Asinar.
777 4159 815 4208 Ῑ.
843 4162 887 4208 3.
916 4159 1021 4222 47.]
1356 4161 1519 4209 rieum
1554 4160 1917 4223 Imperatorem
1954 4160 2017 4208 ab
2058 4160 2230 4209 Innoe.
2278 4161 2415 4223 Papa

276 4233 297 4264 ⁴¹
357 4224 501 4273 Vino.
529 4223 654 4273 Bell.
689 4224 831 4287 Spee.
869 4223 1006 4272 Hist.
1042 4223 1131 4274 lib.
1151 4239 1270 4274 xxv,
1360 4224 1448 4274 lv.
1475 4226 1530 4273 in
1555 4225 1706 4274 Cone.
1729 4225 1886 4274 latam
1910 4239 1987 4287 ap.
2015 4225 2163 4274 Cone.
2190 4224 2351 4286 Lugd.
2379 4227 2412 4274 i.

206 4304 317 4354 cap.
360 4291 534 4339 xxxiv.
558 4304 606 4352 p.
633 4292 742 4339 356.
767 4289 859 4338 eol.
879 4291 924 4337 2.
1356 4288 1572 4338 —Cone.
1598 4295 1719 4339 tom.
1746 4290 1813 4338 xi.
1839 4289 1932 4339 col.
1958 4291 2069 4338 640.
2097 4289 2336 4340 D.—645.
2359 4289 2413 4338 C.

276 4364 295 4387 ¹
328 4353 426 4419 [De
458 4355 618 4416 gestis
654 4354 788 4403 Frid.
816 4354 854 4403 I.
891 4353 930 4402 li
966 4390 976 4401 .
1011 4355 1044 4403 i.
1080 4369 1191 4417 cap.
1221 4369 1269 4402 x.
1358 4359 1409 4403 et
1441 4355 1688 4404 Decretal.
1715 4354 1801 4404 VI.
1823 4354 1915 4403 lib.
1938 4354 1991 4402 ii.
2018 4354 2097 4403 tit.
2124 4355 2224 4402 xiv.
2301 4358 2315 4380 ⁴
2340 4355 2415 4404 De

283 4456 295 4468 .
315 4420 427 4478 266,
451 4419 560 4470 267.
597 4418 749 4468 Basil.
775 4421 918 4469 1569.
939 4417 1003 4468 ad
1025 4419 1144 4470 eale.
1165 4419 1270 4468 ΟΜ..
1360 4419 1496 4468 Sent.
1522 4425 1574 4469 et
1598 4419 1671 4469 Re
1685 4419 1717 4469 J
1722 4419 1820 4467 ud.'
1842 4433 1901 4467 ea
1938 4456 1948 4466 .
1967 4419 2021 4468 ii.
2076 4423 2090 4445 ‘
2108 4419 2188 4467 Ad
2208 4419 2417 4482 Aposto-

249 4482 459 4547 ‘rising.]
1358 4484 1717 4548 licae.’—Corp.
1750 4484 1860 4534 Jur.
1941 4499 2022 4533 an.
2064 4488 2185 4533 tom.
2211 4484 2286 4533 iii.
2321 4483 2412 4532 coL

275 4558 293 4579 ⁸
329 4548 600 4613 [Guntheri
621 4548 792 4611 Ligur.
827 4547 914 4596 lib.
941 4549 1006 4597 vi.
1032 4548 1095 4599 de
1117 4550 1273 4611 gestis
1361 4549 1499 4611 376]

2523 3187 2655 3249 359
