3165 4959
843 347 929 394 AD
973 348 1356 396 cmmffls
1399 347 1818 396 Bmsamm,
2405 338 2446 400 7

295 500 424 550 Haec
457 501 749 566 inscriptio,
783 502 920 565 quod
950 503 1141 553 attinet
1175 503 1243 555 ad
1276 503 1446 565 fidem,
1494 504 1558 554 ab
1594 504 1736 554 omni
1768 508 1912 569 parte
1943 505 2069 554 falsa
2105 520 2211 555 esse
2244 506 2448 557 convin-

358 585 744 650 citur.—[Bell.
768 586 917 650 Apol.
940 601 1033 650 pro
1056 586 1226 650 Resp.]
1251 602 1299 651 p.
1322 590 1367 637 5.
1396 588 1535 652 [Op.,
1558 590 1683 637 tom.
1703 588 1790 637 vii.
1816 588 1909 637 col.
1929 588 2040 641 707.
2066 587 2151 651 0.]

317 704 537 769 Quam
586 703 869 766 suaviter
918 711 1136 767 autem
1185 725 1303 766 sua
1350 703 1681 787 disponit?
1743 726 1936 787 quam
1979 704 2168 770 initio
2221 707 2445 771 statim

220 814 450 888 captat
495 806 643 884 sibi,
686 813 755 870 et
795 806 1085 869 insinuat
1130 826 1198 869 se
1241 806 1313 868 in
1356 807 1650 870 Lectoris
1696 809 2005 886 animum,
2040 808 2280 871 blanda
2323 808 2443 872 hac

217 929 403 987 voce,
466 908 626 971 Hoec
683 910 1013 991 inscriptio
1072 910 1152 973 ab
1212 911 1380 972 omni
1438 916 1635 991 parte
1690 910 1873 992 falsa
1903 912 1938 973 ‚2
2016 910 2232 976 Quam
2291 932 2441 976 vero

132 1020 137 1023 '
218 1010 564 1074 modestiae
609 1018 675 1074 et
720 1012 911 1075 officii
952 1032 1202 1076 memor
1244 1012 1316 1075 in
1363 1013 1633 1095 Regem,
1664 1014 1720 1075 si
1763 1020 2075 1096 praeterea
2115 1014 2316 1093 nunc,
2350 1020 2438 1094 at,

218 1115 327 1177 vel
371 1115 599 1197 Regiae
648 1114 853 1198 ipsius
897 1116 1267 1199 Majestatis
1311 1116 1624 1180 nomine?
1669 1116 1773 1178 Ab
1821 1118 1989 1179 omni
2019 1123 2212 1198 parte
2233 1114 2437 1197 falsa.

221 1217 451 1282 Quam
496 1217 695 1281 etiam
724 1217 933 1282 verbis
967 1219 1135 1282 bene
1181 1219 1482 1283 ominatis
1525 1218 1765 1283 librum
1806 1240 1998 1282 suum
2042 1220 2436 1303 auspicatur,

219 1322 417 1404 cujus
448 1320 657 1403 prima
682 1321 824 1385 haec
851 1320 1047 1385 verba
1074 1329 1246 1400 sunt,
1278 1322 1382 1384 Ab
1414 1324 1579 1386 omni
1596 1328 1794 1403 parte
1807 1320 2036 1403 salsa?

316 1425 471 1501 Sed,
514 1424 622 1487 alii
665 1424 825 1503 haec,
874 1446 1066 1508 quam
1112 1447 1245 1489 non
1291 1433 1539 1490 morate
1579 1426 1860 1503 videant,
1896 1447 2015 1489 nos
2062 1446 2257 1508 quam
2301 1446 2436 1488 non

219 1548 397 1591 vere.
490 1529 647 1591 Una
702 1529 801 1611 (ut
859 1528 1059 1608 vides)
1110 1529 1308 1592 litura
1363 1530 1634 1594 titulum
1706 1528 1960 1593 inducit
2010 1534 2223 1593 totum
2241 1554 2263 1606 3
2330 1528 2435 1591 Ab

217 1631 395 1693 omni
429 1637 622 1711 parte
650 1629 852 1712 salsa.
943 1631 1086 1695 Nec
1134 1633 1477 1716 quicquam
1523 1633 1596 1695 in
1642 1653 1720 1697 eo
1760 1632 2085 1715 reliquum
2134 1630 2309 1709 facit,
2356 1639 2434 1695 ut
2588 1644 2631 1704 6

216 1752 361 1794 non
398 1732 486 1794 sit
526 1732 666 1814 jam
717 1733 1111 1811 Christianae,
1156 1756 1280 1798 non
1330 1735 1685 1812 Catholicae,
1718 1755 1839 1798 non
1880 1734 2279 1815 Apostolicoe,
2310 1754 2433 1796 non

208 1835 580 1913 primitivae,
626 1835 903 1918 denique
942 1857 1076 1901 non
1119 1838 1223 1901 vel
1262 1838 1667 1919 Propayator
1703 1838 1802 1899 vel
1834 1833 2139 1916 defensor.
2245 1836 2428 1914 Atat,

221 1956 421 2017 quam
457 1936 647 2000 initio
691 1938 909 2001 statim
939 1940 1396 2004 truculentus?
1442 1939 1862 2004 Excutiamus
1900 1948 2122 2003 tamen
2153 1938 2429 2021 singula,

218 2048 297 2101 ut
356 2059 730 2121 regeramus
789 2041 850 2103 ei
900 2040 1353 2123 salutationem
1405 2065 1609 2107 suam.
1698 2044 1854 2106 Hoec
1897 2042 2292 2123 reprehensio
2352 2040 2432 2103 ab

218 2147 392 2206 omni
408 2150 605 2224 parte
616 2140 801 2224 falsa
829 2165 960 2209 esse
989 2148 1398 2211 convincitur.

282 2278 522 2328 Primum
543 2280 683 2330 enim
705 2280 846 2341 fides,
859 2297 1011 2345 qnam
1030 2283 1139 2334 Rex
1160 2283 1405 2345 defendit,
1424 2298 1531 2334 non
1551 2287 1722 2348 potest
1742 2297 1847 2334 esse
1867 2296 1985 2333 vere
1999 2281 2307 2341 Christiana,
2329 2279 2434 2330 nisi

351 2360 551 2411 Christi
564 2364 716 2413 verba
729 2364 837 2413 sint
847 2364 984 2415 falsa.
1024 2365 1250 2416 Damnat
1268 2366 1375 2416 Rex
1389 2366 1448 2416 in
1460 2366 1553 2416 hac
1569 2367 1680 2430 ipsa
1692 2365 2008 2425 Praefstione,
2022 2379 2072 2428 p.
2086 2364 2166 2412 42.
2183 2362 2432 2413 Transtib-

349 2445 982 2513 smntiatiomm-[Bell.
1006 2448 1155 2514 Apol.
1179 2463 1271 2513 pro
1294 2447 1470 2513 Resp.]
1506 2464 1556 2514 p.
1581 2451 1627 2500 5.
1665 2447 1803 2512 [Op.,
1826 2451 1949 2498 tom.
1973 2447 2062 2497 vii.
2085 2447 2178 2498 col.
2205 2446 2318 2501 707.
2342 2443 2427 2510 0.]

310 2561 693 2626 Christiane
702 2562 864 2644 fidei
894 2565 1033 2628 Rex
1055 2562 1364 2645 Defensor
1392 2587 1515 2629 non
1543 2572 1657 2629 est.
1746 2566 1964 2631 Quare
1993 2570 2215 2627 autem
2243 2564 2424 2627 non?
2452 2570 2774 2684 &Quanquam

217 2666 465 2744 Prim0,
513 2666 666 2749 quia
705 2689 841 2732 non
880 2669 1615 2734 Transubstantiationis.
1712 2667 2428 2732 stanmbstantiationis
2451 2635 2732 2749 „ffssg'ff

215 2769 491 2833 autem?
539 2769 771 2833 Mirari
800 2792 1044 2850 omnes,
1072 2793 1194 2836 nec
1230 2773 1467 2855 (credo)
1506 2772 1713 2836 risum
1740 2779 1985 2848 tenere,
2017 2776 2188 2833 stare
2220 2768 2328 2831 hic
2356 2766 2428 2830 in
2451 2778 2583 2892 325]
2593 2763 2729 2814 dam-

215 2872 430 2955 prima
459 2870 596 2936 acie
634 2874 1421 2950 stambstantiationevm
1469 2874 1652 2958 quasi
1681 2880 1899 2937 actum
1921 2872 2002 2937 de
2029 2871 2188 2934 Fide
2215 2872 2428 2934 Chris-

217 2975 421 3052 tiana,
454 2974 580 3039 nisi
611 2976 860 3039 substet
889 2977 1017 3040 illa.
1099 2978 1262 3041 Eam
1290 2977 1461 3041 tanti
1491 2996 1635 3041 esse
1666 2975 1836 3058 apud
1869 2974 2298 3052 cardinalem,
2330 2981 2427 3047 ut,

216 3077 334 3140 ubi
374 3098 617 3142 nomen
663 3079 1039 3143 Christianae
1054 3079 1216 3161 fidei
1260 3079 1462 3143 semel
1499 3074 1928 3158 nominatum,
1962 3077 2182 3142 statim
2221 3075 2431 3159 prima

215 3178 315 3241 illi
346 3187 498 3242 ante
530 3200 755 3243 omnes
792 3180 1398 3244 framuh-stannatio
1428 3180 1501 3243 in
1530 3187 1820 3244 mentem
1849 3179 2087 3257 veniat,
2122 3179 2323 3263 quasi,
2353 3178 2429 3241 in

216 3302 299 3343 ea
340 3281 566 3363 positae
610 3281 740 3345 sint
784 3282 1061 3347 fortunae
1072 3283 1236 3365 fidei
1276 3282 1478 3346 totius
1519 3290 1586 3346 et
1629 3282 1976 3365 Reliyionis
2020 3282 2423 3345 Christianoe.

216 3386 323 3448 De
366 3384 631 3468 reliquis
659 3406 869 3468 porr0,
900 3407 1035 3449 non
1063 3385 1247 3450 valde
1278 3385 1606 3468 auspicato
1635 3385 1756 3448 sibi
1787 3385 2024 3449 Lector
2061 3383 2423 3448 ominetur:

212 3495 583 3571 postquam,
632 3510 886 3552 exesam
942 3488 1112 3552 hanc
1171 3495 1237 3551 et
1289 3487 1525 3552 vietam
1587 3487 1667 3551 de
1731 3486 2428 3572 Rambstantiatione

211 3591 423 3669 litem,
454 3591 548 3654 ita
589 3599 920 3674 pertusam
951 3593 1091 3676 jam
1125 3589 1342 3669 totieS,
1382 3591 1477 3654 ita
1518 3589 1807 3674 undique
1846 3589 2220 3673 perfossam,
2250 3586 2429 3650 videt

212 3693 553 3757 cardinali
584 3714 818 3777 agmen
849 3694 1104 3759 ducere.

296 3796 401 3858 De
454 3795 1146 3858 stambstantiatione
1182 3793 1335 3878 quid
1370 3793 1570 3858 habet
1613 3795 1753 3857 Rex
1770 3793 1800 3855 ?
1895 3795 1952 3855 1.
2000 3787 2326 3851 Novitiam
2364 3793 2426 3849 et
2454 3801 2732 3867 [Tu-ausub-

209 3919 518 3980 nuperam
562 3919 714 3977 esse,
747 3900 913 3962 inter
948 3898 1134 3961 Fidei
1173 3900 1492 3976 articulos,
1525 3906 1673 3961 ante
1712 3915 1942 3960 annum
1978 3893 2215 3958 Christi
2245 3892 2424 3975 quin-
2450 3868 2718 3996 ffissgirfflf

203 4005 637 4085 acute-simum,
682 4023 795 4067 nec
832 4005 1017 4083 visos,
1049 4023 1161 4067 nec
1201 4003 1505 4066 auditosc.
1599 4002 1838 4065 Parum
1885 3999 2064 4063 dixit.
2154 3999 2418 4061 Poterat
2452 3996 2677 4061 dom]

209 4128 560 4172 numerum
592 4107 943 4191 geminare,
975 4115 1061 4180 et,
1091 4127 1213 4171 nec
1242 4114 1394 4171 ante
1425 4107 1692 4169 alterum
1723 4103 2296 4186 quingentesimum,
2336 4098 2428 4182 (id

212 4212 333 4293 est)
373 4212 792 4289 millesimum,
824 4209 1081 4274 dixisse.
1158 4210 1339 4274 Citra
1366 4231 1539 4293 ergo,
1573 4208 1679 4272 hic
1711 4206 2001 4271 substitit
2033 4205 2209 4269 Rex:
2255 4202 2432 4266 ultra

276 4356 295 4378 ‘
331 4347 394 4410 [“
409 4346 557 4405 Quod
582 4347 628 4396 si
650 4345 896 4396 Romanae
918 4344 1157 4395 Ecclesiae
1180 4345 1281 4394 offi·
1366 4343 1688 4395 damnandus
1732 4357 1823 4407 pro
1862 4341 2103 4392 haeretico
2142 4340 2187 4390 si
2222 4337 2285 4389 ad
2322 4337 2433 4387 haec

211 4413 325 4462 dna
358 4413 482 4462 fidei
517 4412 763 4461 articulos
798 4415 919 4461 ante
941 4410 1281 4473 quingentesi-
1366 4424 1560 4472 nupera
1604 4415 1657 4459 et
1699 4409 1895 4458 novitia
1937 4422 2042 4457 non
2082 4403 2434 4458 accedam.''—

214 4491 351 4527 mum
374 4477 575 4527 Christi
608 4491 806 4526 annum
839 4474 1097 4524 inauditos
1119 4490 1178 4525 ac
1208 4476 1282 4524 in·
1372 4471 1516 4522 Praef.
1541 4473 1759 4538 Moniu]
1786 4488 1835 4537 p.
1862 4475 1940 4525 42.
1967 4474 2079 4540 [pp·
2100 4475 2180 4535 52,
2206 4472 2282 4521 53.
2307 4467 2431 4519 edit.

213 4544 339 4593 vinos
351 4547 587 4594 recenter
602 4541 833 4603 excudit,
848 4554 952 4591 non
969 4553 1096 4599 sum,
1115 4539 1281 4598 credo,
1376 4539 1546 4602 1610.]
