3165 4959
919 341 1282 391 APOLOGIAM
1325 342 1691 393 Rsssrousm.
2282 330 2408 393 425

195 494 396 558 Petro
438 495 858 573 renuntiasse,
897 496 1240 577 appellasse
1283 504 1498 560 autem
1537 497 1860 576 Caesarem,
1891 497 2176 561 Iudicem
2220 518 2411 580 quem

193 598 467 662 omnino
510 604 704 681 negat
735 598 1090 662 Cardinalis
1138 600 1493 682 legitimum,
1540 607 1732 683 atque
1775 601 1869 663 ita
1912 601 2186 684 turpiter
2233 602 2433 665 Petri·

181 703 535 782 primatum
562 701 930 784 prodidisse,
963 709 1153 785 atque
1181 705 1252 765 in
1279 711 1613 786 peccatum
1635 704 1922 783 mortale,
1954 705 2413 785 Appellationis

191 806 477 890 injustae,
496 805 827 869 incidisse:
860 813 1002 868 tum
1024 807 1340 870 haereticis
1364 829 1584 871 ansam
1606 806 1871 887 dedisse,
1893 815 1970 872 ut
1990 814 2239 890 putent,
2261 808 2412 872 inde

193 909 291 970 ad
323 909 591 971 C'oesaris
635 909 915 971 tribunal
948 909 1247 989 ClericOS,
1295 911 1433 993 ejus
1475 909 1736 993 quidem
1782 911 2089 993 exemplo,
2120 912 2413 993 judicari

190 1017 499 1092 oportere.
546 1012 637 1075 At
666 1018 951 1074 assuetus
979 1011 1257 1076 ludibrio
1275 1013 1530 1091 Paulus,
1554 1034 1676 1076 nec
1706 1034 1780 1077 eo
1806 1012 1939 1095 ipso
1959 1013 2084 1077 loci
2105 1013 2412 1078 immunis

193 1136 237 1176 a
267 1114 564 1195 ludibrio,
603 1114 885 1197 (habitus
913 1115 1087 1178 enim
1118 1137 1157 1178 a
1186 1117 1376 1180 Festo
1418 1138 1533 1199 pro
1562 1116 1933 1198 malesano),
1964 1123 2030 1181 et
2064 1117 2411 1200 (utcunque

192 1219 513 1300 insuetus)
564 1239 917 1283 assuescere
959 1227 1180 1283 tamen
1222 1219 1462 1299 debuit,
1504 1240 1712 1303 neque
1754 1227 2011 1303 propter
2052 1220 2409 1284 infidelium
2522 1226 2649 1287 307

193 1321 546 1385 cachinnos
571 1322 669 1384 vel
713 1323 1018 1386 clamores
1061 1322 1277 1405 etiam,
1309 1344 1451 1386 eam
1480 1324 1758 1386 Primati
1801 1345 1916 1387 suo
1946 1324 2141 1388 Petro
2186 1334 2410 1388 contu·

192 1424 457 1486 meliam
487 1424 795 1489 intulisse.
891 1424 1019 1489 Sed
1063 1425 1199 1488 haec
1243 1425 1599 1490 cardinalis
1644 1426 1901 1509 egregia
1943 1426 2191 1490 somnia
2235 1434 2406 1491 sunt.

195 1527 440 1591 Paulus
469 1527 642 1591 enim
671 1526 922 1607 diserte,
951 1529 1207 1609 Oportet
1224 1549 1318 1591 me
1329 1530 1620 1610 judicari
1649 1530 1737 1592 ad
1762 1530 2060 1592 Tribanal
2080 1529 2405 1594 Coesarish:

174 1631 493 1710 judicari,
539 1651 672 1693 non
706 1632 884 1711 en‘pi.
973 1632 1117 1694 Nec
1160 1631 1374 1695 minus
1417 1631 1651 1695 diserte
1696 1633 1919 1696 Festus
1951 1634 1993 1695 J
1996 1633 2181 1713 udex,
2214 1655 2253 1696 a
2283 1656 2409 1718 quo

193 1733 539 1816 appellavit
569 1734 823 1812 Paulus,
855 1741 925 1796 at
956 1735 1044 1797 ad
1069 1736 1340 1816 Aayusti
1381 1736 1787 1816 coqnitionem
1828 1742 2203 1800 servaretur.
2294 1738 2408 1801 In-

191 1836 391 1900 terim
420 1837 654 1899 malam
683 1837 954 1920 gratiam
982 1837 1177 1901 habet
1212 1838 1534 1900 Tribanali
1574 1839 1858 1919 Gaesaris,
1886 1860 1925 1902 a
1969 1861 2096 1923 quo
2126 1848 2409 1904 servatus

195 1946 300 2003 est
354 1939 632 2018 Paulus3
680 1940 917 2023 absque
966 1962 1110 2024 quc,
1151 1961 1264 2023 per
1310 1942 1492 2004 Petri
1544 1942 1861 2021 Tribanal,
1906 1943 2302 2026 pereundum
2347 1945 2408 2007 ei

198 2042 438 2106 fuerat.

267 2194 369 2243 Aio
392 2227 407 2243 .
444 2229 457 2242 .
493 2231 505 2243 .
539 2209 622 2244 me
656 2209 906 2258 nusquam
945 2195 1245 2259 disputasse,
1280 2196 1436 2247 fasces
1459 2196 1644 2259 Regios
1666 2198 1852 2260 populo
1873 2197 2111 2248 submitti
2144 2197 2407 2248 debere.—

197 2274 359 2339 [Bell.
382 2275 532 2339 Apol.
555 2290 646 2339 pro
669 2275 838 2340 Besp.]
859 2291 908 2339 p.
937 2276 994 2329 17
998 2279 1043 2328 3.
1071 2277 1212 2342 [Op.‚
1236 2281 1362 2327 tom.
1381 2279 1468 2328 vii.
1492 2279 1586 2328 col.
1610 2280 1722 2329 801.
1745 2278 1831 2342 1).]

287 2392 445 2453 Post
484 2412 634 2455 vero
679 2392 931 2474 egregie
977 2392 1456 2476 tergiversatur.
1545 2395 1874 2475 Nusquam
1923 2415 1990 2458 se
2037 2396 2405 2477 disputasse,
2438 2406 2646 2471 [Bellat-

195 2495 314 2572 ait,
363 2495 589 2558 Fasces
644 2496 874 2577 Reyios
912 2499 1144 2578 populo
1203 2497 1483 2559 submitti
1542 2497 1781 2561 debere.
1872 2499 2160 2581 Regibus
2212 2507 2408 2581 negat
2433 2471 2693 2586 ξὲᾞξῇἵ

194 2619 568 2661 concessam
616 2620 654 2661 a
701 2598 852 2663 Deo'
889 2606 1296 2682 potestatem,
1344 2600 1472 2662 nisi
1516 2600 1829 2663 mediante
1859 2599 2127 2683 Ροριίἷοἰ
2143 2627 2166 2675 ,·
2211 2624 2252 2665 a
2281 2624 2406 2685 quo
2433 2600 2658 2662 Regibus

192 2703 408 2764 creari
438 2701 592 2765 dicit
611 2702 810 2783 Reqes
837 2702 959 2766 hoc
988 2702 1124 2786 ipso
1143 2703 1212 2764 in
1240 2703 1401 2766 loce.
1496 2703 1565 2766 Si
1599 2705 1852 2786 Regum
1883 2726 1923 2765 a
1941 2706 2174 2785 populo
2192 2711 2405 2786 potes·
2432 2665 2696 2790 ξιῗξῑῖὲῗω-

196 2811 305 2867 tas
345 2804 448 2883 sit,
491 2804 545 2867 si
587 2811 897 2868 creatores
928 2806 1183 2888 Regum
1212 2806 1455 2886 populi,
1505 2805 1557 2867 si
1600 2827 1794 2888 quam
1822 2806 2296 2870 transtulerunt
2338 2807 2407 2869 in
2437 2792 2561 2855 (ΠΒ-Ἰ

198 2910 416 2990 Reges
445 2915 850 2990 potestatem,
896 2909 990 2971 ita
1031 2909 1521 2986 transtulerunt,
1552 2901 1630 2971 ut
1673 2909 1999 2972 retineant
2040 2917 2260 2973 tamen
2290 2909 2411 2974 sibi

195 3013 268 3074 in
298 3011 534 3089 habitu,
574 3011 664 3092 (in
697 3012 949 3075 casibus
980 3012 1198 3075 nescio
1239 3011 1492 3094 quibua,
1523 3012 1624 3075 vel
1658 3013 1834 3094 quot)
1874 3013 1986 3076 ubi
2016 3014 2234 3077 volent
2266 3020 2412 3076 actu

198 3114 418 3177 denuo
474 3115 556 3177 ad
608 3135 674 3177 se
731 3115 1186 3198 recipiendam,
1235 3115 1349 3178 ubi
1394 3114 1613 3196 fasces
1649 3117 1796 3197 jam
1842 3116 2155 3199 Imperii?
2247 3117 2409 3184 Quis

197 3218 306 3281 cui
354 3217 742 3280 submittet?
790 3239 1007 3281 annon
1052 3219 1426 3296 concedenti,
1461 3218 1571 3300 qui
1611 3239 1690 3281 ea*
1733 3221 2118 3282 concessione
2160 3219 2357 3283 habet
2379 3222 2409 3283 ?

196 3323 446 3384 Annon
483 3322 767 3383 Creatori
797 3321 1156 3385 Creatura?
1245 3326 1490 3385 Annon
1526 3322 1633 3386 cui
1673 3324 1944 3385 concessi
1990 3330 2162 3402 sunt,
2196 3344 2408 3386 conce-

198 3424 376 3486 denti
406 3445 531 3501 eos,
559 3424 837 3506 (eosdem
870 3445 1085 3488 secum
1115 3432 1335 3488 tamen
1365 3426 1581 3487 habitu
1612 3425 1939 3504 retinenti,
1972 3432 2037 3490 et
2067 3426 2147 3489 ab
2178 3447 2273 3505 e0,
2307 3428 2408 3490 cui

199 3527 525 3603 concessit,
557 3526 669 3589 ubi
699 3527 906 3590 visum
937 3537 1034 3592 est
1073 3527 1466 3610 repetenti)?
1557 3527 1630 3588 Si
1658 3526 1781 3590 hoc
1811 3547 1945 3590 non
1976 3534 2093 3603 est,
2127 3527 2280 3609 quid
2311 3535 2409 3590 est

182 3630 408 3711 fasces
435 3630 793 3692 submittere
812 3633 845 3693 ?
937 3632 1025 3693 Et
1049 3631 1293 3712 agitare
1325 3627 1577 3711 scriptis
1610 3628 1991 3711 quaestiones
2021 3627 2160 3705 haS‚
2194 3650 2410 3692 annon

202 3734 378 3797 salus
413 3733 697 3814 Regibus
714 3735 744 3796 ⁴?

270 3887 372 3936 Aio
394 3922 408 3935 .
433 3921 447 3935 .
471 3923 483 3935 .
508 3901 611 3936 non
646 3901 752 3937 esse
786 3887 843 3936 in
878 3901 990 3937 meo
1025 3887 1159 3937 libro
1196 3887 1289 3937 illa
1323 3886 1489 3947 verba,
1515 3922 1525 3935 .
1553 3923 1563 3934 .
1592 3922 1604 3935 .
1631 3884 1737 3935 Rex
1778 3883 1996 3949 quilibet
2030 3899 2061 3935 a
2095 3886 2283 3949 populo
2320 3900 2410 3936 suo

335 3967 776 4032 eligitur.—[Bell.
800 3969 946 4032 Apol.
971 3983 1062 4033 pro
1084 3968 1261 4032 Resp.]
1287 3983 1335 4032 p.
1358 3969 1417 4020 17
1423 3970 1467 4019 3.
1505 3968 1637 4033 [Op.‚
1659 3971 1780 4017 tom.
1796 3967 1883 4016 vii.
1905 3967 1998 4016 eol.
2024 3968 2134 4017 801.
2157 3965 2242 4030 D.]

294 4084 532 4164 Etiam,
566 4107 708 4167 quae
747 4085 837 4149 ibi
882 4086 1171 4168 sequitur
1213 4085 1455 4163 cavilla,
1495 4085 1727 4166 Reqem
1756 4084 2079 4166 quemlibet
2110 4107 2150 4146 a
2176 4086 2409 4167 populo
2441 4094 2545 4172 [pe
2567 4093 2689 4143 elec-

199 4209 315 4252 sao
346 4189 513 4270 eliyi,
546 4189 744 4251 nodus
773 4195 870 4253 est
900 4189 969 4252 in
996 4190 1202 4269 scirpo
1234 4187 1578 4270 quaesitusj.
1626 4189 1728 4252 De
1761 4187 2049 4272 Regibus
2077 4187 2148 4250 in
2178 4192 2411 4271 genere
2436 4165 2675 4286 gssssffse'

202 4293 493 4375 disputat
521 4290 612 4354 ibi
644 4293 804 4370 Rex,
836 4313 970 4356 non
999 4291 1079 4355 de
1110 4292 1375 4376 singulis
1406 4292 1764 4375 quibusque
1785 4315 1804 4367 3
1837 4298 1923 4368 et,
1955 4292 2022 4354 in
2039 4282 2414 4373 primordiis

272 4477 295 4506 ⁸·
363 4478 475 4526 Act.
502 4477 680 4541 Apost.
707 4493 825 4527 xxv.
856 4477 954 4541 10.]
1357 4478 1539 4540 Recog.
1561 4493 1613 4540 p.
1632 4481 1676 4526 6.
1705 4477 1758 4526 B.
1783 4477 1845 4526 ad
1872 4477 1983 4528 init.
2010 4478 2121 4541 Op.‚
2143 4482 2262 4527 tom.
2289 4478 2345 4542 i.]

274 4541 285 4572 ¹
333 4477 482 4606 {Beli
509 4541 689 4605 Recog.
721 4543 810 4592 lib.
837 4543 909 4591 iii.
946 4548 958 4568 ‘
979 4543 1052 4591 De
1079 4542 1269 4592 Laicis.¹
1421 4542 1436 4581 1
1476 4541 1632 4606 [Vide
1656 4542 1853 4591 Terent.
1880 4543 2014 4593 And.
2043 4545 2098 4592 V.
2124 4544 2169 4592 4.
2193 4542 2295 4606 38.]
