3165 4959
438 767 572 831 280

360 1499 545 1564 [multa

358 1580 644 1629 quanquam

357 1633 413 1679 in
437 1631 583 1680 Olero

356 1695 624 1745 reforman-

357 1759 423 1809 do
444 1759 646 1824 effecit]

677 298 808 362 388
1308 311 1395 359 An
1437 309 1821 358 emmaus
1862 307 2260 357 Bmm1

677 490 750 533 re
793 490 833 532 a
871 468 1198 550 Major-um
1241 488 1494 531 suorum
1540 468 1892 530 humilitate
1941 465 2214 529 recessit.
2321 465 2607 529 Recessit
2654 488 2807 531 vero
2848 490 2892 531 a

681 570 937 646 Leonis,
969 592 1010 633 a
1048 571 1362 653 Gregorii,
1395 570 1726 653 Majorum
1766 590 2030 633 suorum
2070 568 2456 646 humilitate,
2498 570 2654 633 dum
2697 578 2892 634 tanta

682 675 1066 736 contentione
1105 679 1337 755 afferet,
1366 680 1442 736 ut
1472 672 1748 735 obtinere
1789 678 2009 755 posset
2041 692 2282 735 nomen
2324 670 2506 750 illud,
2540 673 2712 755 quod
2749 674 2891 738 Leo

681 783 995 859 tanquam
1024 775 1385 838 vocabulum
1407 772 1808 856 profanumk,
1833 773 2188 856 Gregorius
2209 782 2518 857 tanquam
2550 777 2890 856 superbam

681 878 1187 960 appellationem¹
1225 880 1449 962 procul
1496 901 1535 944 a
1587 900 1658 943 se
1709 877 1958 956 habuit„
2004 878 2294 943 oblatum
2347 886 2640 962 uterque,
2683 881 2798 943 ille
2843 903 2886 943 a

681 981 1188 1046 Chalcedonensi
1222 981 1487 1066 Synodo
1521 982 1622 1063 (ut
1650 980 1792 1066 ait),
1821 980 1929 1044 hic
1959 979 2041 1043 ab
2069 980 2345 1062 Eulogio
2375 980 2780 1047 detrectavit.

745 1131 924 1196 Neque
958 1148 1143 1183 munus
1170 1120 1316 1182 suum
1339 1133 1747 1183 Ecclesiasticum
1776 1132 2012 1192 deserunt,
2032 1146 2148 1182 cum
2180 1132 2236 1181 in
2268 1133 2565 1183 brevissimo
2598 1135 2689 1185 illo
2719 1137 2894 1199 spatio

813 1215 947 1279 [octo
968 1214 1258 1277 mensiumJ,
1282 1229 1380 1277 quo
1406 1213 1555 1274 sedit,
1576 1252 1589 1264 .
1611 1242 1632 1263 ,ι
1648 1250 1661 1264 .
1685 1250 1698 1263 .
1721 1214 1886 1263 multa
1912 1214 2141 1262 instituit
2164 1213 2503 1279 [instituerit]¹
2528 1230 2641 1278 quae
2664 1216 2731 1266 ad
2750 1217 2891 1266 Cleri

814 1296 1218 1346 reformationem
1240 1297 1493 1359 pertinere
1513 1296 1623 1346 visa
1643 1295 2004 1360 sunt—[Bell.
2028 1295 2177 1359 Apol.
2201 1310 2294 1360 pro
2318 1295 2486 1361 Resp]
2520 1313 2570 1361 p.
2603 1301 2714 1349 154.
2751 1298 2893 1363 [Op.,

814 1383 937 1429 tom.
961 1378 1049 1429 vii.
1072 1379 1164 1429 eol.
1187 1378 1298 1431 791.
1323 1377 1410 1442 A.]
2921 1402 2924 1405 >

776 1493 904 1557 Sed
935 1493 1102 1556 brevi
1141 1512 1259 1574 quo
1304 1492 1468 1555 sedit
1516 1492 1743 1573 spatie,
1790 1491 1880 1555 ad
1925 1491 2093 1554 Cleri
2137 1489 2646 1573 refmnatimem
2687 1496 2894 1557 multa

682 1597 978 1660 instituit.
1071 1596 1233 1661 Quae
1275 1602 1493 1658 tamen
1536 1595 1703 1658 nulli
1745 1595 1885 1678 jam
1925 1596 2019 1658 rei
2064 1601 2237 1658 sunt.
2327 1596 2504 1658 Nam
2534 1604 2891 1680 utrumque

685 1699 857 1783 quod
887 1698 1154 1763 sancivit
1183 1697 1272 1761 ibi
1304 1699 1676 1775 Decretum,
1710 1697 2022 1761 abolitum
2057 1698 2208 1787 jam·
2229 1697 2630 1762 Sabellicus¹¹¹
2662 1710 2892 1764 auctor

684 1811 804 1867 est.
883 1802 1011 1866 Sed
1040 1801 1196 1885 quid
1224 1808 1387 1877 tum,
1413 1802 1467 1864 si
1497 1801 1708 1884 legem
1736 1822 1937 1864 unam
1968 1808 2080 1865 aut
2111 1802 2402 1879 alteram,
2435 1802 2761 1867 salubrem
2790 1806 2891 1868 vel

685 1903 1005 1969 celebrem
1055 1903 1388 1967 instituit?
1489 1905 1735 1967 Annon
1784 1904 1842 1966 is
1890 1904 2182 1987 tyrannis
2239 1924 2382 1968 mos
2442 1912 2559 1983 est,
2606 1905 2722 1969 ubi
2775 1928 2894 1990 per

685 2007 885 2070 malas
945 2011 1116 2069 artes
1191 2005 1624 2087 principatum
1699 2014 2118 2089 occuparunt,
2179 2027 2305 2089 quo
2363 2006 2521 2070 facti
2577 2008 2892 2072 invidiam

684 2109 1003 2187 minuant,
1066 2108 1301 2172 civium
1354 2107 1474 2170 sibi
1527 2107 1779 2171 animos
1829 2109 2140 2193 aequiores
2192 2108 2488 2187 reddant,
2536 2109 2660 2172 viri
2711 2110 2895 2190 boni,

682 2212 1000 2294 principes
1058 2210 1215 2274 boni
1266 2210 1471 2274 futuri
1523 2210 1884 2289 videantur,
1951 2211 2127 2293 leges
2185 2210 2373 2288 ferre,
2437 2233 2597 2293 quas
2654 2214 2897 2278 merito

681 2314 877 2378 etiam
928 2314 1167 2397 posteri
1223 2313 1540 2378 laudent?
1630 2314 1757 2377 Vel
1815 2314 1940 2378 hoc
2000 2313 2208 2377 discat
2268 2314 2432 2397 quis,
2486 2335 2561 2377 ex
2614 2314 2897 2381 historia

680 2424 919 2497 nostra,
971 2418 1043 2481 in
1090 2439 1237 2501 qua,
1278 2437 1428 2482 cum
1477 2416 1796 2481 Ricardus
1847 2416 2098 2495 tertius,
2148 2416 2258 2499 qui
2316 2437 2430 2500 per
2472 2417 2603 2481 vim
2646 2418 2776 2498 hic,
2822 2428 2893 2484 et

681 2528 992 2605 nepotum
1031 2543 1292 2586 suorum
1336 2520 1599 2597 caedem,
1645 2520 1879 2583 invasit
1934 2519 2293 2602 imperium,
2333 2528 2401 2583 et
2448 2542 2575 2603 quo
2613 2524 2893 2604 nequior

679 2646 873 2688 nemo
917 2625 1089 2689 inter
1137 2632 1463 2708 tyrannos,
1510 2643 1702 2686 nemo
1749 2622 2109 2699 crudelior3
2154 2622 2437 2686 triennio
2483 2632 2724 2703 tamen,
2759 2647 2892 2708 quo

681 2747 915 2790 rerum·
942 2728 1187 2811 potitus
1229 2734 1348 2804 est,
1378 2726 1552 2808 leges
1596 2733 1732 2789 tam
1764 2733 1831 2787 et
1859 2725 2100 2788 multas
2131 2732 2197 2789 et
2226 2726 2430 2790 bonas
2474 2728 2780 2806 sanxerit,
2813 2737 2890 2792 ut

682 2830 903 2894 habita
932 2830 1190 2912 quidem
1221 2838 1357 2893 tam
1388 2850 1522 2892 non
1551 2828 1730 2910 longi
1762 2828 2072 2910 temporis
2102 2828 2372 2906 ratione,
2405 2850 2596 2893 nemo
2629 2831 2888 2913 Regum

681 2939 1046 2995 nostrorum
1086 2933 1322 3015 plures,
1358 2952 1550 2994 nemo
1594 2930 1913 2993 meliores.
2004 2931 2150 2995 Nec
2187 2930 2311 2994 hoc
2356 2931 2618 3014 quidem
2662 2933 2887 3016 igitur,

683 3032 854 3115 quod
891 3033 1148 3097 decreta
1199 3033 1402 3097 edidit
1447 3054 1581 3096 non
1631 3033 1822 3111 mala,
1854 3053 1975 3096 nec
2017 3033 2322 3115 quicquid
2365 3041 2679 3117 praeterea
2723 3036 2889 3100 dixit

682 3135 1043 3200 Cardinalis
1086 3158 1203 3219 pro
1248 3135 1584 3200 Bonifacio
1632 3157 1768 3214 suo,
1801 3136 2144 3219 quicquam
2186 3135 2469 3215 obstant,
2502 3159 2629 3221 quo
2670 3139 2889 3204 minus

682 3238 1015 3302 credamus
1051 3238 1131 3302 de
1176 3259 1273 3316 eo,
1316 3239 1428 3322 qui
1474 3260 1718 3303 nomen
1760 3238 1922 3303 illud
1961 3240 2345 3303 Universalis
2383 3240 2774 3307 desideravit
2822 3252 2889 3307 et

680 3340 946 3424 rogavit,
977 3341 1359 3406 Antichristi
1391 3343 1852 3406 Proecursorem
1881 3342 2098 3407 fuisse.

744 3486 830 3535 Ad
852 3485 962 3535 haec
979 3486 1151 3536 omnia
1170 3486 1413 3537 facillima
1432 3524 1444 3536 .
1472 3523 1483 3536 .
1507 3524 1520 3536 .
1543 3524 1557 3537 .
1584 3487 1842 3551 responsio
1865 3491 1956 3548 est,
1981 3487 2173 3551 Regem
2194 3487 2522 3539 vehementer
2540 3489 2887 3555 falli—[Bell.

809 3570 960 3634 Apol.
984 3584 1075 3634 pro
1096 3567 1266 3633 Resp]
1300 3583 1348 3633 p.
1374 3573 1482 3621 155.
1517 3569 1651 3635 [Op.,
1674 3573 1799 3619 tom.
1817 3570 1907 3621 vii.
1927 3570 2019 3620 eol.
2044 3571 2154 3623 791.
2176 3570 2261 3636 12]

682 3787 770 3836 lib.
793 3786 859 3835 iv.
886 3784 1023 3899 {Ep}
1046 3785 1209 3835 xxxii.
1245 3785 1360 3850 [sec.
1384 3789 1507 3836 vett.
1541 3784 1735 3844 Editt.;
1822 3785 1889 3835 ad
1937 3786 2305 3848 pontificatum,
2338 3787 2553 3837 aliamve
2591 3787 2892 3840 ecclesiasti·

682 3851 769 3900 lib.
794 3866 856 3928 v...
914 3865 950 3898 n
987 3885 999 3897 .
1030 3850 1140 3900 xiii.
1181 3850 1275 3913 Ep.
1301 3865 1387 3900 xx.
1446 3850 1567 3901 Ben.
1625 3848 1737 3914 Op.,
1822 3864 1934 3926 eam
1956 3850 2278 3926 dignitatem,
2293 3851 2397 3929 sibi
2431 3852 2598 3914 gratia
2624 3861 2716 3929 aut
2739 3854 2892 3918 largi-

681 3915 1136 4042 ωῗῑίἓὶὲἕξιῖἐὲ,
1151 3913 1333 4042 139386.
1355 3982 1461 4028 ω
1477 3977 1512 4027 «ι.
1822 3915 2894 4043 {33333¹{‚¹2¹;‚⁰u{2⁶0¹2⁸31‘220”1²033333;3

745 4043 760 4076 ¹
817 4043 948 4094 Vide
970 4057 1136 4107 supra,
1151 4058 1198 4107 p.
1216 4046 1325 4094 386.
1349 4047 1453 4094 not.
1466 4052 1503 4093 ⁸.
1823 4048 1935 4092 tum
1974 4043 2181 4094 demum
2223 4043 2278 4093 id
2318 4051 2483 4094 ratum
2522 4044 2813 4108 haberetur,
2845 4052 2891 4099 si

729 4118 761 4140 ¹¹¹
821 4107 1011 4158 “Idem
1033 4113 1208 4158 auctor
1232 4108 1345 4167 suit,
1367 4113 1426 4157 ut
1446 4123 1502 4158 ee
1522 4109 1630 4158 ebri
1653 4123 1735 4158 an·
1821 4123 1972 4170 quem
2005 4109 2086 4158 illi
2115 4108 2371 4171 legissent,
2393 4110 2627 4173 princeps
2659 4112 2895 4163 civitatis

679 4175 903 4224 tistitum
918 4178 1340 4235 conventu‚quem
1354 4172 1529 4223 Romae
1541 4173 1735 4233 habuit,
1821 4173 2092 4236 probasset,
2140 4173 2378 4223 Pontifex
2430 4175 2688 4225 maximus
2740 4192 2893 4227 suam

679 4239 750 4288 sit
784 4239 1055 4299 decretum,
1078 4252 1142 4287 ne
1168 4253 1199 4288 a
1235 4237 1491 4300 pontificis
1519 4238 1735 4288 interitu
1820 4238 2172 4288 auctoritatem
2185 4237 2461 4302 adjecisset,
2475 4243 2676 4289 tantum
2689 4240 2894 4300 effiitue,

717 4305 821 4353 rius
863 4302 1034 4353 triduo
1075 4302 1342 4366 quisquam
1386 4302 1443 4352 in
1485 4301 1737 4353 demortui
1824 4307 1838 4329 ‘
1856 4301 2105 4353 Volumus
2126 4307 2178 4353 et
2189 4303 2456 4366 jubemus!
2491 4303 2589 4352 Sed
2613 4309 2894 4371 utrumque

702 4381 845 4416 ocum
882 4371 1146 4426 crearetur,
1177 4367 1501 4429 injunxitque
1536 4367 1738 4417 anathe-
1825 4366 2079 4417 decretum
2110 4373 2187 4417 est
2216 4367 2737 4420 abolitum-’'—Marc.
2763 4374 2893 4421 Ant.

680 4432 834 4479 matis
856 4445 1075 4492 poenam,
1097 4432 1141 4480 si
1164 4432 1278 4494 quis
1299 4431 1554 4481 decretum
1575 4432 1739 4481 abole·
1826 4430 1967 4481 Coec.
2019 4431 2225 4496 Sabell]
2280 4432 2507 4482 Ennead.
2543 4434 2654 4482 viii.
2712 4435 2804 4485 lib.
2842 4440 2890 4487 6.

680 4493 849 4556 visset,
865 4498 923 4541 ut
944 4494 1118 4544 eodem
1142 4496 1353 4547 crimine
1366 4500 1636 4558 teneretur,
1650 4496 1739 4561 qui
1829 4497 1979 4561 [tom.
1996 4496 2050 4547 ii.
2070 4512 2121 4563 p.
2141 4495 2275 4560 3971]
