3165 4959
391 2053 598 2118 [Eucha-

389 2119 532 2166 ristia
552 2121 629 2166 est

388 2182 537 2231 simul

482 2250 510 2308 1
522 2249 607 2308 84

390 2333 561 2380 Sacris.
586 2337 638 2379 et

391 2397 555 2445 Sacra-

389 2460 574 2523 ment]

700 313 831 376 250
1331 325 1415 370 AD
1461 322 1843 369 emmaus
1888 322 2284 369 emmunim

701 483 1057 568 nopolitani
1104 491 1307 561 erant,
1355 483 1760 546 orthodoxos·
1853 484 1996 546 Nec
2049 491 2184 546 tam
2231 482 2432 546 fuisse
2478 483 2550 546 in
2597 490 2772 547 arcto
2813 485 2906 549 ibi

705 587 1110 669 Gregorium,
1143 592 1218 649 ut
1267 594 1437 649 esset
1484 585 1576 648 ibi
1610 587 1878 666 ‘privata
1928 587 2137 648 Missa
2189 587 2342 668 (prae
2391 586 2516 650 loci
2564 588 2897 676 angustiis)

703 689 1062 753 necessario
1091 689 1493 752 celebranda.
1587 690 1684 751 Eo
1721 689 1895 751 enim
1934 689 2060 752 loci
2089 696 2235 771 post
2267 697 2655 753 exstructam
2686 691 2908 754 Eccle-

705 794 865 857 siam
917 796 981 856 S.
1007 792 1391 869 Anastasiae,
1435 793 1608 855 inter
1655 812 1880 854 omnes
1926 792 2107 855 urbis
2157 793 2378 875 Regioe
2422 793 2740 857 Ecclesiae
2787 794 2913 856 im-

704 897 926 980 primis
974 895 1401 978 magnificam.
1514 894 1728 960 Quam
1776 915 1926 958 vero
1977 895 2159 957 tenui
2208 917 2318 978 spe
2368 896 2608 979 pendet
2645 898 2913 977 privata

708 1001 933 1076 Missa,
970 1020 1161 1081 quam
1205 998 1463 1060 infirma
1505 997 1646 1060 basi
1683 997 1934 1074 nititur,
1967 997 2071 1060 cui
2116 998 2382 1062 meliora
2410 999 2514 1062 his
2556 1000 2916 1062 statumina

708 1103 1062 1186 prospicere
1110 1123 1245 1165 non
1296 1101 1526 1184 potuit,
1574 1108 1718 1182 post
1764 1107 1864 1162 tot
1910 1100 1979 1162 in
2017 1101 2468 1164 Controversiis
2523 1103 2658 1165 suis
2704 1123 2915 1166 annos

708 1214 980 1279 exactos,
1013 1211 1325 1267 veterator
1354 1212 1576 1266 tantus
1609 1203 2016 1267 Cardinalis?

776 1356 923 1406 Ratio
948 1395 958 1404 .
985 1394 997 1406 .
1021 1373 1109 1405 cur
1134 1356 1412 1406 Novatores
1435 1357 1699 1415 mirentur,
1724 1353 1856 1418 quod
1882 1392 1892 1402 .
1921 1391 1933 1403 .
1959 1354 2240 1404 celebretur
2261 1355 2556 1418 mysterium
2581 1355 2919 1405 Eucharistiae

839 1440 947 1488 sine
964 1439 1405 1502 participantibus,
1421 1443 1513 1495 est,
1534 1438 1653 1500 quia
1671 1452 1772 1485 non
1791 1437 2006 1486 credunt
2021 1437 2391 1487 Eucharistiam
2415 1438 2705 1488 institutam
2722 1439 2919 1504 [suinae]

840 1537 871 1569 a
897 1520 1133 1580 Domino,
1166 1524 1224 1568 ut
1257 1519 1517 1568 offerretur
1547 1518 1655 1568 Deo
1685 1520 1741 1566 in
1774 1518 2092 1577 sacrificium,
2121 1518 2210 1567 sed
2249 1519 2412 1567 solum
2444 1525 2501 1568 ut
2532 1518 2920 1570 Sacramentum

841 1603 1212 1652 communionis
1242 1607 1386 1662 esset,
1422 1607 1475 1651 et
1511 1601 1701 1665 populo
1739 1600 2000 1650 offerretur
2034 1603 2090 1649 in
2124 1601 2420 1650 alimoniam
2456 1603 2790 1665 spiritualem.
2859 1603 2922 1652 Si

841 1688 979 1734 enim
1005 1685 1305 1735 sacrificium
1329 1684 1675 1743 admitterent,
1703 1684 1847 1733 facile
1870 1684 2231 1746 intelligerent,
2256 1699 2399 1747 posse
2420 1685 2723 1734 sacrificium
2746 1684 2922 1735 offerri

845 1767 951 1816 Deo
975 1782 1066 1830 pro
1089 1767 1291 1830 populo,
1315 1767 1514 1815 etiamsi
1540 1766 1757 1829 populus
1781 1765 1843 1814 de
1865 1765 2109 1815 sacrificio
2131 1781 2229 1816 non
2256 1767 2527 1830 participet
2548 1767 2923 1826 manducando,

841 1848 991 1897 modo
1014 1848 1283 1910 participet
1305 1846 1856 1910 impetrando—[Bell.
1876 1847 2020 1910 Apol.
2041 1861 2131 1910 pro
2150 1846 2318 1910 Resp.]
2342 1862 2389 1909 p.
2409 1849 2516 1896 100.
2536 1847 2667 1912 [Op.,
2692 1853 2814 1896 tom.
2829 1850 2921 1898 vii.

841 1929 952 1978 coll.
976 1930 1083 1979 760.
1106 1929 1163 1976 D.
1191 1929 1299 1978 761.
1327 1928 1410 1991 A.]

800 2035 1017 2115 Atque
1061 2033 1183 2095 hoc
1224 2039 1320 2094 est
1366 2031 1533 2113 quod
1580 2032 1894 2093 mirantur
1937 2031 2143 2095 nostri
2165 2032 2518 2096 -hominesz
2567 2055 2700 2096 non
2745 2033 2922 2116 quod

716 2138 939 2199 mirari
968 2135 1058 2198 ibi
1096 2157 1202 2197 eos
1247 2135 1436 2216 fingit
1469 2134 1848 2198 CardinaliS.
1947 2135 2224 2197 Credunt
2269 2135 2462 2213 enim,
2495 2137 2846 2198 institutam
2881 2158 2924 2199 a

718 2241 983 2301 Domino
1014 2239 1486 2300 Eucharistiam
1530 2236 1602 2298 in
1631 2236 1729 2298 sui
1762 2238 2392 2300 commemorationem
2410 2265 2431 2311 ;
2479 2238 2673 2301 etiam
2709 2240 2924 2302 Sacri·

720 2343 847 2405 ficii
894 2341 1014 2419 sui,
1045 2341 1146 2404 vel
1186 2341 1263 2423 (si
1313 2341 1407 2402 ita
1457 2340 1635 2422 loqui
1681 2341 1894 2421 liceat)
1946 2341 2013 2402 in
2059 2340 2439 2420 sacrificium
2486 2362 2923 2405 commemora·

720 2448 911 2510 tivum
931 2472 950 2520 ;
1019 2467 1151 2509 non
1201 2452 1417 2508 autem
1470 2444 1542 2507 in
1593 2445 2063 2507 Sacramentum
2124 2444 2336 2523 modo,
2400 2445 2500 2508 vel
2561 2446 2924 2509 alimoniam

714 2552 1119 2631 spiritualem.
1245 2549 1390 2611 Hoc
1452 2548 1711 2630 quidem
1771 2548 1891 2610 etsi
1965 2547 2336 2625 admittant,
2398 2558 2641 2631 negant
2699 2556 2924 2612 tamen

716 2662 1065 2737 utrumque
1100 2675 1291 2717 usum
1323 2654 1500 2715 hunc
1538 2652 1652 2731 (sic
1692 2674 1730 2714 a
1760 2651 2044 2715 Domino
2077 2652 2271 2715 simul
2301 2661 2367 2715 et
2397 2654 2793 2736 conjunctim
2822 2654 2923 2715 in-

719 2759 1046 2839 stitutum)
1100 2756 1312 2821 divelli
1368 2777 1555 2839 posse
1617 2755 1696 2817 ab
1756 2755 2036 2832 homine,
2084 2764 2196 2818 aut
2244 2764 2504 2839 propter
2551 2758 2652 2820 vel
2701 2758 2924 2840 populi

718 2862 1201 2944 negligentiam,
1247 2861 1345 2923 vel
1394 2859 1813 2923 Sacerdotum
1860 2858 2213 2936 avaritiam,
2263 2860 2538 2923 alterum
2591 2860 2673 2923 ab
2719 2861 2924 2923 altero

718 2965 1037 3046 abrumpi.
1131 2963 1549 3040 Sacrificium,
1615 2962 1785 3045 quod
1843 2962 1934 3025 ibi
1995 2970 2113 3039 est,
2166 2963 2685 3027 Eucharisticum
2744 2985 2922 3027 esse:

719 3069 903 3151 cujus
944 3066 1234 3129 sacrificii
1280 3088 1356 3129 ea
1393 3066 1515 3143 lex,
1549 3074 1624 3128 ut
1662 3066 1772 3148 qui
1815 3065 1978 3129 illud
2023 3066 2269 3144 offerat,
2304 3068 2382 3130 de
2427 3089 2502 3130 eo
2546 3067 2923 3151 participet:

715 3170 1055 3249 participet
1107 3175 1323 3230 autem
1371 3170 1731 3249 accipiendo
1781 3176 1846 3231 et
1892 3170 2257 3232 comedendo
2294 3170 2415 3252 (uti
2452 3170 2650 3253 jussit
2697 3173 2927 3234 Serva-

719 3274 871 3354 tor).
962 3273 1136 3335 Nam
1173 3273 1569 3352 participare
1617 3273 2026 3354 impetrandO,
2078 3294 2373 3354 nuperum
2425 3273 2491 3336 id
2545 3274 2804 3356 quidem
2858 3282 2927 3336 et

720 3376 1017 3439 novitium
1067 3374 1492 3458 participandi
1544 3397 1747 3457 genus
1766 3404 1784 3453 ;
1851 3398 1924 3439 ac
1973 3378 2176 3440 multo
2223 3378 2422 3440 etiam
2471 3379 2674 3461 magis
2725 3400 2920 3461 quam

722 3481 931 3543 Missa
961 3479 1101 3562 ipsa
1114 3479 1395 3559 privata.

787 3633 917 3691 Quia
941 3632 1057 3696 [leg.
1082 3630 1342 3694 quoniam]
1364 3630 1554 3680 sciebat
1575 3630 1685 3679 Rex
1708 3630 2008 3679 sacrificium
2027 3630 2197 3679 Missae
2220 3646 2326 3681 esse
2349 3632 2780 3694 antiquissimum,
2796 3667 2809 3679 .
2837 3668 2848 3679 .
2874 3670 2885 3680 .
2915 3670 2925 3680 .

851 3753 862 3763 .
888 3748 901 3762 .
926 3751 939 3763 .
964 3714 1077 3763 ideo
1110 3728 1213 3762 non
1247 3712 1385 3777 [fuit]
1420 3727 1568 3762 ausus
1598 3713 1734 3761 inter
1757 3728 1834 3762 res
1863 3727 2017 3761 novas
2040 3728 2223 3776 ponere
2227 3751 2389 3773 .....
2415 3714 2504 3763 sed
2527 3715 2690 3763 solum
2714 3714 2927 3763 Missam

850 3796 1331 3861 privatam—[Bell.
1360 3795 1504 3858 Apol.
1531 3810 1622 3858 pro
1647 3794 1815 3858 Resp]
1840 3810 1888 3858 p.
1914 3796 2024 3844 101.
2050 3796 2184 3859 [Op.,
2202 3800 2322 3844 tom.
2340 3797 2426 3846 vii.
2451 3797 2543 3845 col.
2565 3798 2673 3847 761.
2702 3798 2762 3845 A.
2783 3795 2862 3859 B.]

808 3906 1045 3988 Atque,
1078 3926 1155 3967 ex
1186 3905 1263 3967 iis
1296 3903 1575 3986 quidem,
1610 3925 1751 3986 quae
1775 3905 1911 3987 jam
1944 3904 2103 3965 mihi
2135 3904 2306 3967 dicta
2338 3911 2507 3982 sunt,
2540 3906 2643 3985 (de
2673 3925 2932 3967 comme-

722 4011 1064 4073 moratione
1108 4007 1196 4071 ibi
1246 4007 1572 4084 Sacrificii,
1617 4029 1729 4070 seu
1764 4008 2089 4090 Samficio
2121 4010 2674 4090 commemorativo)
2711 4029 2925 4091 super-

723 4134 999 4176 vacuum
1042 4111 1110 4173 id
1146 4132 1335 4173 omne
1381 4110 1648 4173 docetur
1689 4131 1847 4187 esse,
1882 4110 2050 4193 quod
2095 4118 2239 4193 post
2275 4112 2681 4193 (necessitate
2713 4119 2927 4175 autem

725 4217 925 4296 nulla)
969 4214 1327 4280 Cardinalis
1362 4214 1642 4292 infercit,
1688 4214 1766 4277 de
1807 4215 1977 4277 vocis
2020 4215 2213 4297 hujus
2260 4217 2652 4296 antiquitate.
2743 4216 2929 4279 Nihil

725 4318 897 4380 enim
956 4340 1031 4380 ea
1076 4316 1155 4379 de
1209 4337 1383 4394 voce,
1429 4317 1588 4379 Rex.
1685 4316 1810 4379 Sed
1863 4317 2059 4381 habet
2106 4318 2175 4380 in
2223 4318 2493 4382 taberna
2541 4340 2783 4382 merces
2827 4319 2924 4381 vix

726 4420 1004 4496 venaleS,
1048 4419 1359 4500 (mucidas
1407 4420 1581 4481 enim
1625 4420 1762 4503 jam
1816 4421 2002 4501 pene)
2054 4443 2210 4502 quas
2258 4422 2378 4484 etsi
2428 4443 2620 4485 nemo
2665 4429 2924 4505 quaerat,

724 4520 995 4582 subinde
1027 4529 1245 4582 tamen
1278 4542 1537 4583 neccsse
1571 4522 1765 4585 habet
1798 4524 2197 4588 occasionem
2229 4534 2483 4606 captare
2526 4524 2921 4608 exponendi;
