3165 4959
452 3137 702 3202 [Spiritus

437 3247 441 3252 ,
451 3204 678 3265 privatus

452 3266 666 3315 minime

452 3344 655 3392 sequen·

453 3395 591 3458 dus]

541 3844 674 3904 334

763 323 898 384 460
1388 332 1472 379 sn
1515 329 1898 378 mimmius
1941 329 2340 376 Bmmnm1

765 487 1144 565 cardinalis,
1176 507 1432 550 neeesse
1461 492 1582 549 est.
1670 486 1764 548 At
1801 485 2146 566 leyitimum
2185 483 2309 547 hoc
2338 483 2499 565 eju8‚
2530 481 2631 545 vel
2661 482 2975 559 unanime,

765 614 897 656 non
939 591 1342 673 requirimus,
1372 589 1442 650 in
1470 586 1832 670 Apostolis:
1878 607 2011 649 non
2040 586 2112 648 in
2141 585 2516 668 Prophetis:
2561 583 2653 669 (si
2682 584 2977 665 leyitime,

764 695 819 757 si
848 694 1225 756 unanimiter
1244 692 1291 773 .·)
1339 713 1475 754 non
1517 697 1729 773 potest
1771 711 1924 766 non,
1956 688 2263 772 quicquid
2311 688 2392 750 ab
2440 687 2569 749 illis
2617 694 2741 764 est,
2776 687 2977 768 ἱερέα·-

763 818 928 859 mum
950 817 1105 873 esse,
1139 802 1330 877 atque
1358 794 1668 856 unanime.
1713 793 1930 874 Atque
1960 792 2103 869 hoc,
2137 791 2215 854 de
2239 792 2552 868 Conciliis,
2575 797 2644 853 et
2672 790 2980 852 Patribus

763 899 1012 961 dictum
1041 898 1202 974 volo,
1235 888 1348 979 qui
1378 902 1737 977 sequuntur
1778 915 1913 956 non
1954 893 2246 975 passibus
2290 894 2509 976 aequis.
2600 894 2805 974 Papae
2834 913 2983 956 vero

764 994 977 1079 vestri,
1010 1022 1048 1062 a
1075 1001 1287 1082 longe,
1321 1002 1512 1080 atque
1541 996 1877 1059 intervallo
1905 1003 2109 1073 tanto,
2141 1003 2223 1058 ut
2245 996 2348 1059 vel
2384 996 2596 1060 visum
2639 996 2982 1078 effugiant.

766 1105 935 1166 Date
991 1102 1179 1165 nobis
1229 1100 1538 1178 Concilia,
1599 1099 1903 1180 Leyitime
1965 1104 2361 1180 conqreyata,
2411 1104 2472 1161 et
2517 1099 2940 1179 procedentia
2960 1126 2979 1161 .-

764 1207 915 1269 date
937 1206 1167 1273 Patres
1194 1203 1476 1266 unanimi
1520 1221 1816 1264 consensu
1853 1201 2315 1281 praedicante35
2361 1201 2433 1262 in
2461 1199 2688 1265 eonim
2720 1208 2981 1263 senten-

767 1308 926 1371 tiam
973 1308 1144 1370 imus
1189 1304 1425 1368 statim.
1519 1303 1767 1383 Papam
1810 1322 1959 1365 vero
2002 1301 2183 1365 vobis
2237 1310 2503 1382 servate,
2549 1302 2622 1365 in
2657 1303 2981 1367 Cathedra

768 1411 950 1473 Petri
990 1409 1065 1492 (si
1096 1408 1313 1488 vultis)
1348 1406 1678 1469 sedentem.
1764 1404 2041 1467 Perinde
2077 1403 2251 1467 enim
2280 1404 2475 1483 illius,
2509 1412 2704 1487 atque
2735 1426 2980 1482 eorum,

769 1514 881 1596 qui
926 1514 998 1576 in
1051 1511 1367 1574 cathedra
1417 1509 1625 1571 Mosis
1682 1507 1994 1585 sedebant,
2046 1506 2437 1571 fermentum
2494 1529 2661 1591 saepe
2723 1509 2981 1573 acidum

770 1614 1187 1697 gustavimus.
1265 1610 1408 1675 Nec
1437 1611 1614 1674 enim
1642 1631 1750 1673 eos
1779 1609 2007 1688 solum,
2037 1616 2114 1672 ut
2144 1610 2368 1673 Patres
2398 1609 2585 1692 ipsos,
2618 1631 2699 1674 ex
2728 1618 2980 1674 naturae

770 1718 1072 1779 humanae
1117 1714 1465 1798 fragilitate
1515 1711 1894 1776 mendaces:
1963 1712 2095 1789 sed,
2144 1733 2223 1775 ex
2271 1712 2606 1776 literarum
2652 1714 2979 1797 imperitia

771 1842 1042 1896 summa,
1087 1819 1319 1882 bardos
1361 1818 1593 1900 plane:
1638 1836 1717 1878 ex
1760 1814 2030 1878 libidine
2070 1814 2208 1897 ipsa
2252 1815 2631 1895 mentiendi,
2682 1817 2977 1882 fallaces:

769 1930 845 1983 ut
893 1920 1171 1984 deterior
1215 1919 1474 1982 illorum
1520 1917 1728 1981 multo
1780 1916 1883 1995 sit,
1932 1937 2127 1999 quam
2177 1918 2446 1980 Patr-um
2496 1919 2805 1983 conditio.
2895 1922 2981 1984 Et

769 2022 1160 2104 experientia
1197 2021 1536 2084 didicimus
1566 2028 1806 2098 tamen,
1837 2040 2060 2082 omnes
2089 2040 2271 2082 suam
2299 2017 2821 2101 infallibilitatem
2849 2045 2981 2087 cre·

768 2146 938 2208 pare,
999 2132 1064 2187 ct
1122 2123 1608 2206 promissionem
1678 2125 1847 2204 (quae
1901 2143 2224 2205 nusquam
2282 2124 2402 2204 est)
2412 2173 2431 2202 ,
2485 2132 2553 2187 et
2608 2126 2756 2190 illos
2815 2126 2982 2210 ipsos

768 2225 973 2307 magis
1016 2225 1091 2287 de
1128 2225 1360 2287 scrinio
1397 2223 1679 2304 pectoris
1691 2231 1742 2300 ¹¹,
1776 2229 1843 2285 et
1875 2223 2138 2303 spiritus
2167 2224 2526 2287 assistentia
2556 2225 2842 2307 gloriari,
2875 2228 2981 2310 qui

768 2327 1139 2409 longissime
1169 2327 1247 2390 ab
1277 2333 1552 2408 utroque
1584 2325 1872 2403 aberant,
1907 2325 2124 2407 quales
2156 2334 2358 2404 erant,
2385 2328 2680 2391 omnium
2708 2329 2980 2412 judicic,

773 2431 1142 2496 Bonifacius
1189 2431 1489 2508 Octavus,
1545 2428 1787 2493 Paulus
1840 2427 2196 2507 SecunduS,
2234 2428 2449 2493 Julius
2500 2430 2865 2512 Secundus,
2913 2445 2979 2498 et

773 2536 1045 2600 Tertius.

841 2681 896 2731 Si
919 2695 1069 2744 super
1088 2679 1298 2729 scientis
1320 2677 1537 2742 propris,
1559 2676 1639 2725 vel
1675 2676 1874 2739 privata
1906 2676 2116 2738 spiritus
2137 2676 2477 2726 illustratione
2498 2676 2837 2727 fundamenta
2859 2678 2981 2728 fidei

905 2759 1196 2810 collocanda
1228 2764 1363 2818 sunt,
1386 2772 1491 2807 non
1524 2772 1675 2820 super
1705 2761 1918 2820 petram,
1940 2754 2027 2805 sed
2050 2770 2200 2819 super
2220 2770 2426 2806 arenam
2448 2756 2628 2807 domus
2649 2759 2771 2808 fidei
2796 2767 2983 2809 nostrus

904 2841 1114 2890 fundata
1150 2855 1253 2889 non
1290 2839 1477 2903 poterit
1512 2837 1746 2899 effugere,
1788 2837 1929 2899 quin,
1966 2835 2121 2886 fiante
2157 2841 2311 2886 vento
2347 2839 2660 2899 tentationis,
2697 2841 2791 2890 fist
2841 2843 2988 2893 roim

905 2922 1047 2971 illius
1081 2919 1509 2985 magnae—[Bell.
1536 2918 1684 2982 Apol.
1708 2932 1799 2982 pro
1834 2915 2003 2980 Resp]
2042 2931 2127 2980 pp.
2153 2918 2264 2966 188.
2291 2919 2399 2968 189.
2437 2918 2576 2983 [Op.,
2616 2924 2743 2970 tom.
2766 2921 2857 2970 vii.
2892 2923 2984 2972 col.

905 3005 1016 3052 810.
1042 3001 1119 3065 0.]

866 3117 1090 3180 Nolim
1120 3114 1400 3198 quidem,
1433 3134 1799 3196 quenquam
1836 3132 2023 3194 super
2054 3114 2317 3194 privata
2365 3115 2627 3195 spiritus
2667 3116 2769 3177 sui
2809 3118 2986 3180 illus-

781 3220 1050 3282 tratione
1063 3215 1479 3299 fimdamenta
1502 3217 1724 3297 jacere
1740 3214 1901 3295 fidei
1928 3235 2093 3288 suam
2140 3215 2253 3278 sed
2284 3236 2411 3297 quo
2438 3216 2656 3280 minus
2684 3218 2755 3281 id
2783 3221 2988 3302 possit

780 3329 1017 3408 tamen,
1064 3340 1138 3383 ac
1183 3326 1259 3381 ut
1306 3338 1496 3401 super
1537 3317 1747 3381 multo
1790 3317 2099 3400 plurimos
2140 3317 2498 3398 PontificeS,
2531 3326 2595 3382 et
2642 3342 2871 3384 eorum
2907 3323 2987 3404 (si

781 3445 916 3487 non
947 3422 1288 3498 mendaces,
1320 3420 1551 3484 merito
1578 3419 1845 3500 tamem)
1880 3425 2206 3502 suspectos
2237 3419 2535 3503 spiritus;
2581 3443 2716 3486 non
2742 3423 2982 3505 (credo)

781 3534 1033 3590 sensato
1076 3525 1375 3607 cuiquam
1404 3521 1784 3600 CardinaliS,
1823 3520 2025 3604 (dabit
2054 3541 2203 3584 vero
2232 3521 2505 3603 veniam)
2541 3544 2624 3586 ne
2673 3523 2797 3587 sibi
2848 3527 2990 3608 qui-

784 3629 930 3692 dem
960 3628 1080 3711 ipsi
1108 3623 1534 3709 persuadebit.
1610 3624 1717 3701 Et,
1747 3622 1863 3686 ubi
1892 3622 2152 3685 tertiam
2173 3624 2313 3705 jam
2343 3625 2646 3707 paginam
2674 3626 2987 3709 implevit,

782 3731 948 3794 nihil
991 3730 1205 3806 efficit,
1249 3728 1405 3811 quin
1450 3727 1522 3790 in
1567 3726 1760 3789 rebus
1806 3725 1975 3803 fidei,
2023 3747 2107 3787 an
2142 3726 2440 3804 Concilia,
2475 3749 2559 3790 an
2589 3729 2844 3808 Patree,
2877 3731 2989 3794 sed

785 3842 935 3898 ante
978 3833 1213 3910 omnia,
1250 3852 1334 3894 an
1365 3830 1710 3909 Scripturoe
1752 3829 1847 3890 ita
1887 3848 1956 3890 ee
2000 3828 2287 3907 habeant,
2327 3837 2404 3891 ut
2446 3830 2835 3911 referuntur,
2866 3833 2989 3916 ipsi

783 3937 897 4019 per
943 3957 1009 3999 se
1059 3934 1372 4017 inspicere
1419 3931 1697 3995 debeant
1756 3929 2108 4013 Principes,
2162 3938 2354 4013 atque
2414 3932 2572 3996 adeo
2629 3934 2832 4018 (puto)
2888 3937 2990 3999 in-

783 4038 1059 4124 specturi
1090 4037 1241 4100 sint.
1331 4037 1433 4099 De
1465 4035 1711 4116 Spiritu
1742 4033 1999 4117 quidem
2031 4035 2309 4115 privatO,
2341 4035 2674 4099 nobiscum
2706 4038 2805 4100 illi
2835 4060 2985 4103 con-

783 4142 994 4205 venit:
1059 4146 1126 4202 at
1172 4159 1304 4202 non
1349 4138 1430 4200 de
1479 4137 1763 4200 scientia.
1852 4136 2025 4199 Nam
2081 4136 2136 4199 si
2184 4138 2448 4200 scientia
2498 4138 2601 4216 sit,
2651 4162 2774 4203 nec
2817 4143 2985 4223 salsi

784 4245 1067 4321 nomini-9,
1099 4243 1210 4306 sed
1237 4262 1419 4305 vera:
1465 4260 1580 4303 cur
1616 4240 1729 4302 illa
1767 4238 1894 4302 niti
1932 4260 2067 4303 non
2109 4241 2332 4322 possit,
2364 4263 2497 4304 non
2527 4241 2778 4322 debeat,
2810 4246 2982 4310 haud

782 4347 969 4411 facile
1025 4346 1297 4431 (opinor)
1355 4342 1605 4406 dixerit.
1696 4343 1879 4405 Petri
1927 4340 2366 4424 confessionem
2410 4344 2609 4407 voluit
2659 4347 2980 4428 Christus,

1451 4520 1474 4541 ¹¹
1512 4510 1674 4574 [Vide
1696 4526 1861 4575 supra,
1894 4525 1944 4577 p.
1972 4513 2079 4562 153.
2116 4515 2220 4560 not.
2246 4511 2309 4577 ἢ]
