3165 4959
977 363 1342 411 nomem
1385 362 1749 412 mmNsto.
2333 351 2456 413 421

253 518 688 602 subjecerunt.
779 517 956 581 Nam
1007 524 1072 581 et
1122 518 1189 580 id
1237 538 1489 601 quoque
1516 516 1699 602 (cum
1744 516 2035 580 adessent
2073 517 2254 596 vires,
2296 517 2466 601 quod

253 641 376 683 nec
406 619 620 703 gladio
653 629 873 683 tamen
902 620 1003 683 vel
1033 621 1235 684 securi
1266 621 1535 684 cervices
1566 620 2029 701 subduxerunt)
2041 625 2306 700 propter
2323 640 2467 683 con—

249 724 581 785 scientiam
612 722 693 786 ab
723 723 802 785 iis
839 722 1084 786 factum
1125 731 1240 802 est,
1271 745 1384 807 per
1427 730 1837 803 contemptum
1876 722 2133 805 quidem
2171 743 2304 786 non
2348 730 2464 786 est.

253 826 435 889 Nam
475 832 541 889 et
575 825 700 888 ista
741 828 1051 909 opposita,
1088 833 1352 907 propter
1380 833 1606 889 noetum
1647 826 1801 909 quid
1851 826 2079 904 facere,
2111 832 2177 889 et
2203 833 2470 906 propter

250 930 716 992 conscientiam.
807 930 894 991 Et
923 929 1049 993 ista
1076 951 1209 994 non
1238 929 1470 1007 minus,
1490 950 1615 1011 per
1638 935 2045 1010 contemptum
2064 927 2218 1011 quid
2240 928 2466 1007 faeere,

248 1041 322 1095 et
351 1040 617 1114 propter
651 1033 1110 1096 conscientiam.
1201 1034 1348 1099 Quo
1388 1039 1454 1095 et
1497 1031 1657 1094 illud
1701 1039 1966 1115 spectat,
2009 1033 2470 1095 Contemnentes

232 1136 428 1216 jussa
474 1137 860 1217 Principum,
904 1136 1210 1200 selectum
1262 1158 1300 1198 a
1351 1135 1711 1212 cardinale,
1765 1134 1947 1218 quasi
1993 1134 2087 1197 illi
2137 1135 2208 1197 in
2255 1136 2468 1199 animo

249 1238 491 1318 sedeat,
524 1239 704 1323 quasi
733 1238 913 1303 valde
942 1237 1114 1317 velit,
1147 1240 1513 1320 Principum
1526 1239 1716 1319 jussa
1748 1232 2071 1302 contemni.
2142 1238 2267 1301 Illa
2295 1238 2467 1301 enim

247 1342 378 1405 etsi
406 1341 639 1407 alicubi
667 1341 915 1426 phrasis
943 1342 1198 1425 legitur,
1229 1350 1448 1405 tamen
1489 1363 1616 1424 qua
1654 1348 1872 1404 mente
1910 1341 2017 1404 hic
2062 1348 2403 1425 usurpetur
2431 1363 2470 1404 a

250 1443 614 1522 Cardinale,
661 1452 727 1507 et
772 1465 856 1506 an
902 1450 1069 1526 apte,
1115 1451 1181 1506 et
1227 1465 1360 1507 non
1410 1465 1559 1507 cum
1608 1444 1936 1507 stomacho
1983 1443 2213 1527 potius,
2267 1442 2471 1525 quivis

251 1545 441 1609 facile
471 1548 905 1630 conjecturam
932 1546 1147 1611 faciet.

319 1683 564 1740 Quamvis
596 1683 752 1732 sciam
786 1682 975 1744 Regem
1010 1697 1113 1733 non
1144 1686 1250 1732 tam
1281 1698 1388 1732 esse
1419 1683 1675 1733 curiosum
1698 1684 1755 1733 in
1776 1682 1958 1733 alienis
1990 1682 2155 1743 rebus,
2176 1687 2236 1732 ιιι
2267 1682 2470 1732 libellos

389 1763 478 1810 vix
513 1762 636 1811 dum
672 1763 835 1812 editos
867 1762 932 1813 ad
968 1778 1020 1813 se
1056 1763 1245 1813 deferri
1284 1770 1441 1825 curet,
1481 1769 1533 1813 et
1565 1766 1690 1813 satis
1724 1763 1960 1827 intelligo
1997 1764 2110 1827 [leq.
2138 1763 2468 1826 intelligst,

389 1843 504 1906 quis
534 1844 586 1892 in
620 1843 868 1907 ejusmodi
903 1844 1053 1894 rebus
1086 1844 1213 1906 Regi
1248 1844 1473 1894 laboret:
1521 1843 1837 1907 respondebo
1875 1843 2281 1908 tamem-{BelL
2316 1842 2466 1906 Apol.

391 1923 683 1989 proResp.]
720 1940 769 1989 p.
800 1926 909 1977 170.
948 1924 1088 1990 [ΟΡ.,
1109 1928 1232 1975 ιοιιι.
1257 1926 1460 1978 viicol.
1482 1927 1595 1976 800.
1622 1924 1789 1987 Β.Ο.]

348 2024 448 2086 De
498 2045 664 2087 novo
709 2025 1174 2106 Recoynitionis
1225 2045 1355 2089 suae
1405 2024 1567 2102 loco,
1623 2024 1797 2106 (cum
1848 2022 2134 2085 maderet
2190 2023 2381 2086 etiam
2433 2044 2472 2085 a
2495 2028 2703 2093 [Bellat-

257 2125 498 2208 prae10‚)
553 2124 902 2189 ludibrium
954 2125 1093 2188 vult
1150 2125 1334 2189 nobis
1393 2124 1660 2201 debere3
1711 2124 1848 2188 Scit
1899 2145 2021 2187 non
2068 2124 2340 2186 delatum
2392 2124 2473 2187 ad
2496 2107 2774 2207 mauguin

261 2231 526 2312 Regem.
592 2230 822 2312 Regem
851 2250 973 2292 non
1002 2230 1095 2292 ita
1125 2231 1473 2303 curiosum;
1518 2230 1679 2291 satis
1708 2229 2023 2310 intelligit,
2056 2229 2195 2308 quis
2216 2228 2428 2310 Περὶ
2404 2249 2472 2289 m
2499 2293 2522 2335 t.
2543 2222 2736 2284 ωῡὲὓῑ·

259 2333 612 2413 lmjusmodi
640 2333 821 2395 rebus
853 2333 1107 2396 laboret.
1197 2334 1325 2396 Nae
1352 2332 1460 2395 ille
1498 2332 1625 2395 ista
1657 2333 1797 2410 scit,
1831 2339 2022 2414 atque
2052 2333 2365 2414 intelligit,
2397 2340 2472 2395 ut
2521 2287 2679 2350 ione,]

259 2442 329 2499 et
360 2435 484 2498 alia
511 2443 730 2500 nostra
759 2435 993 2500 omnia.
1084 2435 1214 2502 Qui
1242 2436 1407 2519 Regi
1435 2436 1574 2500 haec
1605 2456 1773 2499 curae
1802 2456 1935 2508 non
1965 2456 2119 2514 esse,
2153 2436 2263 2518 qui
2294 2437 2472 2519 quasi

257 2560 400 2602 rem
444 2539 717 2601 alienam
757 2538 1005 2619 ducere,
1053 2540 1163 2623 qui
1211 2541 1403 2601 alium
1447 2540 1506 2600 ei
1548 2539 1836 2601 laborare
1878 2539 2033 2620 (non
2070 2539 2281 2622 ipsum
2328 2539 2471 2618 sibi,

259 2664 396 2706 non
437 2642 648 2725 ipsum
692 2650 758 2705 et
803 2642 923 2706 sibi
962 2650 1028 2706 et
1069 2642 1252 2724 aliis,)
1289 2641 1529 2721 retulit,
1560 2640 1745 2704 ludos
1791 2640 1851 2704 ei
1896 2639 2067 2721 fecit,
2101 2640 2334 2705 abusus
2374 2649 2471 2705 est

258 2745 638 2808 credulitate
673 2744 858 2823 senis,
889 2745 1067 2822 fecit,
1097 2752 1174 2808 ut
1208 2766 1431 2809 omnes
1468 2744 1578 2827 qui
1621 2744 1725 2807 hic
1758 2750 1928 2821 sunt,
1959 2745 2164 2806 sciant
2193 2752 2259 2807 et
2289 2747 2469 2808 intel·
2526 2742 2531 2747 ’
2583 2752 2713 2814 304

258 2849 486 2928 liqant,
519 2847 682 2910 nihil
711 2847 974 2911 Curiam
1003 2846 1082 2910 de
1114 2848 1290 2930 Rege
1319 2847 1482 2911 scire
1519 2847 1620 2911 vel
1660 2847 2024 2929 intelligere,
2054 2846 2218 2910 nihil
2250 2848 2470 2913 Cardi-

269 2950 503 3012 nalem.

327 3083 558 3144 Quod..
598 3085 828 3136 subditos
863 3101 1040 3149 regum
1076 3086 1203 3151 ipsis
1236 3086 1458 3149 Regibus
1484 3086 1766 3150 superiores
1789 3086 2007 3148 fecerim,
2033 3102 2137 3137 non
2158 3089 2349 3152 poterit
2371 3088 2478 3138 Rex

394 3182 459 3216 ex
482 3166 629 3216 libris
650 3169 778 3217 meis
800 3168 1024 3231 probare.
1065 3168 1194 3217 Cum
1209 3171 1384 3218 contra
1398 3169 1597 3231 potius
1584 3183 1640 3217 1n
1656 3168 1747 3218 lib.
1762 3168 1824 3219 de
1841 3168 2055 3230 Laieiffl,
2072 3168 2252 3219 debere
2268 3170 2481 3234 populos

393 3249 594 3312 legibus
609 3249 864 3312 Regum..
914 3264 1057 3311 ,non
1079 3248 1231 3299 modo
1254 3249 1364 3315 [leq.
1382 3250 1566 3314 solum]
1590 3266 1652 3300 ex
1675 3252 1989 3314 necessitate,
2003 3252 2091 3302 sed
2110 3253 2265 3303 etiam
2288 3253 2344 3302 in
2366 3269 2477 3302 con-

400 3330 619 3380 scientia
641 3329 890 3380 obedire.
927 3368 938 3380 .
1021 3329 1573 3396 .docuerim.—[Be11.
1596 3333 1744 3395 Apol.
1768 3348 1861 3397 pro
1884 3331 2054 3396 Resp]
2091 3348 2140 3397 p.
2170 3334 2281 3384 171.
2337 3333 2477 3398 [Op.,

398 3416 522 3461 tom.
541 3411 629 3461 vii.
654 3410 748 3461 col.
764 3413 874 3462 800.
899 3410 954 3461 C.
972 3366 1057 3475 1).]

355 3525 680 3605 Populum,
730 3544 807 3587 eo
848 3523 1032 3601 libro,
1070 3524 1238 3605 Reqe
1287 3525 1666 3605 superiorem
1712 3523 1882 3587 facit.
1975 3525 2194 3606 Negat
2246 3525 2764 3611 facere,pu1um

264 3649 390 3693 nec
425 3627 493 3690 id
533 3649 569 3691 e
612 3626 778 3691 libro
815 3626 1070 3711 probari
1117 3647 1323 3709 posse.
1415 3627 1657 3690 Annon
1710 3626 1994 3709 superior
2042 3627 2238 3709 Rege,
2277 3649 2315 3690 a
2351 3649 2478 3709 quo
2501 3612 2801 3713 riomusupe·

269 3733 409 3796 Rex
459 3737 843 3813 potestatem
894 3751 1076 3793 suam
1127 3749 1387 3794 omnem
1435 3728 1676 3791 sumit?
1786 3729 2028 3791 Annon
2082 3749 2331 3792 sumere
2387 3730 2479 3794 ibi
2502 3725 2668 3788 facin]

264 3835 426 3899 dicit
458 3836 666 3917 Reges
697 3855 877 3897 suam
907 3854 1165 3898 omnem
1194 3839 1576 3916 potestatem
1609 3853 1647 3894 a
1674 3831 1909 3914 populo
1925 3833 1993 3894 ¹?
2087 3832 2261 3898 Quid
2291 3854 2480 3915 porro

265 3937 541 4020 probatu
570 3958 728 4019 opus
745 3938 775 3999 ?
852 3937 946 3999 At
975 3955 1277 4018 magnam
1309 3954 1446 3996 rem
1475 3933 1774 4016 praestitit
1805 3940 1870 3996 et
1900 3934 2428 3997 memorabilem
2410 3957 2481 3997 m

263 4039 373 4103 lib.
409 4038 490 4102 de
520 4038 751 4116 Laicis,
783 4037 896 4101 ubi
932 4037 1278 4120 disputavit
1317 4036 1686 4115 Principum
1716 4035 1949 4115 leqibus
1977 4037 2174 4098 teneri
2189 4037 2477 4116 populos,

261 4141 452 4222 idque
486 4142 554 4202 in
593 4141 989 4204 conscientia.
1082 4137 1257 4206 Quid
1295 4145 1458 4216 tum,
1490 4137 1542 4199 si
1581 4137 2049 4220 praevaricetur,
2081 4138 2134 4201 81
2177 4139 2346 4221 quod
2384 4139 2478 4203 ibi

261 4242 598 4320 exstruxit,
627 4242 734 4306 hic
764 4241 1032 4305 subruat
1060 4239 1319 4304 denuo?
1386 4240 1722 4302 Summam
1758 4238 2111 4302 etiamnum
2141 4239 2211 4302 in
2239 4242 2478 4324 populo

332 4420 354 4451 *ἱ
388 4410 536 4474 [Bell.
576 4410 662 4459 lib.
687 4410 760 4459 iii.
796 4409 859 4459 de
897 4409 1079 4471 Laicis,
1118 4424 1225 4473 ωΡ.
1250 4411 1327 4459 11.
1417 4407 1480 4458 ad
1519 4423 1611 4471 cap
1614 4411 1696 4457 ..6
1738 4411 1762 4467 ς
1801 4407 2022 4466 ‘Quinto
2061 4408 2244 4472 nonest]
2294 4409 2476 4473 Recog.

265 4476 381 4539 Op
368 4479 541 4602 [gellii
561 4474 891 4601 ἰέὶεοὸὲῖῖἰξ
911 4489 1002 4588 1811.
1006 4473 1096 4589 iio
1127 4537 1324 4595 Laicis;
1419 4423 2027 4600 Hd‘igittlgg?ligmligg
2063 4478 2116 4523 et
2148 4489 2196 4537 p
2217 4477 2262 4523 6
2290 4474 2348 4524 Β
2371 4489 2470 4537 seq
