3165 4959
701 312 831 374 342
1272 304 1287 319 ‘
1330 328 1415 374 An
1460 326 1841 374 mammas
1884 325 2284 373 summm

705 483 765 541 5.
814 477 1132 560 Denique,
1163 478 1267 541 vel
1297 478 1427 543 duo
1454 478 1586 557 isti,
1617 478 1844 542 Enoch
1875 484 1942 542 et
1973 477 2170 557 Elias,
2200 474 2597 560 praevenient
2625 473 2919 556 reliquos

704 601 950 659 omnes,
981 600 1102 643 nec
1131 587 1464 663 expectata
1502 580 1788 664 generali
1829 581 2318 657 resurrectione,
2350 577 2730 660 aliquandiu
2759 584 2923 639 ante

708 703 851 747 eam
909 693 1267 764 resurgent.
1358 683 1449 746 Et
1507 684 1632 747 hoc
1688 684 1786 766 (ut
1835 683 2031 747 habet
2083 681 2443 747 Cardinalis
2499 680 2721 762 Hugo)
2795 700 2927 759 per

707 784 974 866 speciale
1019 784 1445 866 privileyium,
1491 787 1852 867 specialiter
1901 787 1993 849 eis
2039 785 2273 863 datum,
2321 788 2588 865 propter
2642 782 2925 862 speciale

472 891 598 953 247
711 886 1125 949 testimonium
1141 899 1190 950 ⁰.
1287 887 1626 951 Generalis
1662 909 1817 971 ergo
1855 909 2050 965 mors,
2088 887 2405 971 generalis
2443 893 2592 969 post
2636 892 2925 947 mortem

713 987 913 1070 quies,
945 989 1260 1071 generalis
1299 987 1371 1051 in
1405 990 1537 1052 fine
1576 988 1808 1053 mundi
1853 989 2239 1053 resurrectio
2255 1014 2276 1066 ς
2343 987 2649 1071 Exempti
2692 994 2924 1049 tamen

712 1098 939 1170 morte,
972 1098 1039 1153 et
1079 1113 1118 1153 a
1153 1091 1369 1173 quiete
1409 1091 1493 1155 ad
1533 1090 1785 1156 labores
1828 1092 2127 1170 revocati,
2157 1099 2225 1155 et
2254 1096 2407 1155 ante
2436 1088 2667 1153 mundi
2698 1090 2923 1166 finem,

712 1192 1077 1256 resuscitati
1105 1194 1426 1258 nonnulli.
1476 1193 1732 1259 Quibus
1760 1195 1855 1272 fit,
1875 1201 1951 1257 ut
1974 1201 2042 1259 et
2070 1193 2389 1277 generalis
2415 1200 2562 1276 post
2580 1192 2922 1258 Christum

716 1297 1005 1361 ascensio
1040 1297 1206 1360 nihil
1254 1297 1508 1362 duobus
1544 1297 1687 1361 istis
1724 1297 2025 1381 deroget:
2072 1318 2222 1362 cum
2260 1296 2331 1360 id
2374 1296 2501 1359 illis
2539 1315 2924 1359 concessum

716 1422 849 1464 non
880 1402 984 1479 sit,
1015 1402 1141 1464 nisi
1171 1422 1249 1465 ex
1279 1401 1589 1484 singulari
1618 1401 1839 1483 gratia.

393 1510 687 1640 w
1085 1501 2926 1687 mmsifflfflfflffimff

715 1708 817 1771 vel
866 1709 1026 1771 Eliae
1068 1708 1315 1771 dictum
1366 1707 1624 1790 (credo,)
1686 1708 1800 1771 sed
1845 1708 2018 1770 vobis
2063 1706 2153 1789 (id
2182 1706 2302 1790 est)
2359 1705 2688 1789 discipulis
2735 1705 2920 1768 meis·

728 1810 932 1889 Vobis,
965 1810 1198 1894 quibus
1228 1810 1572 1893 parandus,
1605 1831 1738 1874 non
1767 1811 1927 1889 Illis,
1963 1810 2193 1893 quibus
2223 1808 2337 1873 diu
2356 1810 2496 1893 jam
2525 1809 2706 1871 locus
2735 1829 2921 1891 para-

717 1920 824 1976 tus
856 1920 974 1977 est.
1063 1915 1208 1978 Nec
1253 1914 1430 1978 aliud
1462 1915 1649 1978 alteri
1678 1915 1758 1978 ad
1793 1914 2103 1979 Hebraeos
2149 1913 2292 1977 loco
2325 1933 2706 1995 responsum
2733 1911 2921 1991 ferat,

398 2036 505 2099 [(2.)
544 2034 671 2084 Heb.
720 2037 933 2098 quam,
984 2016 1352 2079 Praecursor
1408 2017 1603 2095 nobis,
1661 2018 1750 2099 (id
1798 2018 1918 2099 est)
1972 2017 2192 2094 Paulo,
2243 2022 2309 2079 et
2360 2015 2593 2098 quibus
2644 2014 2921 2097 scripsit.

394 2100 459 2149 ἢ·
484 2099 582 2163 ²⁰·]
718 2120 861 2182 Nec
891 2118 1067 2181 enim
1095 2119 1166 2181 in
1196 2138 1349 2182 voce
1382 2124 1402 2152 ‘
1420 2120 1597 2182 nobis
1615 2121 1636 2151 ’
1667 2120 1898 2184 Enoch
1926 2141 2095 2183 unus
2125 2126 2283 2199 erat,
2303 2120 2405 2182 vel
2432 2119 2631 2182 Elias,
2697 2119 2925 2184 Quan-

719 2244 931 2305 quam,
982 2242 1103 2285 nec
1161 2222 1229 2286 id
1281 2243 1518 2306 negare
1578 2223 1832 2287 animus
1893 2231 2009 2302 est,
2058 2224 2417 2305 cuicunque
2474 2229 2697 2305 aperta
2741 2222 2922 2300 olim,

718 2323 1061 2407 aperienda
1093 2325 1231 2409 jam
1273 2326 1584 2390 coelorum
1612 2326 1850 2407 janua:
1908 2345 2024 2408 per
2055 2324 2387 2389 Christum
2426 2330 2493 2388 et
2531 2323 2731 2387 fuisse
2765 2325 2926 2387 olim

718 2435 1025 2511 apertam,
1057 2435 1123 2493 et
1147 2429 1286 2513 jam
1317 2427 1725 2513 aperiendam
1757 2448 1915 2492 esse.
1995 2426 2312 2491 Nondum
2342 2426 2412 2490 in
2441 2445 2652 2504 carne,
2683 2428 2929 2491 occisus

718 2540 942 2596 tamen
1002 2539 1136 2596 est:
1193 2532 1484 2597 nondum
1529 2533 1600 2595 in
1659 2552 1868 2612 carne,
1902 2543 2307 2613 praecursorq
2358 2531 2579 2594 tamen
2638 2531 2783 2610 fuit,
2846 2533 2925 2594 ab

720 2638 960 2719 ori-qim
987 2638 1201 2701 mundi
1217 2648 1260 2701 ¹.
1355 2637 1500 2701 Etsi
1543 2636 1736 2713 enim,
1768 2658 1901 2699 non
1941 2635 2070 2698 nisi
2097 2637 2374 2699 veniente
2403 2638 2698 2717 temporis
2714 2639 2925 2718 pleni-

720 2741 933 2803 tudine
950 2750 992 2817 ⁸,
1053 2761 1312 2804 carnem
1370 2748 1662 2803 nostram
1721 2745 1871 2802 actu
1919 2737 2188 2801 indutus
2239 2745 2373 2803 est:
2449 2746 2519 2801 at
2576 2739 2691 2802 diu
2750 2746 2923 2819 ante,

720 2865 760 2906 a
807 2845 1022 2906 mundi
1068 2865 1259 2926 usque
1306 2844 1564 2926 oriyine,
1612 2847 1875 2925 operata
1920 2848 2021 2905 est
2067 2841 2314 2905 Christi
2365 2842 2569 2925 (quasi
2613 2843 2687 2905 in
2730 2863 2926 2908 carne

712 2946 873 3027 jam)
913 2943 1265 3025 οἰκονομία.
1356 2947 1500 3009 Nec
1547 2945 1775 3008 mortis
1822 2943 2053 3021 solum,
2103 2943 2218 3006 sed
2257 2950 2325 3007 et
2370 2944 2762 3009 ascensionis
2793 2947 2923 3011 vis:

721 3068 840 3109 nec
886 3046 1101 3124 modo,
1149 3068 1277 3130 qua
1316 3047 1539 3128 Aquas
1587 3048 1826 3110 occisus
1876 3045 2110 3110 abinde
2150 3047 2308 3131 jam,
2356 3069 2474 3130 pro
2519 3047 2710 3112 nobis
2728 3074 2749 3125 3
2813 3050 2926 3112 sed

721 3148 937 3226 etiam,
972 3170 1100 3231 qua
1114 3170 1474 3230 praecursor
1501 3150 1711 3213 factus
1752 3156 1850 3213 est
1888 3149 2096 3213 nobis.
2186 3150 2330 3213 Nec
2368 3171 2484 3233 per
2518 3150 2711 3214 aliam
2756 3153 2926 3215 viam

719 3258 1151 3333 pervenerunt
1177 3251 1268 3329 hi,
1300 3271 1420 3314 nec
1448 3272 1565 3334 per
1596 3251 1770 3315 aliud
1799 3252 2036 3315 ostium
2064 3252 2507 3316 intraverunt:
2557 3274 2680 3317 nec
2709 3254 2926 3319 locum

719 3352 848 3415 nisi
886 3374 925 3415 a
955 3352 1219 3416 Christo
1262 3359 1580 3435 paratum,
1612 3374 1733 3416 nec
1762 3352 2124 3431 introitum,
2156 3353 2284 3416 nisi
2313 3353 2426 3417 illo
2455 3354 2624 3418 viam
2653 3377 2929 3438 praemo-

719 3449 938 3529 liente,
981 3471 1103 3514 nec
1132 3451 1261 3514 nisi
1289 3472 1404 3533 per
1433 3449 1752 3536 ἐνεργείαν
1779 3471 1912 3515 non
1934 3451 2072 3533 jam
2102 3451 2308 3530 factae,
2342 3450 2455 3515 sed
2495 3453 2595 3515 vel
2626 3451 2742 3516 diu
2782 3463 2929 3536 post

720 3553 978 3630 futurae,
1012 3552 1441 3617 Ascensionis.
1535 3551 1803 3616 Refudit
1850 3552 2023 3614 enim
2072 3571 2140 3614 se
2190 3551 2260 3613 in
2307 3559 2529 3615 aetates
2560 3557 2931 3634 pra-teritus

720 3655 1102 3738 mysterium
1149 3654 1333 3733 illud,
1363 3662 1500 3718 tam
1529 3654 1627 3733 iis,
1660 3653 1771 3737 qui
1801 3660 2250 3734 praecesserunt
2284 3655 2464 3733 utile,
2496 3677 2690 3738 quam
2738 3658 2930 3722 nobis

721 3755 833 3840 qui
863 3756 1209 3840 sequimur,
1231 3764 1307 3819 ut
1336 3764 1403 3820 et
1431 3753 1788 3842 πρόδρομος
1815 3755 2069 3820 Enochi
2098 3756 2414 3835 Christus,
2435 3765 2502 3821 et
2523 3759 2602 3838 ei,
2633 3781 2826 3841 quem
2858 3762 2929 3825 in

721 3858 897 3922 coelis
925 3858 1144 3937 habet,
1171 3860 1369 3921 locum
1406 3878 1697 3940 parasse,
1722 3859 1869 3941 jure
1899 3858 2132 3922 merito
2163 3858 2468 3922 affirmari
2498 3861 2722 3942 possit.
2781 3864 2932 3929 Quo

720 3957 933 4037 modo,
966 3958 1044 4020 ab
1075 3959 1256 4021 initio
1286 3959 1499 4020 mundi
1528 3959 1785 4035 occ-im,
1818 3958 2044 4023 eodem
2073 3966 2139 4023 et
2155 3980 2515 4041 praecursor
2542 3961 2810 4027 scilicet.

809 4060 953 4123 Nec
981 4065 1204 4122 tamen
1230 4059 1337 4123 hic
1369 4060 1710 4142 quicquam
1741 4058 1996 4138 definio,
2028 4067 2250 4124 utrum
2290 4061 2374 4125 ad
2410 4062 2704 4126 visionem
2736 4065 2934 4129 beati·

710 4159 908 4240 ficam
966 4161 1154 4244 plene
1201 4167 1346 4224 tum
1392 4160 1652 4223 admissi
1699 4160 1977 4238 fuerint;
2025 4182 2147 4225 nec
2198 4183 2282 4225 an
2328 4163 2463 4227 ulla
2512 4164 2605 4228 eis
2658 4188 2935 4231 ascensu

726 4262 968 4326 Christi
998 4262 1170 4326 facta
1198 4262 1281 4324 sit
1312 4262 1605 4325 accessio.
1697 4262 1841 4326 Nec
1870 4262 2044 4326 enim
2087 4263 2260 4327 inter
2301 4266 2532 4329 multas
2566 4267 2715 4330 illas
2755 4291 2932 4332 man·

789 4391 811 4419 ⁰
846 4387 953 4450 [Hu
958 4386 1205 4450 go.Card]
1232 4388 1347 4435 inA
1351 4402 1458 4449 p.oc
1475 4388 1542 4436 xi.
1562 4386 1779 4451 [Postill.
2012 4387 2141 4438 neb.
2165 4390 2233 4438 vi.
2249 4390 2357 4465 20.]

727 4447 834 4496 Par.
840 4451 1014 4499 v.isol.
1031 4452 1222 4499 ccclxi
1260 4403 1781 4514 c.01p1.rPais.1538.]
1934 4394 2390 4546 {Apoc.xiii..8]

789 4511 1009 4572 [Joan
1034 4513 1123 4560 xiv
1125 4513 1229 4574 ..2]
2008 4516 2116 4566 Gal.
2137 4517 2202 4567 iv.
2227 4518 2300 4579 4.]
