3165 4959
716 334 852 396 420
1346 344 1431 390 AD
1477 342 1856 391 emmaus
1899 339 2300 389 Bmmlm

723 524 845 566 non
873 522 1004 565 esse
1043 501 1209 582 quod
1244 502 1483 564 toleret.
1571 501 1753 563 Esto.
1845 498 1976 563 Sed
2010 518 2160 562 cum
2190 497 2295 576 sit,
2326 516 2463 559 non
2491 495 2749 574 tolerat,
2782 494 2943 557 velit

723 606 904 682 nolit,
961 604 1074 668 sed
1124 611 1315 682 amat,
1353 611 1420 666 et
1463 602 1706 665 mavult
1745 609 1812 665 et
1853 601 2092 685 gaudet
2139 602 2427 677 toleroere,
2475 619 2616 677 nec,
2664 600 2724 660 si
2774 600 2947 661 vires

727 709 1010 771 adessent
1019 705 1055 785 ¹,
1087 706 1307 769 mallet
1335 706 1560 769 tollere
1592 725 1750 789 quos
1780 706 2026 780 tolerat,
2059 724 2252 786 quam
2282 703 2566 765 tolerare.

794 843 961 894 Citsvi
983 842 1252 907 Epistolas,
1274 842 1428 892 citavi
1452 840 1831 891 Commentaria
1853 841 1909 890 in
1938 840 2165 890 Psalmos
2190 836 2643 903 [poenitentiaeaffl
2667 836 2762 886 ubi
2795 835 2943 886 Hau·

858 926 1035 975 titium
1057 961 1072 973 .
1098 960 1110 973 .
1132 961 1146 975 .
1170 924 1441 986 Gregorius
1463 923 1658 973 Neroni
1679 927 1731 972 et
1753 922 2071 972 Diocletiano
2103 924 2378 984 comparat,
2400 934 2618 982 eumque
2638 919 2946 981 gravissime

862 1005 1425 1070 reprehendit—[Bell.
1449 1005 1600 1069 Apol.
1624 1020 1715 1069 pro
1740 1004 1915 1068 Resp]
1941 1018 1991 1067 p.
2010 1006 2120 1054 168.
2146 1002 2287 1068 [Op.,
2308 1006 2431 1053 tom.
2455 1002 2543 1051 vii.
2571 1001 2666 1050 col.
2691 1001 2809 1052 799.
2834 999 2923 1063 Β.]

409 1119 504 1184 [De
527 1116 694 1167 convi—
818 1106 961 1168 Nec
1005 1105 1061 1167 si
1105 1104 1310 1168 libera
1350 1123 1506 1167 voce.
1545 1125 1699 1166 usus
1742 1103 1911 1186 apud
1959 1104 2277 1167 Caesarem
2323 1100 2696 1185 Gregorius,
2729 1120 2945 1182 repre-

408 1183 659 1309 gissg'm.
733 1208 974 1272 hendat
1002 1207 1071 1270 id
1102 1206 1435 1290 quispiam,
1468 1206 1524 1269 si
1552 1206 1621 1268 id
1659 1215 1849 1288 prout
1879 1205 2115 1284 decuit,
2146 1213 2214 1269 et
2241 1225 2357 1287 par
2383 1210 2543 1282 erat,
2572 1203 2631 1266 si
2660 1202 2732 1266 id
2772 1202 2959 1285 apud-

495 1316 624 1376 303
737 1311 948 1394 ipsum
987 1312 1323 1375 Caesarem.
1415 1308 1545 1373 Sed
1588 1309 1749 1372 illud
1790 1309 2099 1391 Gregorio
2132 1307 2492 1390 indignum,
2523 1306 2595 1368 in
2634 1305 2947 1387 Epistolis

412 1401 466 1448 ³¹²
490 1397 647 1462 Imp.]
736 1416 1009 1498 palpare,
1047 1414 1253 1495 (illum
1293 1414 1644 1490 Dominum,
1676 1434 1743 1475 se
1781 1432 2043 1491 servum,
2074 1432 2188 1495 per
2225 1430 2541 1474 summam
2572 1408 2946 1472 submissio·

737 1522 886 1581 nem
919 1517 1127 1580 dicere
1148 1516 1198 1600 :)
1226 1515 1296 1578 in
1318 1515 1623 1579 Homiliis
1655 1515 1973 1598 sugillare,
1994 1524 2060 1579 et
2089 1514 2256 1597 apud
2286 1513 2609 1597 populum,
2634 1520 2944 1595 tanquam

737 1622 1065 1685 Neronem
1110 1619 1211 1683 vel
1254 1618 1729 1682 Diocletianum
1774 1618 2175 1681 traducerem.
2268 1618 2409 1680 Nec
2440 1616 2800 1698 Gregorius
2828 1615 2946 1678 hoc

737 1724 974 1788 faceret
1001 1744 1307 1807 unquam.
1398 1722 1739 1786 Calumnia
1776 1743 1852 1785 ea
1880 1728 2092 1784 vestra
2129 1730 2246 1800 est,
2281 1719 2596 1803 Gregorio
2623 1719 2944 1801 imposita.

739 1828 969 1891 Verior
1001 1827 1175 1889 enim
1210 1826 1398 1908 (addo
1434 1832 1499 1888 et
1532 1825 1843 1907 Gregorio
1872 1823 2146 1907 dignior)
2185 1823 2419 1905 opinio,
2452 1843 2601 1885 cum
2630 1843 2947 1905 nusquam

740 1928 831 1992 ibi
862 1949 1099 1991 nomen
1123 1926 1537 2009 Imperatoris
1560 1928 1664 2006 sit,
1691 1948 1833 2009 quae
1854 1926 1934 1990 de
1957 1928 2220 1991 Nerone
2250 1926 2412 1989 dixit
2434 1934 2500 1989 et
2518 1925 2947 2000 Diocletian0‚

741 2051 873 2093 non
904 2029 982 2092 de
1015 2022 1329 2091 Mam-itio
1360 2029 1646 2092 Domino
1686 2050 1822 2108 suc,
1855 2029 1966 2093 sed
2003 2029 2082 2093 de
2112 2028 2464 2113 Agilulpho
2492 2027 2948 2111 Longobardo,

739 2131 917 2194 miris
969 2138 1112 2192 tum
1164 2130 1372 2193 modis
1422 2130 1493 2192 in
1543 2131 1902 2194 Ecclesiam
1952 2140 2301 2215 grassante,
2352 2129 2811 2214 intelligenda:
2878 2142 2953 2192 ut

735 2235 898 2299 falso
927 2234 1125 2296 citata
1154 2233 1285 2297 sint
1316 2254 1354 2296 a
1383 2233 1745 2313 cardinale,
1779 2242 1845 2298 et
1882 2243 2112 2317 praeter
2140 2243 2423 2298 mentem
2455 2234 2778 2316 Gregorii,
2813 2255 2954 2316 quae

738 2338 827 2402 ibi
888 2337 1208 2421 congessit
1256 2357 1333 2400 ex
1384 2358 1482 2415 eo,
1531 2338 1614 2400 ad
1664 2337 2065 2401 subditorum
2116 2338 2391 2421 linguas,
2438 2338 2575 2420 pari
2634 2338 2952 2421 exemplo,

739 2440 1044 2507 laxandas
1072 2441 1144 2505 in
1175 2442 1512 2507 Caesarem.

807 2581 961 2639 Quasi
983 2579 1234 2644 Martyres
1271 2615 1284 2628 .
1325 2615 1338 2630 .
1374 2583 1549 2630 contra
1572 2584 1828 2644 praecepta
1851 2580 2209 2643 Apostolorum
2231 2580 2467 2640 facerent,
2498 2578 2703 2643 quando
2733 2583 2959 2629 contem·

871 2667 1049 2713 nentes
1072 2662 1215 2724 jussa
1236 2661 1526 2726 principum
1548 2661 1808 2712 malebant
1830 2662 1980 2722 mori,
2011 2676 2164 2725 quam
2186 2676 2360 2712 eorum
2390 2661 2588 2723 legibus
2607 2696 2621 2710 .
2646 2696 2662 2710 .
2684 2698 2699 2711 .
2725 2696 2739 2710 .
2763 2675 2957 2724 parere,

871 2745 1055 2807 quibus
1102 2743 1361 2794 Christum
1406 2744 1656 2807 abnegare
1690 2780 1703 2792 .
1726 2780 1739 2792 .
1765 2779 1778 2793 .
1802 2779 1817 2794 .
1843 2744 2231 2807 jubebantur.—
2242 2744 2392 2809 [Bell.
2438 2744 2589 2807 Apol.
2638 2757 2736 2806 pro
2784 2741 2954 2806 Resp]

871 2839 920 2888 p.
942 2826 1048 2878 170.
1086 2825 1225 2889 [Op.,
1251 2830 1373 2875 tom.
1392 2826 1479 2875 vii.
1514 2825 1607 2874 col.
1633 2827 1742 2875 800.
1765 2824 1845 2889 Β.]
2307 2820 2317 2830 ”

445 2934 689 3011 hiartyres
830 2924 948 2987 Uti
1003 2932 1068 2988 et
1127 2924 1289 2987 illud
1341 2945 1594 3008 quoque
1653 2931 2084 2987 transversum
2130 2924 2298 3006 rapit
2358 2922 2438 2985 ad
2486 2923 2842 3004 Martyres,
2891 2933 2955 2985 et

407 3012 716 3127 jusscffffi
742 3046 962 3088 eorum
1001 3027 1401 3107 patientiam,
1452 3047 1595 3108 quae
1643 3025 1723 3088 ad
1773 3025 2069 3109 Gregorii
2118 3026 2470 3108 obsequium
2519 3027 2659 3089 Rex
2707 3025 2951 3089 retulit.

416 3134 667 3191 contemp-
743 3127 985 3204 Paruit,
1019 3126 1313 3191 Mauritii
1348 3128 1601 3211 jussum
1642 3136 1941 3193 executus
1971 3136 2086 3208 est,
2117 3130 2327 3212 legem
2355 3129 2776 3193 transmisitflz
2818 3130 2955 3212 jam

418 3194 632 3256 serunt]
743 3229 795 3291 si
830 3229 1060 3311 paruit,
1090 3236 1356 3310 propter
1395 3233 1852 3311 conscientiam,
1884 3253 2017 3294 non
2050 3238 2314 3313 proptern
2350 3233 2513 3294 iram
2524 3244 2569 3311 ⁰,
2601 3234 2793 3294 iroeve
2828 3252 2951 3294 me·

743 3339 903 3410 tum,
935 3332 1287 3414 parendum
1319 3332 1377 3396 ei
1407 3334 1551 3414 fuit,
1587 3334 1859 3418 jubente
1897 3335 1964 3397 id
2002 3333 2095 3398 ita
2122 3336 2449 3419 Apost010.
2541 3335 2761 3397 Etiam
2809 3356 2955 3398 cum

743 3459 826 3502 ne
867 3444 1084 3501 contra
1125 3438 1559 3501 conscientiam
1600 3447 1915 3522 parerent,
1948 3447 2213 3523 propter
2252 3441 2692 3504 conscientiam
2735 3447 2957 3503 tamen

745 3549 1098 3626 paruenmt
1143 3543 1503 3627 Martyres3
1552 3542 1664 3606 ubi
1709 3543 1968 3622 subditi,
2001 3551 2066 3606 et
2104 3544 2173 3606 in
2219 3544 2470 3627 quibus,
2502 3550 2765 3627 propter
2806 3565 2957 3607 con-

747 3648 1080 3712 scientiam
1111 3646 1367 3726 subditi,
1393 3647 1514 3709 etsi
1542 3668 1676 3710 non
1707 3648 1826 3729 leqi
1856 3648 2021 3730 (quae
2049 3647 2269 3731 iniqua
2298 3648 2483 3729 forte)
2494 3696 2513 3726 ,
2538 3655 2606 3711 at
2622 3649 2954 3729 potestati,

747 3771 882 3833 quoe
920 3773 959 3812 a
990 3751 1124 3813 Deo
1143 3760 1209 3824 1²;
1256 3751 1355 3814 vel
1400 3758 1559 3828 tum,
1594 3771 1742 3813 cum
1783 3750 1992 3833 gladio
2033 3758 2252 3815 tamen
2291 3751 2393 3815 vel
2434 3751 2638 3814 securi
2682 3750 2958 3815 cervices

748 3903 889 3954 binii
912 3940 923 3951 .
947 3939 961 3953 .
985 3938 998 3952 .
1021 3901 1083 3952 de
1106 3902 1348 3952 Romanis
1383 3902 1501 3965 (nisi
1534 3903 1718 3965 fallor),
1748 3902 1804 3951 id
1890 3904 2075 3963 tianus,
2120 3902 2242 3967 quid
2287 3903 2505 3968 denique
2558 3903 2672 3964 iste,
2719 3906 2811 3967 qui
2863 3904 2955 3954 hoc

749 3973 826 4018 est
859 3967 921 4017 de
951 3982 1054 4017 non
1079 3966 1623 4017 Christianis.”—-Tert.
1655 3968 1802 4030 Apol.
1891 3973 2117 4081 w'fffm'e
2153 3968 2426 4018 Ecclesiam
2458 3969 2793 4031 persequitur,
2816 3983 2955 4017 num·

1928 4048 1977 4082 ιιι

749 4048 852 4096 cap.
878 4047 1032 4080 xxxv.
1058 4032 1168 4094 Op„
1191 4046 1239 4095 p.
1264 4035 1341 4083 29.
1363 4031 1419 4081 Β.
2057 4047 2160 4083 non
2208 4048 2382 4082 omnes
2437 4037 2596 4096 portae
2642 4034 2954 4082 inseri.”—S.

817 4097 945 4146 “Sic
983 4100 1034 4146 et
1065 4098 1197 4145 circa
1231 4097 1546 4160 majestatem
1592 4096 1815 4159 Impen-
1940 4113 2041 4159 reg.
2068 4097 2139 4147 M.
2159 4098 2217 4147 in
2235 4098 2314 4146 Ps.
2333 4098 2393 4147 ci.
2421 4100 2542 4157 526.
2579 4097 2693 4162 Op„
2726 4102 2853 4147 tom.
2881 4100 2951 4146 iii.

750 4162 876 4211 toris
898 4162 1212 4219 infamamur,
1237 4165 1408 4210 tamen
1436 4176 1698 4223 nunquam
1721 4161 1806 4210 Al·
1892 4177 1995 4226 par.
2022 4163 2074 4211 ii.
2102 4164 2194 4211 col.
2219 4165 2327 4212 532.
2358 4161 2443 4225 Β.]

749 4227 964 4286 biniani,
1009 4240 1101 4274 nec
1147 4225 1401 4288 Nigriani,
1445 4228 1524 4275 vel
1579 4226 1806 4275 Cassiani
1957 4235 1982 4257 ¹²
2054 4228 2102 4275 S.
2128 4227 2274 4289 Greg.
2314 4226 2447 4289 Mag.
2493 4226 2581 4275 lib.
2615 4227 2690 4276 iii.
2732 4227 2847 4276 Ind.
2884 4228 2950 4276 xi.

751 4291 969 4340 inveniri
992 4295 1261 4353 potuerant
1287 4290 1805 4340 Christiani.’'—'1*ert.
1897 4291 1990 4355 Ep.
2084 4307 2127 4340 v.
2177 4291 2259 4352 (ad
2304 4291 2506 4340 Maurit.
2552 4292 2804 4355 August.)
2844 4292 2952 4354 Op,

751 4356 816 4404 ad
835 4356 974 4418 Scap.
999 4370 1055 4404 ca
1095 4392 1105 4402 .
1124 4356 1175 4403 ii.
1204 4355 1313 4419 Op„
1332 4371 1379 4417 p.
1405 4360 1481 4406 69.
1511 4355 1597 4418 Β.]
1899 4362 2019 4406 tom.
2045 4357 2097 4405 ii.
2123 4357 2216 4406 col.
2240 4357 2350 4407 677.
2377 4355 2433 4404 B.
2459 4354 2542 4418 0.]

815 4419 827 4450 ¹
869 4420 1017 4483 [Bell.
1078 4435 1104 4468 e
1141 4419 1279 4469 Rom.
1318 4421 1463 4469 Pont.
1499 4419 1590 4470 lib.
1626 4435 1670 4468 v,
1700 4435 1805 4484 cap.
1963 4430 1985 4452 ⁰
2042 4421 2185 4471 Rom.
2208 4421 2318 4470 xiii.
2346 4421 2418 4482 5.]

754 4484 799 4534 7.
827 4486 936 4545 Op„
959 4487 1079 4530 tom.
1107 4485 1138 4531 i.
1163 4499 1211 4546 p.
1235 4486 1345 4533 235.
1364 4483 1451 4547 Q]
1962 4494 1984 4524 Ρ
2018 4422 2180 4550 {Rom
2206 4486 2315 4535 xiii.
2345 4485 2404 4547 i.]

817 4554 848 4575 Φ
885 4547 937 4607 [“
951 4546 1082 4601 Quid
1120 4549 1256 4596 enim
1287 4547 1437 4608 Nero,
1457 4548 1579 4610 quid
1618 4549 1808 4599 Diocle-
