3165 4959
918 865 1025 927 An
1072 865 1291 928 CAPUT
1338 866 1717 930 Sne-uxum.
2558 868 2642 929 57

256 1080 409 1139 Quod
434 1096 541 1130 non
565 1081 633 1130 sit
652 1082 936 1131 communis
958 1098 1105 1132 causa
1127 1083 1280 1147 Regis
1292 1085 1596 1148 Anglorum,
1609 1100 1724 1135 cum
1750 1084 1986 1148 RegibuS,
2010 1091 2063 1135 et
2087 1085 2422 1149 Principibus,

332 1161 666 1223 Orthodoxis‚
700 1168 753 1212 et
787 1162 1296 1230 Catholicis—[Bell.
1325 1165 1474 1230 Apol.
1510 1181 1602 1230 pro
1634 1165 1802 1230 Resp.]
1837 1181 1886 1230 p.
1908 1170 1984 1216 21.
2024 1168 2154 1232 [Op.,
2189 1172 2311 1217 tom.
2336 1168 2424 1217 vii.

330 1245 443 1294 716.
471 1243 560 1308 D.]

203 1360 387 1432 Quod
428 1361 770 1423 communis
815 1363 899 1423 sit
949 1382 1141 1424 causa
1188 1362 1382 1444 Reyis
1430 1363 1798 1445 Anylorum,
1844 1384 1980 1426 cum
2025 1364 2314 1445 Regibus,
2363 1369 2423 1425 et

640 1464 1063 1546 Principibus,
1105 1466 1505 1546 orthodoxis,
1538 1473 1600 1530 et
1637 1468 1995 1530 Catholicis·

264 1832 364 1882 Sed
401 1832 588 1882 frustra
622 1833 815 1883 laborat
846 1833 971 1895 Rex,
998 1839 1057 1885 ut
1089 1851 1289 1886 causam
1324 1836 1475 1887 istam
1510 1851 1829 1887 communem
1855 1835 2249 1901 saciat—[Bell.
2277 1835 2424 1901 Apol.

331 1929 425 1978 pro
450 1913 629 1978 Reno]
656 1930 704 1978 p.
726 1917 804 1964 21.
843 1916 984 1980 [Op.,
1008 1923 1133 1966 tom.
1152 1917 1239 1967 vii.
1263 1919 1355 1967 col.
1383 1918 1492 1969 717.
1519 1918 1612 1981 A.]

202 2015 497 2077 SERIONE
542 2036 689 2079 vero
733 2017 922 2081 haec?
1020 2018 1286 2081 Frustra
1335 2019 1579 2082 laborat
1627 2019 1786 2096 Rex,
1830 2023 1899 2080 ut
1947 2039 2201 2082 causam
2247 2039 2426 2081 suam
2455 2036 2646 2102 [Causa

201 2138 579 2182 communem
611 2118 843 2201 faciat,
877 2121 1031 2185 dum
1076 2144 1192 2206 pro
1221 2124 1588 2185 Juramento
1632 2130 1900 2206 pugnat,
1936 2123 2105 2206 quod
2140 2122 2423 2205 Regibus
2451 2098 2754 2228 (ἐξέξζᾞῗιίξο

199 2220 269 2283 in
302 2223 681 2286 universum
720 2225 1010 2306 praestari
1054 2225 1294 2289 debet?
1360 2226 1504 2289 Imo
1545 2247 1714 2302 vern,
1748 2224 2007 2306 frustra
2041 2226 2419 2304 CardinaliS,
2448 2231 2661 2294 agnum]

199 2332 268 2387 ut
286 2327 642 2406 propriam.
735 2327 957 2406 Quasi,
990 2328 1162 2411 quod
1192 2329 1477 2412 praestari
1509 2328 1702 2393 debet
1732 2329 2053 2406 omnibuS,
2091 2331 2420 2410 proprium

202 2429 269 2492 id
309 2429 526 2508 unius,
560 2451 695 2495 non
742 2432 1009 2495 omnium
1055 2453 1384 2511 commune,
1418 2432 1789 2497 habendum
1835 2433 1942 2497 sit.
2036 2433 2239 2499 Quasi
2268 2453 2418 2497 vero

202 2533 403 2596 etiam
450 2534 810 2598 Juramenti
856 2536 1049 2598 solius
1094 2536 1185 2600 ibi
1232 2558 1333 2599 res
1378 2535 1563 2600 foret.
1656 2537 1743 2600 Et
1785 2543 1884 2599 cst
1922 2536 2181 2619 quidem
2223 2538 2417 2599 ,Τανα-

202 2638 415 2715 menti,
447 2658 583 2701 non
613 2646 835 2702 tamen
862 2641 1074 2702 solius.
1167 2640 1295 2703 Sed
1325 2639 1425 2703 sac
1455 2661 1614 2702 esse.
1704 2640 1963 2716 Nonne,
1996 2639 2078 2701 ad
2113 2640 2320 2719 Reges
2348 2638 2417 2700 id

203 2740 273 2804 in
320 2762 635 2804 commune
683 2750 948 2825 spectat,
995 2742 1107 2806 ubi
1150 2743 1333 2827 justa
1376 2742 1605 2806 incidit
1646 2742 1912 2819 occasio,
1955 2762 2058 2819 an,
2095 2740 2167 2802 in
2214 2741 2418 2803 officio

205 2853 578 2909 constantes
628 2867 770 2910 esse
815 2846 1018 2909 velint
1067 2846 1328 2926 subditi,
1382 2867 1497 2930 per
1542 2866 1799 2922 novam,
1852 2852 1919 2907 et
1970 2865 2005 2906 e
2063 2865 2133 2908 rc
2192 2850 2418 2907 natam

204 2950 564 3012 Juramenti
619 2951 965 3014 formulam
1023 2950 1445 3034 explorandi3
1524 2970 1667 3013 eam
1727 2948 2049 3012 condendi
2114 2947 2224 3030 jus
2282 2968 2416 3011 non

208 3074 347 3117 ωδε
368 3055 398 3115 ?
492 3055 635 3117 Nec
681 3054 752 3116 in
795 3061 1126 3138 posterum
1173 3056 1406 3133 Caesar,
1450 3055 1783 3136 Regumve
1825 3052 1986 3136 φύε,
2033 3073 2415 3137 quacunque

207 3156 471 3219 demum
524 3157 874 3234 occasione,
919 3157 1050 3220 suis
1105 3159 1146 3220 J
1149 3164 1558 3220 uramentum
1612 3156 1876 3235 deferat,
1935 3157 2061 3220 nisi
2119 3157 2415 3221 consulto

205 3260 508 3343 primum,
557 3268 624 3324 et
669 3268 819 3323 ante
867 3260 1102 3338 omnia,
1149 3260 1494 3324 Pontifice:
1544 3259 1671 3323 nisi
1714 3260 1811 3323 vel
1857 3258 2142 3323 dictante
2186 3281 2283 3337 e0,
2315 3259 2416 3323 vel

204 3372 575 3429 annuente:
621 3365 747 3428 nisi
772 3366 995 3429 Romae
1018 3364 1294 3448 denique
1326 3386 1581 3428 causam
1612 3364 1881 3447 probare
1911 3365 2149 3448 possit:
2200 3385 2412 3447 quam,

205 3468 330 3531 nisi
378 3468 627 3551 probet,
676 3468 895 3532 statim
943 3469 1135 3532 Brevi
1184 3468 1398 3551 aliquo
1444 3468 1687 3550 Papali‚
1720 3467 1801 3530 de
1832 3467 2219 3532 Christianis
2267 3466 2416 3530 sub·

204 3572 377 3650 ditis,
410 3571 766 3636 Pharisaeos
810 3572 969 3651 fieri,
1003 3572 1083 3647 de
1130 3571 1361 3655 quibus
1393 3570 1434 3632 J
1438 3571 1753 3654 osephusa
1795 3570 2037 3647 scribit,
2082 3568 2256 3653 quod
2295 3569 2414 3633 soli

205 3675 403 3738 fidem
437 3696 621 3738 suam
643 3675 1065 3760 jurejurando
1097 3675 1335 3739 Caesari
1365 3674 1648 3757 obligare
1679 3672 2033 3736 renuerint.

268 3794 374 3844 car
403 3799 579 3844 autem
611 3796 894 3844 communis
927 3810 1073 3845 causa
1095 3800 1288 3857 agatur,
1326 3794 1476 3843 unico
1497 3792 1651 3843 verbo
1672 3790 2127 3854 attingite-[Bell.
2151 3790 2298 3854 Apol.
2324 3804 2416 3854 pro

335 3875 514 3940 Besa]
541 3890 590 3939 p.
609 3879 685 3926 21.
714 3875 853 3941 [Op.,
876 3880 998 3927 tom.
1018 3877 1105 3926 vii.
1133 3876 1224 3925 col.
1251 3877 1361 3926 716.
1386 3874 1479 3937 Ι).]

290 3978 705 4059 Quamquam
752 3997 902 4040 vero
947 3977 1106 4054 Rex,
1154 3975 1244 4038 sic
1291 3976 1472 4038 unico
1519 3956 1702 4037 vei-bo
1742 3992 1994 4036 causam
2042 3972 2299 4054 atti-qim
2348 3979 2414 4033 at

200 4080 394 4143 unico
442 4080 574 4159 illo,
627 4101 768 4162 quae
811 4081 881 4142 in
927 4081 1294 4142 Juramento
1341 4078 1567 4141 insunt
1611 4076 1840 4161 capita,
1882 4075 2249 4159 complexus
2292 4081 2411 4136 est.

206 4188 231 4249 l
249 4233 263 4248 .
319 4185 522 4266 Reges
570 4184 647 4247 de
692 4185 870 4247 soliis
916 4185 1237 4266 deponere,
1287 4189 1401 4246 aut
1442 4190 1537 4263 (ut
1588 4204 1736 4246 cum
1781 4179 2122 4245 Cardinale
2162 4178 2408 4260 loquar)

202 4291 366 4353 omni
406 4294 724 4371 potestate
775 4309 1019 4352 emere.
1112 4292 1173 4352 2.
1235 4288 1334 4351 De
1379 4288 1615 4370 Reqnis
1666 4288 1938 4367 ipsorum
1977 4304 2102 4366 pro
2151 4281 2415 4345 arbitrio
2517 4324 2520 4327 ι

197 4399 494 4457 statuere.
588 4393 651 4456 3.
713 4392 1003 4456 Ditiones
1063 4412 1272 4456 eorum
1324 4389 1661 4453 invadendi
1720 4387 1994 4452 hostibus
2041 4391 2416 4470 potestatem

392 4530 414 4552 ⁸
451 4520 715 4586 [sosepb]
745 4520 923 4585 Antiq.
946 4519 1065 4570 sud.
1092 4521 1180 4570 lib.
1205 4520 1328 4569 xvii.
1356 4517 1518 4584 [cap]
1545 4520 1589 4568 3.
1619 4517 1709 4583 [al.
1736 4519 1782 4567 2.
1807 4521 1928 4568 tom.
1949 4517 1983 4566 i.
2008 4532 2056 4582 p.
2076 4515 2216 4578 830]
