3165 4959
954 335 1320 384 ammaum
1364 336 1729 385 aasmNsm.
2324 325 2443 386 161

298 478 362 528 Id
380 483 553 530 autem
575 481 650 530 ita
669 494 790 540 esse,
811 494 917 530 nou
938 480 1166 531 absolute
1201 482 1568 545 pronuntiavit,
1592 481 1680 531 sed
1716 480 1935 542 addidit,
1961 482 2005 531 ai
2029 496 2147 533 vera
2171 487 2307 544 aunt,
2335 499 2449 548 quoe

367 567 639 612 narrantur
664 563 728 613 ab
759 564 839 619 iis.
863 564 952 625 qui
975 578 1090 612 eum
1114 564 1298 613 intime
1331 567 1616 614 noverunt:
1648 563 1826 626 Itaque
1860 563 1924 613 de
1956 564 2105 614 rebus
2135 565 2235 614 sibi
2259 567 2449 628 ignotis

366 643 485 693 aliis
506 643 739 706 credidit,
763 645 852 707 qui
875 644 977 694 fide
999 643 1147 707 dig-ui
1169 645 1265 694 visi
1290 650 1424 695 sunt.
1491 645 1547 696 Si
1569 646 1695 695 falsa
1711 650 1994 703 narrarunt,
2021 646 2120 710 ipsi
2143 647 2448 698 viderint.—

369 725 519 790 [Bell.
542 725 692 790 Apol.
716 741 806 791 pro
830 724 998 790 Resp.]
1024 740 1073 789 p.
1097 728 1176 776 48.
1214 726 1347 791 [Op.‚
1370 729 1493 776 tom.
1516 726 1605 776 vii.
1629 728 1742 776 coll.
1761 728 1873 780 731.
1892 727 1956 777 D.
1979 727 2090 780 732.
2109 727 2194 792 A.]

321 827 425 891 Ac
472 848 540 890 se
590 828 850 911 quidem
879 827 1016 911 ipse
1057 827 1416 891 cardinalis
1454 827 1836 891 mendacem
1879 827 1951 891 in
1996 849 2072 892 eo
2101 835 2440 909 monstrat,
2503 843 2687 907 Iniqua

235 931 413 1014 quod
449 931 694 995 dixerat
725 932 801 996 de
829 932 1117 995 historia.
1211 930 1490 1014 Subjicit
1520 931 1695 995 enim
1724 932 1918 1014 paulo
1946 938 2113 1016 post,
2146 954 2442 998 narrasse
2466 908 2771 1022 coegffiffini

232 1036 368 1098 haec
411 1036 530 1112 illi,
576 1035 791 1099 nescio
825 1057 1004 1120 quos,
1034 1036 1156 1099 sibi
1194 1036 1361 1098 viso-9
1391 1034 1528 1116 fide
1576 1036 1816 1118 digno-9,
1872 1058 1940 1100 se
1992 1045 2210 1101 autem
2265 1038 2438 1120 (nam
2465 1036 2586 1101 Μ]

235 1137 396 1219 quid
442 1137 617 1200 aliud
655 1137 917 1218 faceret)
968 1139 1328 1202 credidisse.
1418 1138 1546 1216 Ita,
1587 1138 1945 1202 Cardinalis
1992 1141 2259 1202 historia
2302 1141 2441 1224 jam

216 1238 454 1319 sabula
505 1261 685 1304 mera
730 1246 847 1304 est.
938 1241 1384 1304 Narraverant
1431 1241 1610 1321 impii
1650 1239 2083 1321 fabulationes
2100 1250 2144 1320 ⁶,
2187 1242 2298 1305 ille
2326 1265 2445 1326 pro

233 1342 546 1405 Historiis
573 1343 818 1406 habuit.
912 1343 1163 1408 Siccine
1209 1364 1360 1406 vero
1402 1342 1741 1426 MaJestati
1780 1343 2017 1425 Reynm
2048 1343 2256 1406 defert
2287 1346 2443 1408 Car-

235 1444 487 1523 diualis,
519 1451 593 1508 ut
623 1445 1027 1528 quorundam
1054 1446 1393 1509 hominum
1425 1444 1719 1523 susurria,
1753 1466 1912 1528 quos
1942 1466 2065 1509 nec
2105 1445 2446 1510 nominare

234 1548 459 1630 possit,
489 1547 581 1610 ita
619 1549 704 1612 sit
734 1548 1056 1627 credulus,
1086 1555 1162 1611 ut
1193 1548 1430 1612 referre
1461 1548 1695 1611 audeat
1722 1548 1795 1611 in
1826 1548 2081 1632 scripta,
2124 1550 2205 1613 de
2249 1550 2444 1633 Regi-

234 1650 380 1726 buS,
414 1671 555 1732 quae
587 1650 872 1733 Regibus
909 1650 1179 1734 indigna
1198 1651 1228 1713 ⁴?
1319 1651 1506 1729 Tum,
1539 1650 1698 1714 satis
1729 1671 1798 1714 se
1828 1658 2205 1715 excusatum
2234 1659 2441 1736 putat,

235 1752 292 1815 si
316 1753 545 1836 jejuna
590 1754 729 1816 haec
774 1753 1075 1837 proferat,
1107 1754 1255 1816 Non
1284 1749 1561 1816 absolute
1584 1754 1743 1832 dixi,
1774 1754 1889 1817 sed
1910 1755 1968 1816 82⁶
1996 1775 2145 1817 vera
2174 1776 2444 1818 narran-
2561 1765 2685 1827 123

240 1862 366 1933 tur,
398 1855 475 1918 de
500 1855 685 1918 rebus
712 1857 943 1938 ignotis
972 1858 1119 1919 aliis
1143 1855 1400 1919 credidi.
1491 1857 1863 1919 Narrat-unt
1891 1858 2006 1920 Ῑιοσ
2035 1859 2169 1936 alii,
2189 1860 2295 1942 qui
2308 1860 2446 1941 fide

239 1960 421 2042 diyni
441 1960 561 2022 visi
588 1965 750 2022 sunt.
815 1960 1002 2037 Tum,
1032 1958 1276 2040 aisalsa
1305 1960 1652 2037 narrarint,
1683 1961 1807 2040 ipsi
1836 1960 2128 2024 viderint.
2195 1961 2446 2025 Siccine

241 2062 439 2124 etiam
468 2061 773 2125 audacter
801 2061 1180 2124 calumniari
1218 2061 1333 2139 saa,
1365 2067 1443 2123 ut
1471 2061 1735 2124 cicatrix
1763 2061 2023 2140 haereat,
2058 2062 2215 2127 dum
2250 2063 2448 2127 addas

238 2163 453 2243 modo,
484 2166 543 2227 ai
570 2185 719 2227 vera
749 2169 1095 2227 narrantur
1113 2166 1146 2226 ,?
1190 2169 1276 2242 et,
1308 2162 1421 2227 ubi
1452 2162 1889 2247 deprehensus
1930 2164 2077 2228 falsi
2106 2166 2209 2244 sia,
2251 2186 2336 2229 ne
2379 2166 2448 2229 id

240 2266 500 2349 quidem
531 2287 775 2345 curare,
797 2265 954 2330 dum
983 2266 1262 2350 adjiciaS,
1294 2267 1351 2329 .ςί
1361 2264 1543 2346 salsa
1575 2273 1942 2345 narrarunt,
1972 2269 2096 2348 ipsi
2124 2269 2395 2331 viderint
2415 2271 2449 2332 ?

238 2370 326 2433 Et
357 2369 608 2433 nihilne
635 2368 823 2433 nobis
862 2375 1169 2432 narratur
1198 2369 1277 2433 de
1302 2368 1699 2433 Cardinale?
1787 2369 1969 2433 Eane
2011 2384 2112 2433 sat
2144 2370 2268 2434 erit
2297 2393 2446 2454 pro-

232 2472 452 2557 palare
482 2472 751 2557 scriptia,
785 2471 1005 2536 addito
1033 2478 1310 2551 tantum,
1341 2473 1399 2535 εἰ
1442 2494 1591 2536 vera
1632 2479 1980 2536 narrantur
2003 2475 2035 2536 ?
2079 2481 2192 2538 aut
2230 2474 2285 2537 si
2313 2497 2447 2538 non

236 2583 605 2653 narrentur,
650 2576 709 2637 si
743 2574 922 2656 salsa
974 2581 1343 2653 narrarunt,
1393 2576 1516 2658 szsi
1566 2576 1840 2638 viderint
1870 2576 1904 2637 ?
2009 2577 2253 2639 Viderit
2297 2598 2448 2641 vero

239 2677 621 2756 cardinalia,
656 2699 739 2740 an
781 2680 897 2741 hoc
934 2680 1040 2758 sit,
1084 2678 1630 2742 existimationem
1662 2679 1919 2761 Regum
1950 2698 2193 2741 sacram
2226 2684 2294 2742 et
2320 2678 2446 2741 illi-

235 2781 459 2844 batam
492 2802 741 2845 servare
758 2782 789 2844 ⁴?

302 2901 604 2963 Quanquam
626 2915 729 2950 non
749 2899 933 2951 desunt
956 2900 1257 2965 conjecturae
1279 2916 1343 2951 ex
1370 2900 1587 2952 Basilice
1612 2900 1747 2950 Doro
1761 2917 1775 2961 ;
1798 2937 1810 2950 .
1837 2937 1849 2950 .
1875 2936 1887 2949 .
1905 2915 2041 2951 uam.
2060 2900 2148 2950 lib.
2171 2900 2206 2951 i.
2232 2914 2281 2965 p.
2307 2903 2350 2951 6.
2375 2901 2449 2951 sic

368 2984 583 3046 legitur:
612 2988 626 3012 ⁸
638 2983 953 3046 Religionem
972 2999 1123 3047 qnam
1141 2986 1198 3034 in
1214 2985 1383 3035 Scotia
1397 2984 1696 3046 profitemur
1708 2984 1983 3048 Scripturas
2000 2984 2167 3033 verbis
2183 2983 2448 3034 fundatam

369 3079 477 3114 esse
492 3065 522 3124 ;’
555 3068 608 3113 et
628 3064 718 3114 lib.
742 3066 794 3114 ii.
821 3079 868 3127 p.
886 3067 975 3114 40:
1013 3069 1027 3092 ‘
1041 3065 1329 3115 Reformata
1350 3065 1530 3128 religio
1554 3066 1610 3114 in
1632 3065 1762 3115 hauc
1783 3070 2007 3115 nostram
2030 3065 2251 3116 Scotiam
2273 3064 2450 3115 divino

367 3145 519 3208 plane
539 3146 782 3194 miraculo
804 3146 1092 3197 introducta
1113 3146 1436 3213 est.’—-[Bell.
1460 3148 1611 3211 Apol.
1636 3162 1728 3211 pro
1753 3146 1932 3211 Besp.]
1970 3162 2019 3212 p.
2042 3149 2122 3198 49.
2161 3147 2300 3212 [Op.‚
2322 3149 2446 3196 tom.

368 3226 457 3274 vii.
491 3226 584 3275 col.
610 3226 639 3277 7
644 3228 719 3277 32.
744 3227 835 3291 A.]

325 3316 611 3395 Veritus,
659 3338 742 3381 ne
773 3316 1012 3398 sabulae
1053 3317 1208 3381 huic
1252 3339 1383 3381 suae
1427 3316 1677 3381 deesset
1721 3317 1899 3397 fides,
1933 3339 2058 3381 non
2088 3320 2297 3382 deesse
2325 3319 2447 3381 sibi
2477 3337 2580 3402 [De
2602 3339 2756 3388 refor-

236 3425 394 3487 dicit
444 3425 851 3506 conjecturas,
895 3423 1128 3507 quibus
1160 3422 1401 3503 sabulae
1440 3422 1638 3486 fidem
1681 3423 1896 3486 faciat.
1990 3423 2230 3486 Scribit
2284 3424 2445 3500 Rex,
2473 3405 2734 3517 '5¹¹0ssssssss-

234 3528 641 3610 Reliyionem,
674 3548 859 3609 quam
896 3529 964 3590 in
1009 3528 1224 3589 Scotia
1253 3529 1654 3609 profitentur,
1686 3527 1841 3607 ipsis
1873 3526 2216 3606 Sta-ipturoe
2245 3526 2448 3588 verbis
2471 3530 2699 3595 ugione]

218 3630 566 3713 fimdatam
595 3652 726 3695 esse
738 3629 775 3694 s.
839 3631 1083 3696 Quidni
1115 3630 1407 3694 scribat?
1471 3630 1926 3692 Puritanoram
1956 3649 2032 3691 ea
2061 3627 2285 3710 religio
2313 3650 2448 3692 non

236 3744 356 3814 est,
411 3757 686 3820 quorum
728 3735 908 3799 nulla
948 3742 1049 3798 est
1094 3734 1319 3817 religio
1367 3755 1485 3797 sua
1529 3740 1726 3817 atque
1772 3732 2060 3815 propria:
2109 3730 2449 3814 disciplina

236 3847 355 3903 est.
438 3838 629 3905 Quod
657 3838 869 3921 ipsum
900 3845 1121 3901 tamen
1151 3837 1232 3901 de
1255 3837 1594 3931 Puritaniq
1617 3835 1973 3918 generatim
2004 3833 2250 3897 dictum
2279 3835 2443 3914 volo,

237 3944 447 4026 deque
504 3942 582 4005 iis
637 3941 811 4005 inter
857 3962 986 4021 eos,
1042 3942 1153 4025 qui
1198 3948 1628 4024 praeterquam
1675 3938 1846 4021 quod
1894 3939 2261 4019 Disciplina·
2313 3960 2446 4002 suae

232 4046 430 4131 paulo
470 4045 673 4128 magis
712 4045 952 4109 addicti
999 4053 1170 4122 sunt,
1217 4053 1449 4108 caetera
1494 4043 1701 4107 sobrie
1749 4044 1901 4107 satis
1947 4043 2242 4126 sapiunt3
2291 4042 2441 4121 Qui,

235 4148 649 4233 quantumvis
681 4146 964 4228 sormam
991 4147 1171 4211 illam
1202 4168 1386 4210 suam
1417 4146 1667 4229 perdite
1699 4146 2067 4228 depereant,
2098 4145 2170 4207 in
2198 4145 2446 4227 reliqua

231 4261 459 4316 tamen
517 4250 811 4315 doctrina
862 4251 1018 4313 satis
1066 4249 1427 4314 Orthodoxi
1487 4255 1662 4312 sunt.
1753 4250 1897 4313 Nec
1957 4249 2130 4312 enim
2187 4248 2444 4312 nescius

299 4396 322 4421 ²
382 4387 461 4437 ΡΒ.
484 4385 658 4436 cxviii.
687 4383 881 4449 (vulg.)
907 4384 1009 4449 85.]
1378 4388 1553 4441 tatem,
1578 4386 1634 4434 in
1669 4386 1821 4435 sacris
1843 4386 2010 4435 literis
2031 4383 2241 4434 fundata
2261 4385 2446 4434 est.'’—-

300 4451 319 4483 ¹
357 4388 421 4515 μ
446 4451 648 4513 Religio
692 4455 880 4510 nostra,
920 4465 1034 4513 quae
1077 4454 1154 4500 est
1196 4449 1291 4500 Dei
1383 4450 1494 4499 Bas.
1543 4450 1663 4499 Dor.
1718 4450 1806 4499 lib.
1837 4450 1889 4511 i.,
1940 4450 2060 4513 Reg.
2108 4448 2282 4499 Jacob.
2333 4448 2445 4513 Op..

232 4518 400 4567 cultus
447 4517 602 4579 juxta
644 4516 917 4565 revelatam
963 4514 1087 4577 Ejus
1123 4515 1295 4565 volun·
1381 4528 1429 4579 p.
1447 4512 1546 4578 68.]

321 4612 666 4648 Anaxwxse-
680 4610 814 4646 mr.
1874 4613 1925 4660 Μ
