3165 4959
810 310 943 373 480
1448 324 1962 372 AD<cAnnmAL18
2003 324 2406 373 Bnnfimtm

897 483 1290 546 Poterantne
1320 502 1468 546 vero
1498 483 1566 544 in
1593 484 1825 544 malam
1856 488 2110 563 partem
2148 483 2353 563 accipi
2390 484 2644 559 Brevia,
2675 484 2779 549 vel
2808 484 3011 547 obesse

810 605 1018 649 causae
1046 592 1294 662 vestrae,
1327 605 1401 648 ac
1429 605 1564 647 non
1593 584 1875 647 multum
1901 585 2198 665 prodesse
2224 584 2460 667 potius,
2485 586 2706 665 quibus
2736 588 3010 649 include-

810 688 996 751 batur
1029 689 1246 769 potius
1287 687 1428 751 Rea·
1470 707 1657 768 quam
1702 687 2149 750 eme-ludebatur
2165 688 2199 748 ,Ρ
2284 673 2611 750 Malamne
2658 689 2726 751 in
2757 696 3009 769 partem

809 792 1115 872 acciperet
1147 791 1288 852 Rex
1317 789 1555 851 includi
1571 809 1638 851 se
1661 789 1984 866 Brevibus,
2010 795 2121 852 aut
2154 788 2386 871 quibus
2418 789 2508 853 sic
2535 789 2848 869 inclusus,
2880 792 3003 854 cui-

807 910 1000 971 quam
1043 910 1118 953 ea
1162 889 1367 951 obesse
1408 889 1649 952 sineret
1665 889 1695 950 ?
1788 889 2002 955 Quam
2049 890 2187 952 haec
2235 910 2370 953 non
2417 890 2793 954 cohaerent?
2889 892 3011 955 Sed

807 991 1047 1053 audivit
1069 992 1299 1073 Reyem
1329 1013 1368 1053 a
1394 991 1578 1071 Papa
1610 991 2075 1054 alienissimum.
2145 992 2396 1055 Tumne
2424 991 2492 1054 id
2519 993 2807 1075 primum
2838 994 3014 1057 audi-

805 1092 897 1155 vit
922 1094 1280 1157 Gamettus
1297 1093 1327 1155 ¹?
1371 1114 1611 1169 annon,
1636 1093 1704 1155 id
1721 1093 1781 1156 ei
1804 1101 1957 1156 ante
1979 1100 2379 1175 compertum
2395 1094 2425 1155 ’ἓ
2472 1115 2694 1157 annon
2723 1104 3013 1159 mentem

808 1216 992 1259 suam
1023 1216 1100 1258 ea
1129 1195 1210 1260 de
1239 1216 1309 1259 re
1328 1195 1862 1278 Compresbytero
1893 1217 2007 1259 suo
2036 1217 2152 1279 per
2178 1195 2398 1259 literas
2425 1201 2648 1259 notam
2678 1197 2924 1260 fecerat
2941 1200 3009 1259 ¹?

808 1298 1040 1361 Manet
1070 1298 1293 1381 utique
1323 1299 1710 1362 mendacium
1738 1297 1899 1376 hoc3
1947 1306 2013 1362 et
2036 1306 2135 1361 est
2153 1298 2293 1361 haec
2312 1298 2674 1362 Cardinalis
2701 1301 3013 1364 ficulnea⁸

807 1400 1000 1464 modo
1029 1400 1372 1464 excusatio,

873 1604 952 1653 Ex
974 1605 1366 1668 quatuordecim.
1403 1607 1648 1656 Articulis
1672 1644 1684 1655 .
1708 1644 1719 1655 .
1746 1642 1759 1655 .
1782 1606 1878 1655 soli
1903 1611 2004 1656 tres
2024 1610 2145 1656 sunt
2167 1643 2178 1655 .
2205 1644 2217 1656 .
2242 1644 2256 1656 .
2278 1608 2367 1670 qui
2391 1606 2455 1655 de
2477 1610 2727 1670 potestate
2747 1593 3015 1657 Pontifici·

935 1686 1066 1735 nihil
1090 1687 1509 1752 dicunu—[Bell.
1534 1690 1683 1753 Apol.
1699 1703 1789 1752 pro
1816 1687 1984 1752 Resp]
2007 1704 2055 1752 p.
2075 1690 2188 1738 204.
2212 1688 2346 1753 [Op.,
2368 1693 2489 1738 tom.
2513 1690 2603 1737 vii.
2627 1690 2722 1738 col.
2740 1691 2853 1739 818.
2872 1688 2961 1753 1),]

482 1835 628 1900 [(12.)
676 1836 752 1886 De
896 1820 1004 1883 Ad
1052 1821 1580 1886 Duodecimum.
1544 1824 1562 1860 ²
1675 1824 1780 1886 Ne
1835 1822 1940 1885 hic
2002 1822 2262 1905 quidem
2321 1822 2574 1886 substat
2627 1823 3012 1886 Cardinah‘S.

479 1901 744 1951 articulis
728 1915 786 1950 m

477 1965 512 2013 J
515 1968 775 2014 uramento

811 1924 986 1987 Nam
1030 1945 1108 1986 ex
1152 1926 1434 1988 undecim
1483 1927 1614 1988 illis
1659 1927 1991 2002 Articulis,
2039 1926 2147 2007 qui
2201 1926 2280 1989 de
2325 1926 3017 1989 Excommunicatione

482 2028 641 2077 Fidel
631 2030 785 2088 matis,
809 2024 1179 2107 loquuntur,
1215 2034 1483 2107 quatuor
1516 2027 1709 2091 modo
1758 2037 1947 2102 sunt3
1996 2048 2287 2108 quorum,
2330 2034 2461 2090 tres
2504 2027 2717 2110 primi,
2767 2029 3017 2110 Regem

479 2107 594 2155 quse
628 2092 752 2141 Pon-

481 2156 694 2206 inficiam
717 2171 787 2205 re·
811 2128 1434 2195 excommunicatum
1482 2151 1520 2191 a
1568 2130 1780 2212 Papa,
1826 2129 2095 2192 ultimus
2130 2150 2278 2192 vero
2315 2129 2452 2211 (qui
2495 2138 2596 2192 est
2624 2129 3011 2211 undecimus)

478 2220 788 2283 spiciuntpo-
813 2228 1139 2312 Principes
1180 2251 1221 2293 a
1263 2230 1439 2314 Papa
1477 2232 2061 2295 excommunicatos
2105 2232 2427 2314 supponit.
2517 2233 2616 2294 Ea
2658 2233 3019 2312 spiritualis

482 2284 761 2348 testatem]

459 2649 462 2650 ’
567 2637 697 2698 348

811 2333 1005 2414 Papae
1021 2339 1309 2415 potestas
1337 2341 1456 2412 est,
1489 2356 1683 2416 quam
1713 2356 1925 2418 neque
1960 2336 2219 2417 attingit
2240 2335 2673 2397 Juramentum
2702 2336 2837 2413 hoc,
2868 2356 3014 2413 nec,

806 2442 884 2500 ut
927 2437 1224 2521 attingat,
1256 2458 1416 2521 opus
1459 2445 1578 2501 est.
1667 2437 1869 2501 Aliud
1914 2438 2088 2502 enim
2125 2437 2511 2522 jamdudum
2557 2445 2657 2501 est
2693 2458 2771 2501 ea
2815 2437 2897 2502 de
2943 2459 3015 2502 re

806 2540 1256 2618 Juramentum,
1281 2549 1347 2604 et
1371 2540 1659 2623 graviore
1694 2562 1883 2623 poena
1912 2541 2250 2604 sancitum.
2312 2542 2650 2624 Deponere
2680 2541 2759 2604 de
2781 2542 3015 2625 Regno

810 2642 1160 2726 Principes,
1196 2643 1278 2705 ad
1308 2650 1696 2726 potestatem
1728 2644 1919 2726 Papae
1948 2664 2080 2707 non
2122 2643 2536 2726 spiritualem,
2570 2643 2727 2725 quin
2757 2649 3016 2727 tempo-
3045 2721 3053 2730 ι

807 2745 1029 2824 ralem,
1061 2766 1329 2828 eamque
1362 2728 1764 2823 indirectdm,
1796 2746 2111 2810 hactenus
2143 2745 2244 2808 vel
2285 2745 2647 2808 Cardinalis
2688 2746 3014 2828 pertinere

809 2848 1102 2912 asseruit.
1191 2849 1334 2912 Nec
1374 2848 1504 2911 nisi
1548 2849 1779 2930 quinto
1808 2847 1889 2910 de
1920 2847 2160 2911 Pontis.
2191 2846 2375 2925 libro,
2414 2848 2523 2929 jus
2566 2847 2730 2910 illud
2771 2855 3014 2913 tracta-

807 2957 970 3030 tum,
997 2950 1111 3014 ubi
1136 2952 1212 3013 de
1242 2954 1570 3033 temporali
1587 2956 1942 3033 potestate²²
1973 2952 2210 3034 agitur.
2254 2951 2410 3014 Non
2440 2956 2662 3014 tamen
2685 2952 2825 3034 jam
2859 2959 3013 3014 tem-

795 3057 1030 3134 porali,
1057 3055 1206 3137 quia
1234 3055 1415 3118 nulla
1436 3057 1574 3139 jam
1605 3056 1666 3120 ei
1695 3062 1797 3119 est
1819 3056 2185 3136 Apostolica
2215 3056 2576 3144 temporalis
2605 3057 3012 3118 auctoritas&

806 3156 1120 3220 Nondum
1147 3156 1348 3238 igitur
1378 3157 1714 3241 completae
1742 3158 2218 3239 Recoynitiones
2249 3157 2418 3237 eiam,-
2467 3157 2718 3239 quoties
2766 3158 3013 3236 scribit,

806 3259 955 3322 novi
985 3255 1226 3341 aliquid
1269 3261 1563 3341 parturit.
1659 3261 1701 3322 J
1704 3282 1809 3324 am
1853 3260 2035 3324 nulla
2078 3267 2173 3324 est
2212 3265 2498 3341 potestas
2527 3259 2828 3340 Pontifici
2859 3266 3014 3323 tem-

794 3363 1042 3444 por-alis
1062 3390 1080 3424 :
1127 3362 1449 3424 Deleatur.

874 3549 1000 3599 Eam
1022 3563 1139 3599 vero
1160 3552 1463 3613 potestatem
1495 3548 1559 3599 ad
1594 3550 1873 3614 primatum
1908 3550 1966 3599 in
1999 3549 2350 3613 spiritualibus
2381 3551 2634 3613 pertinere
2666 3549 2886 3600 dubium
2912 3568 3011 3603 non

936 3635 1029 3692 est,
1050 3646 1166 3680 cum
1182 3632 1316 3694 Papa
1333 3646 1435 3680 non
1459 3632 1878 3690 excommunicet,
1897 3646 2059 3694 neque
2080 3632 2299 3695 deponat
2318 3631 2578 3695 Principes
2594 3633 2696 3682 nisi
2714 3633 3013 3696 Apostolics

935 3713 1415 3777 potestate—[Bell.
1431 3713 1579 3776 Apol.
1605 3727 1696 3775 pro
1715 3711 1886 3776 Resp.]
1908 3726 1957 3775 p.
1977 3714 2089 3762 204.
2125 3711 2259 3777 [Op.,
2282 3716 2404 3762 tom.
2418 3712 2506 3762 vii.
2529 3713 2622 3762 col.
2640 3714 2748 3762 819.
2771 3713 2860 3777 Α.]

888 3845 1130 3908 Totum
1173 3864 1323 3908 vero
1353 3843 1654 3926 quintum
1692 3843 1878 3906 illum
1908 3842 1987 3907 de
2019 3843 2333 3907 Pontifice
2378 3843 2616 3906 librum
2658 3844 2766 3906 hic
2796 3866 3011 3928 recoq-

805 3948 1025 4025 noscit,
1058 3953 1124 4009 et
1171 3947 1500 4009 addiscens
1542 3947 1804 4008 senescit
1822 3955 1860 3983 '⁷
1905 3945 2282 4010 Cardinalis.
2359 3946 2559 4009 Nunc
2603 3945 2893 4028 primum
2938 3969 3009 4012 ex

806 4071 884 4115 eo
919 4049 1232 4127 audimus,
1269 4054 1647 4131 potestatem
1687 4049 2028 4129 deponendi
2059 4049 2407 4130 Principes,
2441 4049 2530 4111 ad
2560 4045 2918 4129 primatum
2949 4053 3009 4112 in

928 4243 1092 4308 [Vide
1115 4242 1312 4292 Tortor.
1334 4240 1533 4304 'l'ortip
1537 4241 1678 4293 ,197.
1701 4239 1860 4289 Lond.
1951 4239 2139 4297 Polit..
2197 4244 2250 4290 et.
2295 4239 2420 4290 Bell.
2466 4238 2576 4302 Op„
2620 4243 2743 4288 tom.
2780 4240 2873 4290 vii.
2920 4242 3008 4291 col.

808 4245 950 4359 1609[.
1058 4309 1169 4357 233.
1215 4307 1353 4356 Edit.
1377 4305 1554 4369 nostr]
1949 4307 2062 4355 665.
2088 4278 2174 4368 D'.]

937 4310 1042 4484 (ἑξ.
1053 4371 1258 4484 ’11’1ιοοοι’.
1285 4371 1434 4433 ldyu.
1463 4386 1513 4420 x.
1534 4305 1634 4430 ]46.,
1661 4373 1713 4420 et
1736 4368 1861 4419 Hor.
2147 4368 2214 4418 id.
2237 4368 2360 4417 Bell.
2377 4367 2490 4432 Op„
2497 4371 2618 4416 tom.
2634 4367 2669 4415 i.
2692 4381 2741 4430 p.
2754 4369 2870 4419 231.
2889 4370 3009 4432 ειη]

803 4436 909 4527 Sati.
2096 4432 2227 4482 Vide
2248 4447 2413 4495 supra,
2435 4447 2483 4495 p.
2500 4433 2609 4480 204.
2630 4435 2738 4480 not.
2760 4429 2824 4496 '’.]

870 4439 1108 4560 ²[Vi1gtle1
1174 4514 1340 4560 spons.
1374 4498 1513 4548 'Porti
1548 4514 1598 4561 p.
1621 4503 1701 4549 60.
1726 4499 1859 4549 Edit..
2014 4506 2047 4528 '⁸
2093 4497 2231 4548 Conf.
2252 4497 2409 4547 Cicer.
2433 4496 2495 4547 de
2519 4495 2711 4545 Senect.
2736 4511 2845 4560 cap.
2872 4499 3004 4561 viii]
