3165 4959
929 329 1296 379 stomoma
1341 331 1703 380 RESPONSIO.
2344 317 2425 378 13

205 490 302 550 ita
354 487 536 549 clara
583 486 735 564 sint,
794 486 1015 550 merito
1080 487 1385 551 dubitare.
1520 487 1929 553 Postulatum
2001 486 2237 571 (credo)
2294 509 2428 552 non

206 590 534 674 iniquum.

320 695 715 773 Praesertim,
779 694 832 758 si
878 695 1138 759 accedat
1191 702 1257 759 et
1311 695 1674 760 Cardinalis
1732 694 1996 758 alterius
2056 695 2425 759 auctoritas.
2455 697 2673 762 [Cajm.

208 799 568 882 cajetanus
596 798 671 861 is.
761 798 922 861 Dico
952 804 1174 876 autem,
1208 798 1285 860 ab
1316 797 1606 862 Ecclesia
1631 825 1650 860 .·
1685 798 1993 879 quoniam,
2016 818 2139 860 non
2168 805 2429 879 apparet
2455 763 2594 826 nus,]

206 923 289 964 ea·
318 901 669 983 Evangelio
720 902 1061 963 coactivum
1108 901 1378 982 aliquod,
1427 901 1516 964 ad
1554 901 2016 983 intelligendum
2060 903 2197 966 haec
2241 901 2427 965 verba

196 1005 485 1086 prqm'e,
516 1024 749 1084 nempe,
787 1004 928 1066 Hoc
957 1008 1050 1066 est
1079 1023 1302 1085 empus
1329 1013 1584 1067 meumu.
1670 1005 2019 1068 Possumus
2049 1025 2220 1087 ergo,
2253 1012 2328 1068 ut
2357 1004 2428 1067 in
2557 998 2633 1058 ll

207 1107 352 1170 aliis
394 1104 853 1182 Sam-amentis,
887 1105 983 1167 ita
1025 1113 1090 1168 et
1133 1105 1204 1166 in
1233 1104 1376 1183 hoc,
1404 1104 1732 1187 quurate:
1781 1113 1868 1185 et,
1899 1107 2061 1169 nihil
2087 1108 2428 1169 coactivum

210 1215 498 1291 afflaret,
522 1217 598 1271 ut
628 1208 817 1271 aliter
844 1207 1303 1291 intelligamus.

304 1310 673 1375 Praesertim
713 1315 934 1373 autem
974 1310 1030 1373 si
1069 1318 1135 1374 et
1174 1311 1374 1389 tertii,
1417 1311 1551 1395 (qui
1596 1320 1664 1377 et
1709 1313 1846 1396 ipse
1894 1311 2274 1390 Cardinalis,
2307 1311 2428 1376 etsi
2457 1313 2678 1391 [peffen-

216 1416 459 1481 Galero
503 1414 671 1478 forte
721 1435 1056 1498 nunquam
1102 1416 1280 1498 usus)
1341 1416 1661 1479 Roffensis
1709 1416 1938 1494 nostri,
1989 1416 2101 1499 qui
2152 1416 2232 1480 de
2283 1416 2428 1480 loco
2453 1378 2567 1441 ω’]

212 1518 521 1583 Matthaei
551 1518 744 1597 dicit;
793 1518 1011 1601 Neque
1040 1520 1232 1581 ullum
1260 1521 1364 1583 hic
1390 1520 1642 1583 verbum
1663 1519 1945 1600 positum
1973 1525 2085 1598 est,
2120 1539 2240 1601 quo
2268 1540 2425 1601 pro-

222 1625 404 1687 betur
430 1626 499 1686 in
529 1629 747 1686 nostra
783 1623 991 1685 Missa
1033 1643 1246 1686 veram
1274 1624 1429 1705 fieri
1469 1624 1683 1686 carnis
1726 1628 1788 1685 et
1830 1623 2157 1705 sanquinis
2191 1622 2430 1686 Christi

207 1729 677 1810 praesentiam'.
755 1727 1137 1810 Regerimus
1167 1747 1321 1809 ergo
1351 1725 1680 1790 Cardinali
1708 1725 1904 1790 verba
1934 1746 2084 1788 sua:
2142 1726 2430 1790 Christus

215 1836 477 1912 accepto
517 1849 688 1910 pane
735 1828 922 1906 davit,
969 1827 1111 1891 Hoc
1156 1833 1250 1891 est
1297 1847 1519 1909 empus
1564 1848 1784 1891 meum.
1875 1826 1968 1890 Et
2016 1833 2222 1890 tamen
2269 1828 2432 1890 nihil

213 1935 389 1997 dixit
420 1933 499 1996 de
527 1930 1234 2009 stambstantiatione,
1262 1930 1418 2014 quin
1447 1931 1668 1993 merito
1692 1930 1769 1993 de
1797 1950 1872 1992 ea
1902 1930 2180 1993 dubitari
2197 1932 2425 2012 possit,

212 2048 289 2102 ut
326 2039 601 2101 Scotus:
644 2057 782 2100 cum
810 2036 973 2099 nihil
996 2035 1086 2097 ibi
1115 2036 1478 2110 coactivum,
1510 2041 1587 2098 ut
1618 2034 2003 2117 Cajetanus:
2038 2054 2149 2097 nec
2177 2035 2427 2097 verbum

210 2144 415 2205 ullum
462 2141 627 2204 unde
660 2140 966 2223 probetur
1008 2146 1218 2203 vestra
1265 2139 1501 2201 Christi
1535 2138 1899 2220 praesentia,
1945 2144 2020 2200 ut
2075 2138 2423 2202 Roffensis.

214 2247 463 2322 Quare,
508 2251 575 2307 et
614 2243 870 2307 nullum
904 2243 993 2307 ibi
1034 2241 1279 2308 Christi
1307 2242 1575 2306 verbum
1615 2241 1852 2304 falsum
1899 2242 2042 2320 erit,
2077 2249 2142 2305 et
2181 2248 2423 2320 tamen,

210 2350 401 2413 nulla
432 2348 559 2412 erit
588 2348 669 2411 de
706 2348 1396 2411 stambstantiatione
1409 2346 1579 2428 fides
1615 2345 2000 2409 Christiana.

299 2453 505 2530 Nam,
540 2450 711 2535 quod
743 2450 1151 2515 cardinalem
1199 2470 1333 2514 non
1377 2448 1554 2529 latet,
1599 2450 1723 2512 nisi
1765 2450 2066 2513 volentem
2104 2456 2166 2514 et
2193 2451 2363 2514 ultro
2376 2460 2424 2529 ¹,

210 2555 382 2619 dixit
415 2554 736 2632 Christus,
767 2554 909 2617 Hoc
938 2561 1030 2617 est
1059 2573 1283 2635 empus
1311 2573 1509 2615 meum
1534 2580 1555 2615 .·
1588 2554 1766 2631 Non,
1799 2554 1939 2616 Hoc
1967 2554 2167 2631 modo,
2193 2555 2308 2616 hoc
2335 2559 2428 2617 est

211 2680 449 2742 empus
482 2680 701 2722 meum.
793 2658 1002 2722 Nobis
1042 2666 1261 2722 autem
1290 2658 1623 2722 vobiscum
1669 2658 1748 2721 de
1789 2657 2044 2741 objecto
2081 2658 2424 2733 convenit3

211 2762 297 2827 de
329 2761 550 2840 modo,
599 2760 681 2824 lis
726 2760 936 2825 omnis
985 2768 1117 2824 est:
1166 2761 1289 2839 De,
1328 2762 1471 2825 Hoc
1515 2767 1627 2839 est,
1670 2760 1828 2824 Fide
1872 2761 2060 2823 firma
2109 2768 2427 2838 tenemus,

213 2866 391 2950 quod
439 2866 564 2929 sit:
635 2865 755 2941 De,
789 2865 929 2928 Hoc
978 2865 1157 2929 modo
1212 2871 1325 2944 est,
1374 2866 1630 2948 (nempe
1694 2863 2299 2928 Transubstantiato
2358 2865 2428 2928 in

212 2988 453 3051 corpus
492 2968 684 3050 pane)
721 2965 801 3029 de
831 2966 1040 3045 modo,
1074 2987 1201 3050 quo
1245 2967 1358 3030 fiat
1399 2975 1474 3030 ut
1516 2966 1619 3045 sit,
1650 2987 1782 3049 per,
1818 2966 1949 3029 sive
1977 2966 2076 3043 In,
2110 2964 2243 3029 sive
2279 2965 2427 3044 Con,

217 3073 353 3135 sive
404 3070 558 3149 Sub,
614 3070 744 3132 sive
811 3069 1033 3152 Trans)
1079 3069 1337 3132 nullum
1397 3069 1557 3132 inibi
1618 3068 1885 3133 verbum
1940 3076 2058 3132 est.
2145 3068 2236 3132 Et
2281 3067 2430 3152 quia

216 3173 493 3238 verbum
524 3172 800 3249 nullum,
833 3172 1062 3234 merito
1093 3192 1133 3232 a
1163 3171 1301 3253 fide
1331 3171 1702 3254 ablegamus
1732 3171 1957 3254 procul
1983 3195 1997 3233 :
2042 3171 2216 3235 inter
2248 3174 2427 3236 Soita

219 3278 469 3341 Scholae
497 3276 792 3353 fortasse,
823 3275 995 3338 inter
1023 3275 1213 3337 Fides
1242 3274 1566 3338 Articulos
1594 3297 1728 3356 non
1758 3276 2074 3358 ponimus.

307 3379 504 3447 Quod
537 3378 769 3442 dixisse
809 3377 961 3441 olim
994 3378 1204 3441 fertur
1233 3377 1586 3440 Durandus
1596 3388 1643 3456 5,
1675 3380 2049 3462 neutiquam
2080 3378 2267 3442 nobis
2299 3378 2425 3442 dis·
2452 3384 2675 3500 SDuran-

212 3486 458 3570 plicet:
519 3483 785 3546 Verbum
824 3482 1131 3560 audimus,
1176 3487 1407 3544 motum
1439 3482 1756 3560 sentimus,
1810 3485 2056 3547 modum
2103 3486 2425 3562 nescimus,
2489 3451 2590 3514 ω’]

204 3588 624 3672 prce-sentiam
671 3585 992 3650 credimus).
1084 3585 1499 3648 Praesentiam
1558 3586 1868 3670 (inquam)
1925 3586 2267 3664 credimus,
2308 3607 2430 3651 nec

212 3693 441 3757 minus
494 3711 690 3775 quam
728 3710 859 3769 vos,
905 3710 1140 3752 veram.
1233 3689 1334 3752 De
1384 3690 1577 3753 modo
1628 3691 1988 3773 praesentiae
2038 3690 2136 3752 nil
2184 3698 2429 3753 temere

213 3795 593 3871 definimus,
637 3792 821 3871 addo,
861 3813 983 3856 nec
1013 3792 1199 3855 anxie
1227 3790 1613 3875 inquirimus
1637 3818 1656 3870 3
1702 3814 1836 3856 non
1864 3792 2071 3876 magis
2115 3813 2328 3876 quam,
2358 3795 2429 3856 in

213 3899 546 3983 baptismo
587 3903 830 3972 nostr0‚
882 3894 1202 3978 quomodo
1246 3895 1466 3959 abluat
1513 3917 1632 3959 nos
1673 3896 1933 3979 sanguis
1973 3895 2249 3960 Christi:
2297 3917 2430 3960 non

215 4001 428 4085 magis
460 4019 680 4084 quam,
703 3997 774 4060 in
800 3996 1045 4061 Christi
1073 3996 1537 4075 incarnatione,
1565 3998 1885 4080 quomodo
1907 4006 2156 4063 naturae
2178 3999 2430 4063 Divinae

214 4105 508 4167 humana
564 4101 636 4163 in
705 4099 974 4163 eandem
1035 4099 1416 4182 hypostasin
1477 4099 1765 4163 uniatur.
1879 4100 2066 4165 Inter
2123 4102 2432 4185 mysteria

218 4208 543 4284 ducimus,
584 4205 674 4286 (et
707 4203 969 4287 quidem
999 4202 1393 4287 Mysterium
1442 4210 1539 4266 est
1567 4202 1981 4267 Eucharistia
2009 4204 2172 4287 ipsa)
2221 4207 2429 4289 cujus,

284 4345 308 4367 ⁸
357 4331 692 4400 [comment]
739 4331 799 4381 in
848 4330 1063 4396 [Summ.
1110 4330 1283 4380 Theol.
1373 4331 1570 4394 Captiv.
1598 4331 1774 4395 Babyl.
1798 4346 1904 4394 esp.
1919 4332 1953 4381 i.
1980 4332 2099 4397 [leg.
2116 4347 2166 4382 x.
2202 4332 2313 4398 Op„
2334 4335 2425 4386 col.

217 4400 463 4451 8-Thom.
486 4400 587 4461 Aq.
677 4396 749 4460 r.]
776 4396 853 4445 iii.
880 4394 1127 4460 Q[naest.]
1146 4395 1286 4446 IxxV.
1374 4397 1486 4447 227.
1518 4396 1595 4446 ed.
1623 4395 1931 4461 wirceburg.
1957 4397 2128 4461 1597]

216 4466 358 4530 A[rt
420 4464 453 4512 i.
501 4463 580 4512 ed.
682 4476 800 4510 non.
827 4460 1002 4523 1528]
1439 4468 1463 4492 ¹
1496 4463 1525 4509 2
1552 4460 1660 4510 Pet.
1683 4461 1757 4510 iii.
1784 4464 1828 4512 5.

284 4539 305 4560 '
337 4465 478 4595 disc
515 4542 646 4586 erus,
660 4525 828 4590 Epioe.
844 4523 1084 4588 Roffena]
1102 4523 1289 4575 Contra
1441 4524 1702 4655 'zogApptllj
1713 4525 1957 4655 9⁰1⁴IJeand.
2013 4526 2200 4591 Synop.
2245 4527 2430 4579 Chron.

1376 4604 1423 4653 p.
1545 4627 1556 4640 .
1625 4606 1656 4639 o
1674 4628 1686 4640 .
1778 4628 1790 4640 .
