3165 4959
945 340 1311 390 nomem
1353 343 1718 392 naseos-mo,
2059 375 2076 392 .
2315 325 2434 387 141

286 492 473 555 Neque
496 491 627 540 illud
650 506 825 542 verum
849 498 940 553 est,
958 495 1058 544 nisi
1080 511 1143 545 ex
1169 496 1394 561 Collegio
1419 498 1766 549 Cardinalium
1783 498 2083 547 Pontificem
2105 495 2228 558 eligi
2243 495 2316 543 fas
2337 508 2441 542 non

356 588 477 623 esse.
545 572 744 623 Scimus
766 575 903 623 enim
925 574 1006 624 his
1029 580 1295 641 postremis
1310 580 1460 628 annis
1478 580 1773 641 quingentis
1790 579 1974 628 electos
1995 578 2146 626 fuisse
2170 575 2442 625 Pontifices

359 655 628 704 Callistum
645 654 730 714 11.‚
750 655 1036 719 Eugenium
1056 658 1167 718 111„
1193 660 1451 710 Urbanum
1474 660 1580 718 IV„
1599 660 1895 723 Gregorium
1915 660 1994 720 X„
2015 658 2344 708 coelestinum
2359 655 2440 716 V„

360 736 676 786 Clementem
720 736 803 798 V„
838 738 1100 790 Urbanum
1130 741 1209 800 V„
1258 742 1516 792 Urbanum
1547 743 1657 802 VL,
1699 742 1920 791 Felicem
1953 741 2035 801 V„
2085 740 2316 804 quamvis
2354 738 2440 787 hie

358 823 644 884 postremus
664 820 929 883 legitimus
951 837 1053 872 non
1075 824 1145 872 sit
1168 824 1415 874 habitus‘.
1456 825 1581 890 [Qui
1606 839 1781 875 omnes
1803 829 1948 874 extra
1968 823 2253 886 Collegium
2275 825 2437 872 erant.

355 900 552 950 —Bell.
574 900 725 965 Apol.
750 917 842 966 pro
867 901 1037 968 Resp.]
1059 920 1107 968 p.
1130 908 1205 955 40.
1234 906 1370 972 [Op.,
1394 906 1622 957 tom.vii.
1646 907 1738 957 col.
1761 907 1873 960 727.
1901 905 2054 971 A.B.]

311 1026 565 1089 Verum
596 1031 814 1089 autem
845 1033 910 1090 et
940 1027 1104 1091 illud
1143 1029 1307 1112 (quis
1343 1031 1550 1093 nescit
1567 1032 1623 1113 Ρ)
1677 1029 2087 1114 quantumvis
2127 1028 2435 1111 tergiver-
2465 1031 2553 1096 [Et
2575 1047 2699 1109 130¹ss
2734 1099 2746 1111 ‚

223 1135 408 1190 setur
438 1128 818 1204 Cardinalis,
851 1151 985 1193 non
1016 1133 1253 1195 assumi
1287 1154 1654 1217 quenquam
1703 1134 1783 1195 ad
1815 1133 2279 1215 Pontificatum,
2310 1130 2437 1192 nisi
2461 1111 2750 1211 {pugglnm

224 1232 341 1315 qui
373 1231 451 1294 de
481 1233 727 1314 gremio
763 1234 1193 1298 Cardinalium
1216 1265 1234 1298 .·
1283 1259 1355 1301 ac
1387 1238 1499 1301 diu
1532 1240 1692 1321 jam,
1726 1238 1926 1300 alium
1959 1258 2081 1300 nee
2112 1236 2437 1299 nominari
2460 1225 2593 1339 {32³⁰
2613 1227 2730 1340 19ζὲ

224 1360 389 1401 mos.
482 1338 621 1402 Ubi
666 1346 855 1402 tanta
911 1342 1183 1423 penuria
1239 1342 1552 1406 laboravit
1604 1341 1987 1414 Cardinalis,
2041 1347 2116 1404 ut
2175 1361 2435 1403 necesse
2461 1324 2623 1404 tifiees
2721 1321 2737 1330 ⁸

224 1443 286 1504 ei
329 1441 526 1504 fuerit
570 1441 783 1505 Felice
811 1442 895 1505 V.
940 1464 1289 1507 numerum
1332 1466 1585 1527 augere,
1636 1444 1874 1527 alioqui
1921 1443 2077 1506 satis
2126 1451 2392 1506 tenuem
2411 1471 2430 1521 3
2459 1420 2649 1484 electi]

226 1567 444 1629 quem,
475 1545 590 1608 ubi
622 1546 997 1624 nominavit,
1032 1548 1341 1630 expungit
1373 1547 1592 1610 statim
1624 1568 1740 1630 pro
1771 1547 2114 1628 illeqitimo,
2145 1566 2266 1608 nee
2296 1546 2434 1609 sine

228 1672 308 1714 eo
354 1657 577 1713 tamen
627 1657 883 1713 constat
933 1650 1028 1712 illi
1073 1653 1461 1729 novenarius,
1519 1650 1629 1733 qui
1674 1670 1791 1733 per
1837 1651 2198 1731 quinqentos
2241 1669 2436 1711 annos

224 1775 537 1817 numerus
585 1754 740 1817 satis
784 1754 965 1817 exilis
1011 1763 1127 1817 est.
1220 1756 1491 1818 Fatetur
1535 1760 1752 1817 autem
1797 1753 1877 1816 ab
1916 1752 2184 1816 Urbano
2224 1773 2430 1835 usque

226 1865 429 1935 sexto,
479 1862 662 1920 eoetra
718 1857 1054 1939 Colleqium
1102 1856 1279 1920 haud
1327 1878 1692 1939 quenquam
1739 1856 2039 1934 electum,
2088 1865 2154 1919 et
2196 1854 2251 1919 is
2296 1857 2435 1939 ipse

230 1959 543 2023 Urbanus
579 1960 824 2023 electus
871 1960 1067 2022 etiam
1109 1961 1175 2022 in
1218 1961 1551 2023 schismate
1568 1969 1618 2023 ¹¹.
1708 1959 1967 2042 Reliqui
2012 1966 2251 2037 autem,
2298 1982 2433 2023 non
2523 1975 2526 1976 ’

225 2063 353 2125 nisi
399 2083 548 2126 cum
601 2062 1043 2125 Cardinalibus
1093 2063 1265 2125 inter
1316 2083 1385 2126 se
1436 2063 1651 2126 minus
1705 2063 2095 2141 conveniret,
2144 2061 2299 2125 dum
2353 2085 2432 2126 ex
2549 2067 2675 2128 108

225 2168 581 2233 ambitione
622 2167 784 2231 alter
826 2168 1013 2231 alteri
1043 2167 1290 2232 obicem
1321 2177 1608 2252 poneret,
1640 2177 1870 2232 neuter
1907 2178 2123 2232 autem
2153 2169 2429 2247 cederet,

226 2282 422 2356 atque
451 2273 545 2335 ita
572 2273 644 2335 in
674 2272 939 2336 tertium
982 2273 1283 2357 aliquem,
1319 2273 1428 2356 qui
1476 2273 1554 2336 de
1593 2274 1860 2355 Colleqio
1892 2295 2026 2336 non
2057 2280 2249 2350 esset,
2283 2280 2434 2335 vota

224 2378 609 2442 conferrent.
706 2379 797 2441 At
819 2378 978 2461 jam,
1012 2377 1460 2460 prudentiores
1490 2378 1664 2455 sacti,
1689 2399 1827 2439 rem
1858 2377 2232 2459 transigunt
2260 2377 2434 2440 inter

224 2502 313 2561 se,
346 2489 413 2544 et
445 2481 692 2543 ducenti
717 2482 979 2562 triqinta
1010 2482 1131 2543 duo
1163 2482 1312 2543 anni
1356 2487 1529 2560 sunt,
1563 2502 1713 2544 cum
1750 2481 2146 2543 Cardiualem
2186 2501 2436 2562 semper

223 2584 714 2662 rennnciamnt,
776 2606 897 2648 nee
948 2585 1086 2668 jam
1149 2584 1316 2647 serio
1368 2584 1693 2647 nominari
1752 2584 1821 2646 in
1886 2585 2178 2647 Conclavi
2237 2584 2435 2647 alium

225 2710 600 2773 quenquam
630 2687 975 2751 sustinent.

289 2847 436 2906 Quod
470 2851 641 2898 autem
677 2847 785 2897 Rex
824 2846 986 2910 addit,
1012 2863 1044 2898 a
1082 2848 1325 2899 Romanis
1361 2848 1697 2899 Pontificibus
1735 2862 2020 2911 supremam
2052 2847 2109 2896 in
2137 2845 2298 2908 Reges
2334 2845 2454 2895 sibi·

355 2930 709 2980 auctoritatem
757 2930 1037 2987 vindicari:
1088 2932 1132 2979 si
1176 2946 1267 2994 per
1300 2930 1600 2981 ‘vindicare'
1644 2931 1928 2993 significare
1971 2930 2097 2979 velit
2133 2932 2434 2992 ‘usurpare,‘

353 3013 563 3062 omnino
595 3027 866 3075 negamus:
901 3014 981 3061 sin
1013 3018 1184 3063 autem
1222 3018 1235 3040 ⁴
1253 3012 1537 3063 vindicare'
1561 3012 1645 3071 sit,
1668 3012 1804 3075 quod
1839 3012 2039 3061 ‘suum’
2060 3015 2139 3061 est
2160 3010 2440 3069 ‘asserere‚’

353 3094 573 3143 libenter
605 3094 953 3143 admittimus:
1005 3095 1077 3143 sie
1116 3101 1302 3155 tamen,
1349 3100 1406 3145 ut
1432 3109 1536 3175 ⁸per
1575 3095 1943 3155 auctoritatem,
1983 3109 2085 3143 non
2122 3093 2435 3156 despoticum

352 3176 641 3239 imperium,
663 3176 750 3225 sed
776 3180 1040 3238 paternam
1070 3191 1157 3226 seu
1184 3177 1488 3240 pastoralem
1520 3181 1823 3240 potestatem
1853 3176 2439 3241 intelligamus—[Bell.

352 3257 503 3321 Apol.
527 3271 619 3321 pro
644 3256 813 3322 Resp.]
839 3273 888 3321 p.
905 3258 985 3308 40.
1012 3258 1146 3322 [Op.,
1169 3262 1293 3307 tom.
1310 3259 1400 3307 vii.
1423 3260 1515 3308 col.
1541 3258 1654 3310 727.
1682 3257 1762 3321 Β.]

309 3365 739 3441 Αεεενεηιίοπε
803 3364 1256 3428 auctoritatem
1309 3366 1484 3448 Papa
1540 3366 1612 3429 in
1670 3367 1876 3449 Reges
1948 3386 2287 3442 summam,
2351 3385 2434 3426 an
2462 3373 2756 3441 [Pontifices

221 3468 583 3549 usurpando
612 3468 904 3543 vindicet,
927 3467 1007 3530 lis
1038 3467 1246 3532 adhuc
1277 3469 1491 3552 aliqua
1521 3469 1839 3547 Pontifici,
1867 3468 2153 3551 Regibus
2194 3466 2428 3549 (eredo)
2460 3454 2745 3565 ξζρξέἓζω

223 3570 448 3633 nulla:
496 3571 873 3653 praesertim,
908 3570 962 3633 si
992 3569 1228 3653 migret
1269 3571 1349 3635 de
1377 3577 1694 3652 potestate
1725 3591 1842 3632 sua
1870 3571 2212 3650 spirituali,
2245 3588 2433 3631 soecu-
2461 3572 2762 3645 potestatem

224 3677 419 3737 larem
450 3696 677 3738 eorum
710 3674 992 3739 invadat.
1047 3675 1343 3738 Libenter
1374 3676 1705 3738 admittere
1734 3695 1819 3750 se,
1853 3672 2007 3736 dicit
2039 3671 2398 3736 Cardinalis
2422 3698 2436 3736 ι
2463 3634 2699 3761 ῗᾶᾙέἳ

223 3786 289 3841 at
325 3778 421 3840 ini
459 3799 594 3841 non
637 3776 764 3840 nisi
808 3778 1119 3840 illibenter
1148 3779 1461 3842 dimittere
1479 3804 1499 3850 ;
1546 3799 1666 3840 nec
1708 3776 1964 3840 deliniri
1995 3797 2060 3838 se
2094 3775 2442 3858 patiuntur

221 3880 485 3945 vocibus
524 3886 812 3961 paternae
852 3887 918 3944 et
958 3883 1310 3962 pastoralis
1332 3909 1351 3943 .·
1397 3902 1603 3944 vocem
1653 3880 1850 3943 Jacob
1895 3881 2177 3958 audiunt,
2222 3900 2444 3942 manus

222 3983 401 4045 Esau
459 3989 783 4046 senserunt
801 3993 846 4046 ¹.
939 3984 1115 4048 Olim
1170 3986 1386 4048 Caesar
1445 3984 1726 4047 calcatus
1746 3995 1791 4063 Υ,
1843 3984 2169 4047 Henricus
2220 3991 2442 4047 noster

223 4086 530 4168 vapulans
550 4096 592 4164 ²,
643 4088 1054 4170 Arragonum
1104 4088 1243 4151 Rex
1283 4088 1513 4170 laqueo
1559 4087 1797 4152 collum
1837 4089 2168 4152 inserens:
2233 4108 2442 4170 nuper

287 4285 304 4313 ⁸
338 4282 617 4347 [Amedeus
650 4299 716 4333 se.
764 4283 1031 4335 Sabaudise
1078 4284 1212 4345 Dux,
1257 4299 1288 4335 a
1438 4294 1460 4325 7
1494 4285 1654 4349 [Frid.
1691 4284 1731 4334 1.
1776 4285 1892 4335 vide
1938 4285 2118 4335 Baron.
2162 4285 2264 4335 An.
2302 4284 2438 4336 Eeel.

220 4347 413 4397 Concil.
442 4347 593 4397 Basil.
616 4350 820 4405 electus,
846 4365 943 4398 Aa).
965 4350 1130 4413 1439]
1373 4350 1439 4401 ad
1483 4366 1602 4400 ann.
1643 4352 1784 4402 1177.
1821 4351 1975 4399 Num.
2002 4352 2197 4401 lxxxvi.
2221 4351 2437 4401 lxxxvii.

288 4421 311 4442 ¹
346 4412 503 4477 [Vide
541 4412 729 4462 Platin.
764 4416 820 4463 in
856 4414 983 4464 Vita
1019 4414 1140 4463 Urb.
1178 4413 1290 4473 VL,
1376 4421 1499 4465 tom.
1524 4416 1615 4463 xii.
1641 4415 1730 4465 col.
1757 4416 1890 4479 732]

221 4478 276 4526 in
303 4476 445 4525 Vitis
470 4476 655 4527 Pontis.
690 4493 738 4541 p.
756 4478 889 4542 267]
1444 4489 1463 4510 ²
1497 4480 1701 4544 [Matth.
1733 4481 1885 4530 Paris.
1904 4480 2038 4530 Hist.
2059 4481 2178 4545 Maj.
2199 4481 2254 4531 in
2278 4480 2440 4531 Heur.

287 4550 308 4572 ¹
346 4542 491 4606 [Gen.
516 4544 676 4592 xxvii.
702 4543 802 4606 22]
1382 4544 1451 4593 11.
1474 4546 1528 4594 in
1553 4560 1667 4595 ann.
1695 4547 1834 4598 1174.
1860 4561 1907 4610 p.
1931 4546 2062 4615 126]
