3165 4959
1062 325 1429 373 1101001111
1472 325 1839 373 3031011310.
2432 310 2557 371 103

412 477 561 536 Quod
596 481 641 530 si
679 481 825 532 nulla
858 496 922 531 ex
958 485 1101 546 parte
1135 481 1345 533 interior
1377 487 1468 542 est,
1498 485 1734 531 numeret
1769 480 1945 544 Reges,
1978 484 2030 531 et
2065 480 2406 544 Respublicas,
2443 495 2558 542 quae

476 561 819 612 obedientiam
858 563 940 613 illi
977 567 1237 627 praestent,
1261 562 1688 627 quemadmodum
1720 577 1813 612 nos
1841 562 1993 626 paulo
2027 565 2146 611 ante
2178 560 2557 611 numeravimus

474 640 638 705 Reges
671 648 724 694 et
759 644 1100 709 Respublicas,
1137 658 1252 707 quse
1286 645 1482 695 solenni
1519 645 1625 694 ritu
1659 643 1817 694 Paulo
1842 642 1909 694 V.
1940 642 2177 692 Pontifici
2211 641 2554 692 obedientiam

475 725 1054 792 praestiterunt-[Bell.
1079 726 1229 789 Apol.
1253 740 1345 791 pro
1366 724 1537 791 Beep]
1565 741 1616 790 p.
1641 722 1719 778 27.
1765 725 1905 791 [Op.,
1939 728 2062 774 tom.
2086 724 2172 773 vii.
2209 723 2321 773 coll.
2348 724 2459 775 719.
2484 722 2548 772 D.

477 806 586 858 720.
612 807 703 872 A.]

417 907 652 991 Neque
681 930 832 973 vero
876 908 1523 994 Rerumpublicarum
1562 927 1832 970 numero
1861 907 2124 989 Reyiam
2168 904 2554 989 dignitatem
2689 903 2776 964 80

342 1009 615 1073 metitur
634 1012 795 1090 Reoe,
834 1012 1015 1096 (quas
1043 1019 1266 1076 tamen
1293 1011 1481 1074 facile
1511 1009 1572 1074 ei
1602 1030 1754 1073 sane
1784 1030 1999 1073 creare
2030 1009 2154 1074 sibi
2181 1029 2554 1073 numerosas
2579 984 2860 1101 ξζξέιζωὴ

342 1113 471 1192 1110,
505 1114 721 1196 quales
751 1115 973 1179 multae
1003 1125 1155 1179 sunt
1181 1135 1297 1199 per
1327 1114 1587 1177 Italiam
1618 1112 2019 1195 Respublicae
2040 1113 2080 1194 ε)
2133 1113 2273 1195 quis
2291 1132 2424 1193 par
2451 1112 2553 1190 sit,
2581 1129 2745 1193 nuper
2758 1116 2882 1166 Pon-

345 1217 487 1298 quis
517 1214 799 1298 infertor,
825 1240 861 1282 e
889 1217 1247 1282 latifundiis
1276 1238 1409 1281 non
1438 1223 1676 1280 censet.
1741 1216 2000 1280 Habeat
2020 1216 2321 1298 Regnum
2351 1215 2555 1298 magis
2579 1180 2810 1310 ffi‘ffl·

344 1319 554 1384 adhuc
592 1322 668 1403 (si
697 1322 893 1404 voles)
944 1328 1310 1404 angustum,
1343 1321 1483 1383 Reoe
1525 1319 1719 1383 modo
1759 1320 1878 1382 sit:
1926 1340 2003 1383 eo
2046 1319 2185 1403 ipso
2214 1319 2386 1402 quod
2415 1320 2556 1382 Reoe

341 1430 461 1499 est,
493 1423 798 1505 Pontifice
807 1425 953 1506 jam
982 1423 1247 1506 inferior
1275 1444 1398 1486 non
1427 1429 1560 1486 est:
1610 1422 1785 1487 Olim
1817 1421 2075 1505 quidem
2104 1423 2388 1503 superior
2407 1421 2552 1501 suit,

344 1532 458 1589 aut
510 1547 630 1590 nos
678 1527 846 1591 fallit
901 1529 1192 1592 Historia
1239 1548 1435 1591 sacra.
1547 1527 1741 1590 Hanc
1790 1546 1940 1588 vero
1986 1525 2154 1589 viam
2204 1525 2256 1589 si
2304 1534 2549 1609 pergat,

345 1636 619 1693 numeret
667 1631 1091 1712 Respublicas,
1156 1633 1473 1696 Caesarem
1533 1636 1908 1694 contemnat
1966 1650 2098 1713 prae
2159 1631 2385 1708 Tama,
2441 1630 2551 1713 qui

344 1732 557 1814 plures
606 1733 843 1817 (credo)
886 1741 1169 1798 numerat
1199 1735 1624 1817 Respublica-9.
1715 1734 1904 1812 Tum,
1943 1732 2258 1798 Davidem
2297 1727 2550 1816 quoque

341 1834 621 1919 abjiciat,
660 1837 713 1900 si
758 1838 948 1916 volet,
998 1839 1105 1921 qui
1153 1859 1284 1902 non
1331 1846 1467 1901 tam
1514 1836 1645 1900 late
1691 1836 2002 1919 regnavit,
2047 1859 2239 1919 quam
2282 1837 2547 1901 Noster.

340 1938 509 2001 Tum
559 1940 908 2004 Romulum
958 1942 1152 2004 etiam
1193 1962 1402 2004 suum.
1492 1940 1809 2002 Numerus
1843 1939 1952 2004 hic
1980 1935 2161 2003 nullo
2198 1940 2269 2002 in
2299 1959 2548 2002 numero

339 2050 458 2104 est.
549 2043 878 2126 Appendit
914 2045 1074 2123 Reiz,
1106 2065 1239 2108 non
1268 2050 1570 2107 numerat.
1662 2044 1751 2107 Et
1780 2042 1978 2126 pluris
2017 2043 2112 2106 illi
2142 2050 2294 2106 sunt
2322 2043 2548 2107 insulae

340 2143 504 2224 duae,
548 2145 749 2228 pluris
796 2146 895 2210 vel
944 2169 1095 2226 una,
1145 2169 1336 2230 quam
1386 2135 1716 2225 Picenum,
1769 2146 2063 2225 Umbria,
2102 2146 2437 2223 Flaminia,
2480 2154 2546 2209 et

339 2248 705 2331 manipulus
760 2249 870 2313 ille
928 2249 1405 2314 suburbicarius
1414 2262 1462 2328 ¹¹,
1520 2270 1709 2333 quem
1762 2270 1907 2313 vere
1958 2249 2293 2331 subjectum
2350 2248 2547 2313 habet

346 2351 662 2414 Pontifex.
757 2352 1066 2416 Numerus
1113 2352 1286 2416 enim
1334 2352 1463 2431 ille,
1520 2374 1710 2435 quem
1762 2352 1953 2436 paulo
2001 2359 2152 2416 ante
2199 2353 2548 2415 numeravit

338 2453 723 2534 Cardinali8,
771 2477 918 2521 vere
970 2476 1258 2520 numer-m
1304 2462 1422 2535 est,
1478 2463 1544 2520 et
1592 2455 1729 2520 sine
1774 2455 2092 2539 pondere:
2154 2455 2266 2539 qui
2311 2456 2548 2519 solenni

340 2559 546 2643 magis
590 2561 724 2623 ritu
772 2582 961 2643 quam
1011 2563 1175 2624 serio
1222 2583 1361 2625 rem
1406 2561 1575 2643 agit3
1627 2560 1880 2643 quique,
1918 2562 2074 2641 (uon
2117 2559 2414 2624 obstante
2455 2581 2548 2638 ea,

338 2683 526 2743 quam
544 2663 872 2744 praestant,
893 2664 1261 2746 obedientia)
1290 2664 1403 2728 ubi
1434 2664 1659 2728 volunt
1686 2669 1926 2739 tamen,
1948 2662 2251 2744 redigunt
2280 2663 2350 2725 in
2380 2662 2549 2725 ordi-

338 2787 493 2829 nem
516 2767 849 2850 Reyentem
879 2790 1106 2831 sumn:
1154 2774 1220 2832 et
1252 2768 1678 2849 commitiyant
1708 2766 1767 2829 ei
1793 2766 2043 2846 capue,
2071 2765 2254 2848 cujus
2285 2766 2549 2828 osculati

337 2875 484 2931 eunt
500 2871 715 2950 pedes.

404 3000 585 3067 Neque
612 3005 709 3055 iste
736 3004 899 3055 honor
918 3004 1191 3056 exhibetur
1211 3004 1421 3055 Summo
1444 3003 1682 3054 Pontifici
1715 3018 1747 3053 a
1768 3002 1992 3065 Regibus
2013 3006 2216 3051 tantum
2240 3001 2545 3052 Occidentis.

467 3084 605 3134 Nam
635 3085 669 3135 J
673 3087 872 3136 ustinus
916 3086 1200 3151 Imperator
1237 3087 1526 3137 venientem
1561 3084 1628 3135 ad
1665 3099 1718 3134 se
1751 3084 1783 3134 J
1788 3099 2002 3134 oannem
2039 3084 2227 3147 Papam
2268 3098 2458 3147 pronus
2491 3085 2548 3133 in

469 3172 655 3217 terram
683 3167 928 3230 adoravit,
968 3174 1026 3218 ut
1057 3169 1358 3219 Anastasius
1393 3166 1820 3218 Bibliothecarius
1857 3171 2190 3217 100111111τῆ-
2208 3166 2357 3233 [Bell.
2395 3168 2548 3231 Apol.

470 3264 561 3314 pro
583 3250 753 3316 Reep]
776 3266 826 3315 p.
845 3252 921 3303 27.
950 3251 1084 3317 [Op.,
1107 3256 1231 3302 tom.
1250 3251 1341 3301 vii.
1365 3251 1457 3301 col.
1481 3250 1511 3302 ’ἴ
1515 3252 1594 3300 20.
1619 3249 1704 3314 A]

428 3357 470 3420 J
474 3380 595 3436 am,
632 3358 802 3441 quod
837 3359 1144 3441 sequitur,
1178 3357 1386 3421 multo
1417 3356 1629 3420 adhuc
1657 3356 1859 3439 magis
1889 3355 2253 3420 ridiculum.
2333 3357 2550 3438 Neque
2575 3371 2769 3485 {Qualis

335 3462 456 3523 iste
485 3462 697 3539 honor,
729 3462 961 3543 inquit,
994 3461 1318 3523 exhibetur
1350 3460 1599 3523 Summo
1631 3458 1927 3539 Pontifici
1959 3481 1998 3522 a
2027 3460 2276 3542 reyibus
2307 3466 2547 3522 tantum
2609 3451 2827 3550 32¹me

345 3564 718 3627 Occidentis.
809 3565 1007 3627 Putes
1037 3564 1269 3646 Magos
1300 3563 1380 3627 ab
1407 3565 1660 3626 Oriente
1709 3584 1916 3645 nuper
1944 3563 2207 3639 venisse,
2242 3562 2350 3643 qui
2380 3562 2548 3625 Pon·
2574 3516 2726 3642 ἕψω
2749 3566 2829 3614 ha-

334 3667 578 3730 tificem
604 3667 890 3731 adorent.
946 3666 1313 3731 Dicendum
1337 3668 1511 3730 enim
1531 3674 1688 3743 erat,
1708 3665 1823 3727 sed
1837 3670 1897 3727 et
1921 3686 1960 3726 a
1982 3664 2253 3745 Reyibus
2275 3664 2551 3727 On’entie
2573 3629 2780 3743 Jffgssffio

336 3770 661 3833 exhibetur
706 3771 765 3833 ei
811 3771 1020 3833 etiam.
1109 3770 1203 3833 At
1246 3770 1355 3833 ille
1398 3769 1524 3848 hic,
1580 3768 1795 3832 subito
1847 3767 2033 3845 saltu,
2068 3788 2106 3829 a
2148 3788 2394 3850 nupera
2427 3767 2549 3831 hac
2578 3759 2798 3823 lmper.,]

324 3894 558 3954 pompa
577 3874 807 3952 Romoe,
841 3873 1063 3938 decem
1092 3881 1267 3937 retro
1299 3874 1529 3953 saecula
1555 3872 1938 3936 transcurrit
1980 3871 2084 3952 (an
2119 3870 2472 3935 transvolat
2487 3872 2540 3954 Ρ)

335 3983 423 4054 et,
453 3982 530 4040 ut
569 3998 691 4041 non
735 3977 1014 4040 eoelziberi
1055 3978 1253 4039 solum
1284 3976 1510 4040 doceat
1540 3997 1580 4038 α
1610 3975 1881 4057 Reyibus
1918 3973 2291 4051 Occidentis,
2324 3974 2550 4057 recipit

336 4100 404 4143 ee
445 4078 526 4143 ad
554 4080 872 4144 Justinum
915 4081 1192 4144 Orientis
1230 4081 1696 4162 Imperatorem,
1729 4086 1879 4142 ante
1929 4099 2123 4141 annos
2169 4078 2313 4161 plus
2360 4079 2546 4141 mille.

398 4291 422 4323 ἱ
590 4283 832 4334 Ecclesiis
870 4284 1241 4335 Suburbicariis
1276 4284 1394 4334 vide
1481 4283 1723 4333 honorem
1743 4282 1866 4344 Deo,
1890 4282 2185 4333 humiliavit
2207 4296 2259 4331 ee
2281 4295 2468 4345 pronus
2492 4282 2548 4330 in

336 4346 472 4411 Bing
591 4385 605 4399 .
624 4349 811 4399 Christ.
837 4349 1015 4413 Antiq.
1052 4351 1143 4399 lib.
1169 4350 1202 4398 i.
1227 4364 1332 4413 cap.
1358 4350 1391 4398 i.
1481 4353 1686 4407 terram,
1705 4353 1757 4398 et
1777 4348 2008 4397 adoravit
2032 4347 2380 4397 beatissimum
2396 4346 2428 4394 J
2432 4361 2545 4395 oan-

333 4417 453 4463 sect.
478 4412 544 4477 9.]
1481 4428 1602 4462 nem
1638 4413 2168 4475 Papam.”—Anastas.
2207 4411 2448 4461 Biblioth.
2489 4413 2546 4461 in

397 4485 418 4509 1
514 4483 670 4529 erent.
696 4479 826 4529 Eun.
854 4478 916 4530 V.
942 4482 988 4532 8.
1014 4479 1086 4543 4.]
1482 4478 1591 4527 vita
1630 4477 1844 4527 Joannis
1884 4478 2270 4542 Papae—Cone.
2317 4483 2440 4528 tom.
2476 4478 2543 4525 iv.

397 4551 415 4573 ⁸
483 4543 670 4592 “Tunc
696 4543 933 4595 Justinus
967 4546 1231 4606 Angustus
1271 4543 1395 4593 dans
1483 4543 1575 4593 col.
1598 4544 1742 4592 1601.
1770 4543 1860 4607 Α.]
