3165 4959
720 311 846 374 176
1348 326 1434 372 AD
1479 324 1861 372 cummAms
1904 323 2301 372 nummum

782 480 857 529 At
878 480 983 541 nbi,
1006 494 1191 543 quaeso,
1214 480 1587 543 expositionem
1610 479 1757 529 illam
1779 483 1885 529 tam
1909 478 2188 539 incivilem,
2222 482 2276 528 et
2298 478 2686 529 inverecundam
2710 479 2767 529 in
2787 480 2924 530 libro

847 561 1144 611 Bellarmini
1167 561 1377 612 vidisti?
1441 561 1562 611 Non
1585 561 1745 624 igitur
1766 561 1874 624 ipse
1894 559 2096 610 affinxit
2115 575 2316 609 sensnm
2351 560 2499 609 illum
2525 559 2717 610 Christi
2740 561 2925 620 verbis,

848 679 862 693 .
898 679 911 692 .
950 681 962 694 .
994 643 1081 694 sed
1115 644 1363 708 interpres
1395 648 1528 704 tuus,
1561 659 1593 693 o
1626 643 1751 702 Rex,
1784 642 2093 693 Bellarmino
2126 656 2243 692 eum
2276 657 2477 691 sensum
2500 643 2611 692 sine
2632 642 2738 692 ulla
2758 644 2925 705 specie

847 724 1310 774 verisimilitudinis
1346 723 1787 788 affinxit—[Bell.
1814 724 1963 788 Apol.
1991 738 2083 787 pro
2116 723 2291 787 Resp]
2327 737 2375 786 p.
2403 726 2482 773 56.
2517 722 2656 786 [Op.,
2689 728 2811 773 tom.
2835 723 2926 773 vii.

847 805 941 853 col.
960 805 1070 856 736.
1096 805 1189 868 A.]

424 923 675 980 Quantam
808 902 1234 986 Nunquamne
1282 910 1498 967 autem
1533 902 1748 966 videat
1797 902 1938 985 quis
1986 902 2159 985 apud
2205 902 2696 979 Bellarminum,
2728 900 2923 965 verba

394 923 697 1165 ἐιῑὲῗξξὲω
721 1003 851 1084 illa,
882 1006 1084 1068 Pasce
1127 1025 1286 1084 oves,
1333 1027 1524 1069 sensu
1567 1005 1698 1084 illo,
1732 1005 1956 1068 abdica
1986 1005 2185 1088 Reyes
2205 1007 2235 1068 ?
2326 1005 2449 1069 Cui
2492 1005 2588 1068 rei
2634 1024 2789 1087 ergo
2832 1004 2921 1067 ibi

468 1115 632 1165 narmi
724 1115 875 1172 sunt
890 1110 920 1172 Ρ
968 1129 1272 1191 quorsum
1318 1109 1523 1187 affert,
1553 1108 1669 1173 ubi
1699 1107 1778 1172 de
1807 1114 2125 1191 potestate
2170 1109 2308 1191 ejus
2354 1106 2434 1170 ad
2482 1108 2693 1189 Reges
2739 1106 2920 1171 abdi-

392 1180 671 1307 fflffjm‘i
723 1210 960 1275 candos
1005 1211 1333 1295 quaeritur,
1366 1211 1422 1275 si
1449 1211 1572 1275 hoc
1601 1231 1795 1275 sensu
1824 1231 1958 1275 non
1989 1210 2212 1274 afferat
2237 1209 2265 1274 ἲ
2358 1209 2485 1274 Sed
2516 1231 2921 1292 nusquamne

720 1321 943 1377 tamen
985 1313 1199 1378 videat
1242 1313 1434 1397 quis?
1524 1314 1618 1377 At
1652 1311 1865 1376 videat
1900 1314 2230 1393 Principes
2268 1332 2408 1375 oves
2450 1331 2582 1374 esee
2599 1324 2647 1390 ¹1,
2682 1312 2922 1376 Videat

706 1437 993 1497 pascere,
1038 1418 1210 1500 reqio
1268 1437 1437 1480 more
1500 1418 1629 1498 imp
1637 1436 1818 1480 erare
1829 1425 1874 1478 ¹.
1975 1416 2187 1497 Reges
2247 1421 2467 1477 autem
2523 1414 2924 1498 proscribere

721 1525 1008 1602 possunt,
1070 1518 1203 1602 (ubi
1247 1519 1318 1582 id
1361 1519 1456 1581 ita
1504 1517 1807 1601 expedit)
1864 1525 1931 1581 et
1981 1517 2277 1581 abdicare
2325 1515 2638 1581 subditos.
2736 1517 2916 1581 Nus-

721 1642 999 1704 quamne
1028 1628 1235 1686 exstat
1264 1622 1387 1686 hoc
1417 1623 1488 1685 in
1516 1621 1697 1685 libris
1729 1623 1867 1704 ejus
1886 1622 1916 1684 Ρ
2006 1621 2099 1684 At
2128 1620 2238 1684 lib.
2273 1620 2353 1684 de
2384 1620 2627 1685 Pontis.
2659 1621 2744 1684 V.
2791 1620 2923 1685 tale

720 1726 910 1808 quid:
958 1726 1253 1808 Pontifici
1277 1725 1492 1788 datam
1505 1722 1883 1806 samdtatem
1913 1745 2147 1786 omnem
2166 1724 2425 1786 Pastori
2453 1725 2870 1787 neceesarium
2878 1734 2925 1789 ⁸.

719 1830 904 1892 Inter
936 1849 1043 1892 eas
1071 1849 1242 1907 ver0,
1275 1849 1417 1911 quae
1448 1828 1699 1893 Pastori
1729 1828 2103 1891 necessariae
2133 1833 2285 1891 sunt
2329 1827 2690 1905 facultateS,
2721 1827 2921 1891 facul-

717 1937 920 1994 tatem
951 1951 1092 1994 esse
1122 1931 1378 1994 arcendi
1401 1932 1595 2011 lupos,
1629 1930 1719 2012 (id
1748 1930 1869 2012 est)
1892 1931 2196 2011 privandi
2219 1930 2488 1992 dominio
2517 1930 2585 1993 in
2606 1929 2919 1993 subditos.-

715 2053 837 2096 nec
882 2035 1059 2114 lupos
1104 2033 1310 2097 solum
1359 2034 1636 2112 arcendi,
1670 2033 1786 2097 sed
1833 2042 1900 2096 et
1944 2036 2172 2097 arietes
2215 2034 2594 2110 recludendi,
2626 2041 2823 2116 atque
2853 2033 2920 2097 id

716 2134 912 2198 etiam
957 2141 1079 2212 est,
1123 2135 1340 2218 regnis
1383 2135 1695 2218 privandi.
1784 2136 2126 2218 Deponere‚
2163 2157 2286 2198 non
2330 2137 2615 2214 tolerare,
2655 2135 2924 2217 privare

716 2238 1006 2317 dominio,
1039 2245 1300 2302 exstant
1330 2238 1461 2302 ibi:
1509 2241 1744 2318 tollere,
1783 2239 2200 2319 proscribere,
2232 2239 2551 2315 abdicare,
2586 2238 2740 2321 quid
2771 2246 2923 2303 tan-

715 2339 864 2403 dem
922 2340 1193 2405 interest
1222 2342 1251 2404 ?
1360 2342 1626 2424 Reperit
1685 2362 1838 2424 ergo
1895 2362 2138 2404 semum
2190 2343 2351 2404 hunc
2409 2343 2478 2404 in
2535 2341 2713 2404 libris
2770 2345 2918 2421 tuis,

713 2443 1030 2526 Interpres
1056 2445 1248 2528 Regis
1277 2466 1312 2509 o
1342 2445 1744 2509 Bellarmine.
1835 2445 2046 2525 Certe,
2077 2446 2212 2509 eine
2260 2445 2462 2527 specie
2506 2446 2717 2529 aliqua
2762 2450 2918 2528 veri,

711 2548 1177 2611 similitudinem
1220 2569 1343 2611 non
1383 2549 1648 2632 affinxit.
1742 2547 2011 2612 Utinam
2040 2568 2189 2614 vero
2231 2554 2300 2612 te
2344 2570 2571 2612 sensus
2601 2549 2739 2632 ejus
2769 2558 2921 2614 tan-

714 2650 862 2714 dem
892 2650 1159 2734 puderet
1191 2652 1375 2715 seri0.

779 2786 961 2851 Neque
995 2823 1009 2837 .
1042 2824 1055 2838 .
1093 2825 1106 2837 .
1142 2787 1480 2839 Bellarminus
1502 2804 1724 2853 unquam
1748 2789 1951 2839 Patrem
1973 2789 2276 2840 Christianoe
2298 2788 2462 2853 plebis
2495 2826 2506 2839 .
2543 2772 2556 2839 .
2591 2825 2604 2839 .
2639 2789 2697 2839 in
2719 2789 2919 2854 Caligu-

842 2870 963 2929 lam,
979 2874 1068 2921 aut
1081 2869 1354 2932 Neronem,
1368 2875 1457 2922 ant
1472 2871 1775 2935 Dionysium
1794 2871 2159 2935 Syracusanum
2181 2870 2745 2937 eommutavit—[Bell.
2762 2873 2918 2937 Apol.

840 2965 934 3014 pro
956 2951 1125 3016 Resp]
1146 2966 1197 3015 p.
1219 2956 1296 3004 56.
1321 2953 1456 3017 [Op.,
1477 2958 1602 3004 tom.
1618 2954 1708 3003 vii.
1731 2954 1826 3003 col.
1843 2953 1953 3004 736.
1980 2952 2067 3017 A.]

386 3062 645 3128 [Pontifex
799 3050 910 3126 At,
945 3071 1137 3132 quam
1168 3050 1386 3115 subito
1414 3052 1593 3115 mitis
1620 3053 1634 3115 1
1689 3052 1950 3115 Patrem
1985 3053 2356 3115 Clm’etianoe
2388 3054 2608 3133 plebis,
2644 3054 2712 3116 in
2747 3055 2917 3118 Cali-

382 3130 569 3242 Jffiffl⁸
707 3151 939 3230 qulam,
971 3151 1300 3230 Neronem,
1333 3161 1445 3216 aut
1474 3154 1844 3234 Dionysium
1875 3156 2356 3236 Syracusanum,
2401 3176 2712 3237 nunquam
2752 3177 2917 3219 com..

383 3255 569 3319 pawn]
713 3255 995 3318 mutavit.
1066 3256 1199 3319 Cur
1219 3277 1392 3339 ergo,
1417 3277 1493 3320 eo
1521 3257 1683 3336 loco,
1704 3258 1935 3321 Patres
1957 3259 2327 3321 Christiane
2343 3258 2547 3339 plebis
2573 3269 2911 3339 memorat,

715 3356 1097 3440 Gregorium
1128 3357 1775 3437 V11„1nnocenti0s
1818 3362 1975 3438 III.,
2022 3369 2088 3425 et
2133 3362 2277 3439 IV„
2328 3362 2731 3426 Clementem
2764 3364 2913 3443 VI„

776 3510 797 3543 '³
834 3502 984 3568 [Bell.
1028 3503 1177 3568 Apol.
1224 3518 1316 3567 pro
1361 3503 1458 3553 Res
1496 3503 1537 3568 .]
1595 3519 1646 3568 p.
1687 3506 1767 3555 26.
1856 3508 2010 3554 testes
2052 3504 2241 3568 triplex
2266 3520 2281 3565 ;
2333 3505 2596 3565 nimirum,
2633 3504 2748 3555 Una
2780 3507 2916 3558 circa

714 3567 846 3633 [Op.,
881 3572 1002 3619 tom.
1026 3570 1112 3618 vii.
1147 3569 1239 3619 col.
1265 3571 1376 3620 719.
1403 3569 1462 3618 D.
1856 3568 2016 3632 lupos,
2038 3574 2098 3618 ut
2127 3584 2212 3618 eos
2243 3574 2410 3619 arceat
2433 3571 2574 3619 omni
2597 3572 2791 3619 ratione
2815 3587 2918 3634 qua

778 3633 1177 3697 ‘[Bell.]Reco
1249 3649 1300 3698 p.
1325 3636 1404 3684 21.
1442 3635 1510 3699 [p.
1535 3637 1579 3683 2.
1601 3633 1670 3684 Η.
1705 3633 1769 3685 ad
1855 3636 2058 3697 poterit.
2124 3634 2304 3683 Altera
2345 3635 2479 3684 circa
2523 3634 2719 3695 arietes,
2755 3641 2828 3691 ut,
2866 3638 2912 3686 si

712 3697 827 3747 init.
854 3698 965 3761 Op„
990 3703 1112 3748 tom.
1138 3649 1224 3762 if
1857 3698 2056 3761 quando
2078 3699 2313 3748 cornibus
2335 3698 2526 3748 laedant
2545 3713 2769 3761 gregem,
2800 3716 2914 3764 pos-

780 3762 887 3828 ·[“
911 3763 1081 3813 Tertia
1119 3764 1265 3824 ratio,
1302 3777 1408 3813 non
1451 3763 1572 3813 licet
1606 3764 1770 3814 Chris·
1856 3765 1926 3811 sit
1963 3777 2048 3812 eos
2090 3762 2361 3822 recludere,
2414 3767 2468 3812 et
2557 3763 2799 3823 rohibere,
2846 3779 2915 3814 ne

712 3828 868 3877 tianis
901 3828 1113 3878 tolerare
1147 3828 1334 3891 Regem
1373 3828 1647 3888 infidelem,
1680 3832 1770 3877 aut
1854 3841 2061 3889 gregem
2110 3827 2324 3876 ulterius
2357 3843 2391 3891 p
2554 3833 2656 3877 ant.
2693 3864 2706 3877 .
2741 3864 2754 3877 .
2789 3865 2802 3877 .
2839 3866 2851 3876 .

711 3891 1024 3941 hoereticum.
1059 3929 1071 3941 .
1156 3893 1279 3941 .At
1302 3893 1547 3956 judicare,
1569 3908 1636 3942 an
1660 3893 1766 3942 Rex
1853 3891 1908 3941 Si
1942 3907 2062 3953 ergo
2098 3891 2339 3955 Princeps
2371 3892 2557 3955 aliquis
2596 3907 2659 3941 ex
2692 3907 2783 3942 ove
2819 3898 2915 3943 aut

713 3955 973 4020 pertrahat
992 3957 1055 4005 ad
1078 3956 1327 4017 haeresim,
1348 3973 1519 4018 necne,
1546 3958 1768 4020 pertinet
1851 3957 2006 4006 ariete
2040 3956 2130 4005 fiat
2153 3957 2316 4019 lupus,
2340 3956 2395 4006 id
2417 3961 2509 4015 est,
2530 3971 2595 4006 ex
2620 3957 2914 4008 Christiano

713 4020 780 4070 ad
806 4020 1101 4071 Pontificem
1105 4057 1313 4072 .....
1350 4022 1482 4084 Ergo
1506 3996 1767 4072 'Pontificis
1850 4021 1942 4069 fiat
1964 4020 2244 4081 haereticus,
2267 4022 2456 4083 poterit
2476 4026 2646 4084 pastor
2667 4020 2910 4072 Ecclesiae

715 4090 793 4134 est
806 4085 1035 4149 judicare
1059 4086 1246 4147 Regem
1268 4100 1374 4136 esse
1394 4085 1764 4150 deponendum,
1849 4100 1965 4134 enm
1999 4100 2166 4135 arcere
2200 4100 2290 4148 per
2321 4086 2911 4147 excommunicationem,

715 4150 795 4199 vol
838 4164 942 4200 non
987 4150 1338 4214 deponendum
1341 4183 1546 4201 .....
1850 4154 1904 4199 et
1945 4151 2099 4199 simul
2132 4149 2312 4213 jubere
2344 4151 2544 4213 populo,
2585 4163 2650 4198 ne
2687 4164 2803 4199 enm
2838 4165 2914 4199 se-

782 4214 972 4272 Qninta
1014 4216 1158 4275 ratio,
1204 4214 1330 4264 Cum
1377 4214 1526 4265 Petro
1567 4214 1763 4264 dictum
1886 4220 2084 4275 uantur,
2147 4229 2205 4263 ac
2305 4215 2482 4264 roinde
2536 4214 2733 4277 privare
2787 4230 2909 4264 eum

714 4284 807 4339 est,
844 4279 1009 4329 Pasce
1043 4294 1168 4339 ovea,
1222 4279 1365 4329 Joan.
1401 4280 1493 4328 ult.
1536 4279 1602 4344 [v.
1643 4282 1718 4328 16.
1722 4278 1761 4342 ])
1886 4280 2077 4329 ominio
2093 4229 2404 4329 insubditos.
2441 4279 2805 4329 Alterumvero
2821 4281 2910 4339 sit,

713 4343 833 4392 data
868 4348 944 4393 eet
977 4343 1057 4393 illi
1096 4344 1205 4393 secu
1231 4350 1307 4393 tas
1340 4344 1519 4403 omnis,
1541 4359 1656 4406 quae
1689 4349 1766 4393 est
1886 4348 2017 4393 otest
2048 4349 2232 4408 pastor,
2256 4344 2370 4393 διώ·
2397 4348 2456 4393 ut
2490 4358 2653 4406 supra,
2675 4348 2782 4392 not.
2800 4342 2911 4392 ¹¹.--

711 4409 900 4467 pastori
946 4410 1222 4457 necessaria
1270 4407 1333 4457 sd
1382 4423 1588 4470 gregem
1627 4414 1764 4457 tuen·
1898 4409 1977 4457 ell.
2014 4408 2076 4457 de
2108 4408 2249 4457 Rom.
2287 4408 2472 4457 Pontis.
2501 4408 2590 4457 lib.
2628 4407 2694 4471 ι]
2729 4423 2833 4471 cap.
2862 4410 2909 4459 7.

710 4470 848 4519 dum.
916 4472 989 4520 At
1032 4473 1220 4534 pastori
1263 4474 1538 4522 necessaria
1575 4478 1652 4522 est
1684 4488 1766 4536 po·
1853 4473 1983 4536 [Op.,
2003 4478 2125 4522 tom.
2144 4474 2179 4521 i.
2199 4488 2287 4537 pp.
2305 4475 2415 4524 235.
2442 4471 2624 4522 F.236.
2645 4474 2706 4522 A.
2729 4472 2814 4535 B.]
