<?xml version="1.0" encoding="UTF-8"?>
<!DOCTYPE html PUBLIC "-//W3C//DTD XHTML 1.0 Transitional//EN"
    "http://www.w3.org/TR/xhtml1/DTD/xhtml1-transitional.dtd">
<html xmlns="http://www.w3.org/1999/xhtml" xml:lang="en" lang="en">
 <head>
  <title>
</title>
<meta http-equiv="Content-Type" content="text/html;charset=utf-8" />
  <meta name='ocr-system' content='tesseract 3.04.00' />
  <meta name='ocr-capabilities' content='ocr_page ocr_carea ocr_par ocr_line ocrx_word'/>
</head>
<body>
  <div class='ocr_page' id='page_1' title='image "./responsioadapol01andrgoog_0211.png"; bbox 0 0 3165 4959; ppageno 0'>
   <div class='ocr_carea' id='block_1_1' title="bbox 969 336 2468 399">
    <p class='ocr_par' dir='ltr' id='par_1_1' title="bbox 969 336 2468 399">
     <span class='ocr_line' id='line_1_1' title="bbox 969 336 2468 399; baseline 0.004 -8"><span class='ocrx_word' id='word_1_1' title='bbox 969 343 1335 392; x_wconf 66' lang='lat' dir='ltr'><strong>stomoma</strong></span> <span class='ocrx_word' id='word_1_2' title='bbox 1378 344 1743 393; x_wconf 68' lang='lat' dir='ltr'><strong>nssronslo.</strong></span> <span class='ocrx_word' id='word_1_3' title='bbox 2345 336 2468 399; x_wconf 86' lang='lat'><strong>175</strong></span> 
     </span>
    </p>
   </div>
   <div class='ocr_carea' id='block_1_2' title="bbox 251 496 2469 1302">
    <p class='ocr_par' dir='ltr' id='par_1_2' title="bbox 251 496 2469 1302">
     <span class='ocr_line' id='line_1_2' title="bbox 263 496 2461 585; baseline 0.002 -23"><span class='ocrx_word' id='word_1_4' title='bbox 263 499 449 582; x_wconf 89' lang='lat' dir='ltr'><strong>(puta</strong></span> <span class='ocrx_word' id='word_1_5' title='bbox 477 499 846 581; x_wconf 54' lang='lat' dir='ltr'><strong>carcerem)</strong></span> <span class='ocrx_word' id='word_1_6' title='bbox 883 499 994 563; x_wconf 89' lang='lat' dir='ltr'><strong>sed</strong></span> <span class='ocrx_word' id='word_1_7' title='bbox 1035 499 1319 564; x_wconf 83' lang='lat' dir='ltr'><strong>excludit</strong></span> <span class='ocrx_word' id='word_1_8' title='bbox 1361 496 1582 584; x_wconf 81' lang='lat' dir='ltr'><strong>regno.</strong></span> <span class='ocrx_word' id='word_1_9' title='bbox 1672 501 1830 565; x_wconf 88' lang='lat' dir='ltr'><strong>Non</strong></span> <span class='ocrx_word' id='word_1_10' title='bbox 1867 522 2021 585; x_wconf 85' lang='lat' dir='ltr'><strong>ergo</strong></span> <span class='ocrx_word' id='word_1_11' title='bbox 2049 504 2215 566; x_wconf 76' lang='lat' dir='ltr'><strong>solos</strong></span> <span class='ocrx_word' id='word_1_12' title='bbox 2242 504 2461 567; x_wconf 84' lang='lat' dir='ltr'><strong>Hoere-</strong></span> 
     </span>
     <span class='ocr_line' id='line_1_3' title="bbox 258 603 2466 687; baseline 0.002 -22"><span class='ocrx_word' id='word_1_13' title='bbox 258 604 435 666; x_wconf 73' lang='lat' dir='ltr'><strong>ticos.</strong></span> <span class='ocrx_word' id='word_1_14' title='bbox 529 605 593 666; x_wconf 85' lang='lat'><strong>2.</strong></span> <span class='ocrx_word' id='word_1_15' title='bbox 668 603 762 666; x_wconf 89' lang='lat' dir='ltr'><strong>At</strong></span> <span class='ocrx_word' id='word_1_16' title='bbox 820 609 887 666; x_wconf 93' lang='lat' dir='ltr'><strong>et</strong></span> <span class='ocrx_word' id='word_1_17' title='bbox 945 603 1301 687; x_wconf 88' lang='lat' dir='ltr'><strong>reperietur</strong></span> <span class='ocrx_word' id='word_1_18' title='bbox 1360 604 1556 667; x_wconf 88' lang='lat' dir='ltr'><strong>etiam</strong></span> <span class='ocrx_word' id='word_1_19' title='bbox 1609 604 1782 687; x_wconf 87' lang='lat' dir='ltr'><strong>apud</strong></span> <span class='ocrx_word' id='word_1_20' title='bbox 1855 625 2022 685; x_wconf 89' lang='lat' dir='ltr'><strong>eum,</strong></span> <span class='ocrx_word' id='word_1_21' title='bbox 2098 606 2466 685; x_wconf 83' lang='lat' dir='ltr'><strong>mulctatos,</strong></span> 
     </span>
     <span class='ocr_line' id='line_1_4' title="bbox 254 705 2469 795; baseline 0.002 -24"><span class='ocrx_word' id='word_1_22' title='bbox 254 705 701 771; x_wconf 80' lang='lat' dir='ltr'>childericum</span> <span class='ocrx_word' id='word_1_23' title='bbox 742 727 946 789; x_wconf 87' lang='lat' dir='ltr'><strong>regno</strong></span> <span class='ocrx_word' id='word_1_24' title='bbox 981 706 1229 786; x_wconf 73' lang='lat' dir='ltr'><strong>Galliae,</strong></span> <span class='ocrx_word' id='word_1_25' title='bbox 1262 707 1527 771; x_wconf 89' lang='lat' dir='ltr'><strong>Irenem</strong></span> <span class='ocrx_word' id='word_1_26' title='bbox 1556 713 1623 771; x_wconf 92' lang='lat' dir='ltr'><strong>et</strong></span> <span class='ocrx_word' id='word_1_27' title='bbox 1653 708 2156 773; x_wconf 87' lang='lat' dir='ltr'><strong>Constantinum</strong></span> <span class='ocrx_word' id='word_1_28' title='bbox 2186 711 2469 795; x_wconf 90' lang='lat' dir='ltr'><strong>Imperio</strong></span> 
     </span>
     <span class='ocr_line' id='line_1_5' title="bbox 252 803 2465 891; baseline 0.002 -19"><span class='ocrx_word' id='word_1_29' title='bbox 252 803 632 872; x_wconf 83' lang='lat' dir='ltr'><strong>Occidentis</strong></span> <span class='ocrx_word' id='word_1_30' title='bbox 646 816 717 885; x_wconf 56' lang='grc' dir='ltr'><strong>Ὦ,</strong></span> <span class='ocrx_word' id='word_1_31' title='bbox 751 808 981 891; x_wconf 86' lang='lat' dir='ltr'><strong>quibus</strong></span> <span class='ocrx_word' id='word_1_32' title='bbox 1024 817 1185 873; x_wconf 87' lang='lat' dir='ltr'><strong>nota</strong></span> <span class='ocrx_word' id='word_1_33' title='bbox 1228 816 1449 874; x_wconf 84' lang='lat' dir='ltr'><strong>tamen</strong></span> <span class='ocrx_word' id='word_1_34' title='bbox 1494 810 1678 874; x_wconf 88' lang='lat' dir='ltr'><strong>nulla</strong></span> <span class='ocrx_word' id='word_1_35' title='bbox 1715 811 2044 876; x_wconf 77' lang='lat' dir='ltr'><strong>haeresems</strong></span> <span class='ocrx_word' id='word_1_36' title='bbox 2087 813 2308 876; x_wconf 86' lang='lat' dir='ltr'><strong>inusta</strong></span> <span class='ocrx_word' id='word_1_37' title='bbox 2347 821 2465 877; x_wconf 89' lang='lat' dir='ltr'><strong>est.</strong></span> 
     </span>
     <span class='ocr_line' id='line_1_6' title="bbox 252 911 2467 999; baseline 0.003 -25"><span class='ocrx_word' id='word_1_38' title='bbox 252 911 415 974; x_wconf 91' lang='lat' dir='ltr'><strong>Non</strong></span> <span class='ocrx_word' id='word_1_39' title='bbox 454 911 801 974; x_wconf 80' lang='lat' dir='ltr'><strong>Hoereticos</strong></span> <span class='ocrx_word' id='word_1_40' title='bbox 830 932 982 995; x_wconf 88' lang='lat' dir='ltr'><strong>ergo</strong></span> <span class='ocrx_word' id='word_1_41' title='bbox 1010 913 1195 975; x_wconf 70' lang='lat' dir='ltr'><strong>soloe.</strong></span> <span class='ocrx_word' id='word_1_42' title='bbox 1286 915 1349 976; x_wconf 85' lang='lat'><strong>3.</strong></span> <span class='ocrx_word' id='word_1_43' title='bbox 1394 912 1614 976; x_wconf 88' lang='lat' dir='ltr'><strong>Etiam</strong></span> <span class='ocrx_word' id='word_1_44' title='bbox 1643 913 1775 977; x_wconf 85' lang='lat' dir='ltr'><strong>tale</strong></span> <span class='ocrx_word' id='word_1_45' title='bbox 1805 913 2049 996; x_wconf 85' lang='lat' dir='ltr'><strong>aliquid</strong></span> <span class='ocrx_word' id='word_1_46' title='bbox 2088 916 2467 999; x_wconf 89' lang='lat' dir='ltr'><strong>reperietur,</strong></span> 
     </span>
     <span class='ocr_line' id='line_1_7' title="bbox 252 1012 2466 1100; baseline 0.004 -25"><span class='ocrx_word' id='word_1_47' title='bbox 252 1012 600 1095; x_wconf 67' lang='lat' dir='ltr'><strong>Pontifices</strong></span> <span class='ocrx_word' id='word_1_48' title='bbox 628 1015 819 1076; x_wconf 82' lang='lat' dir='ltr'><strong>etiam</strong></span> <span class='ocrx_word' id='word_1_49' title='bbox 846 1015 981 1077; x_wconf 77' lang='lat' dir='ltr'><strong>sine</strong></span> <span class='ocrx_word' id='word_1_50' title='bbox 1002 1016 1634 1079; x_wconf 71' lang='lat' dir='ltr'><strong>excommunicatione</strong></span> <span class='ocrx_word' id='word_1_51' title='bbox 1664 1016 1740 1080; x_wconf 84' lang='lat' dir='ltr'><strong>de</strong></span> <span class='ocrx_word' id='word_1_52' title='bbox 1768 1017 2229 1098; x_wconf 73' lang='lat' dir='ltr'><strong>Temporalibus</strong></span> <span class='ocrx_word' id='word_1_53' title='bbox 2258 1020 2466 1100; x_wconf 74' lang='lat' dir='ltr'><strong>dispo-</strong></span> 
     </span>
     <span class='ocr_line' id='line_1_8' title="bbox 251 1117 2468 1204; baseline 0.004 -26"><span class='ocrx_word' id='word_1_54' title='bbox 251 1122 514 1179; x_wconf 74' lang='lat' dir='ltr'><strong>suemnt</strong></span> <span class='ocrx_word' id='word_1_55' title='bbox 532 1126 563 1155; x_wconf 84' lang='lat'><strong>¹²</strong></span> <span class='ocrx_word' id='word_1_56' title='bbox 582 1141 606 1190; x_wconf 85' lang='lat'><strong>‚-</strong></span> <span class='ocrx_word' id='word_1_57' title='bbox 649 1117 788 1181; x_wconf 88' lang='lat' dir='ltr'><strong>sine</strong></span> <span class='ocrx_word' id='word_1_58' title='bbox 835 1117 1065 1181; x_wconf 85' lang='lat' dir='ltr'><strong>haeresi</strong></span> <span class='ocrx_word' id='word_1_59' title='bbox 1111 1138 1284 1201; x_wconf 85' lang='lat' dir='ltr'><strong>erg0,</strong></span> <span class='ocrx_word' id='word_1_60' title='bbox 1335 1139 1528 1200; x_wconf 90' lang='lat' dir='ltr'><strong>quam</strong></span> <span class='ocrx_word' id='word_1_61' title='bbox 1588 1119 1864 1183; x_wconf 74' lang='lat' dir='ltr'><strong>Censura</strong></span> <span class='ocrx_word' id='word_1_62' title='bbox 1912 1120 2219 1204; x_wconf 90' lang='lat' dir='ltr'><strong>sequitur.</strong></span> <span class='ocrx_word' id='word_1_63' title='bbox 2311 1122 2468 1186; x_wconf 89' lang='lat' dir='ltr'><strong>Non</strong></span> 
     </span>
     <span class='ocr_line' id='line_1_9' title="bbox 253 1218 1659 1302; baseline 0.004 -21"><span class='ocrx_word' id='word_1_64' title='bbox 253 1220 412 1282; x_wconf 79' lang='lat' dir='ltr'><strong>soli-s</strong></span> <span class='ocrx_word' id='word_1_65' title='bbox 439 1218 641 1302; x_wconf 85' lang='lat' dir='ltr'><strong>igitur</strong></span> <span class='ocrx_word' id='word_1_66' title='bbox 669 1219 1005 1283; x_wconf 77' lang='lat' dir='ltr'><strong>Hoereticis</strong></span> <span class='ocrx_word' id='word_1_67' title='bbox 1032 1220 1308 1285; x_wconf 86' lang='lat' dir='ltr'><strong>infestus</strong></span> <span class='ocrx_word' id='word_1_68' title='bbox 1339 1220 1659 1286; x_wconf 81' lang='lat' dir='ltr'><strong>Pontifex.</strong></span> 
     </span>
    </p>
   </div>
   <div class='ocr_carea' id='block_1_3' title="bbox 349 1321 2782 1408">
    <p class='ocr_par' dir='ltr' id='par_1_3' title="bbox 349 1321 2782 1408">
     <span class='ocr_line' id='line_1_10' title="bbox 349 1321 2782 1408; baseline 0 -22"><span class='ocrx_word' id='word_1_69' title='bbox 349 1321 481 1386; x_wconf 88' lang='lat' dir='ltr'><strong>Sed</strong></span> <span class='ocrx_word' id='word_1_70' title='bbox 540 1321 641 1397; x_wconf 89' lang='lat' dir='ltr'><strong>da,</strong></span> <span class='ocrx_word' id='word_1_71' title='bbox 701 1323 804 1387; x_wconf 85' lang='lat' dir='ltr'><strong>vel</strong></span> <span class='ocrx_word' id='word_1_72' title='bbox 859 1325 1049 1398; x_wconf 75' lang='lat' dir='ltr'><strong>solis,</strong></span> <span class='ocrx_word' id='word_1_73' title='bbox 1040 1350 1054 1364; x_wconf 94' lang='lat'><strong>·</strong></span> <span class='ocrx_word' id='word_1_74' title='bbox 1129 1324 1487 1408; x_wconf 72' lang='lat' dir='ltr'><strong>praestigias</strong></span> <span class='ocrx_word' id='word_1_75' title='bbox 1545 1331 1770 1388; x_wconf 89' lang='lat' dir='ltr'><strong>tamen</strong></span> <span class='ocrx_word' id='word_1_76' title='bbox 1822 1325 1915 1391; x_wconf 91' lang='lat' dir='ltr'><strong>sic</strong></span> <span class='ocrx_word' id='word_1_77' title='bbox 1971 1324 2128 1390; x_wconf 86' lang='lat' dir='ltr'><strong>facit</strong></span> <span class='ocrx_word' id='word_1_78' title='bbox 2185 1327 2464 1391; x_wconf 87' lang='lat' dir='ltr'><strong>Lectori.</strong></span> <span class='ocrx_word' id='word_1_79' title='bbox 2497 1338 2661 1403; x_wconf 62' lang='lat' dir='ltr'><strong>[Papa</strong></span> <span class='ocrx_word' id='word_1_80' title='bbox 2681 1338 2782 1388; x_wconf 77' lang='lat' dir='ltr'><strong>hae-</strong></span> 
     </span>
    </p>
   </div>
   <div class='ocr_carea' id='block_1_4' title="bbox 254 1424 2466 1511">
    <p class='ocr_par' dir='ltr' id='par_1_4' title="bbox 254 1424 2466 1511">
     <span class='ocr_line' id='line_1_11' title="bbox 254 1424 2466 1511; baseline 0.003 -23"><span class='ocrx_word' id='word_1_81' title='bbox 254 1424 509 1489; x_wconf 84' lang='lat' dir='ltr'><strong>Eodem</strong></span> <span class='ocrx_word' id='word_1_82' title='bbox 554 1424 730 1489; x_wconf 88' lang='lat' dir='ltr'><strong>enim</strong></span> <span class='ocrx_word' id='word_1_83' title='bbox 778 1447 884 1490; x_wconf 85' lang='lat' dir='ltr'><strong>res</strong></span> <span class='ocrx_word' id='word_1_84' title='bbox 930 1427 1117 1491; x_wconf 85' lang='lat' dir='ltr'><strong>redit.</strong></span> <span class='ocrx_word' id='word_1_85' title='bbox 1214 1426 1613 1511; x_wconf 90' lang='lat' dir='ltr'><strong>Compendio</strong></span> <span class='ocrx_word' id='word_1_86' title='bbox 1661 1428 1887 1493; x_wconf 84' lang='lat' dir='ltr'><strong>Romae</strong></span> <span class='ocrx_word' id='word_1_87' title='bbox 1935 1429 2103 1493; x_wconf 90' lang='lat' dir='ltr'><strong>fiunt</strong></span> <span class='ocrx_word' id='word_1_88' title='bbox 2144 1430 2466 1494; x_wconf 63' lang='lat' dir='ltr'><strong>Haeretici.</strong></span> 
     </span>
    </p>
   </div>
   <div class='ocr_carea' id='block_1_5' title="bbox 2493 1418 2689 1517">
    <p class='ocr_par' dir='ltr' id='par_1_5' title="bbox 2493 1418 2689 1517">
     <span class='ocr_line' id='line_1_12' title="bbox 2493 1418 2689 1466; baseline -0.006 -12"><span class='ocrx_word' id='word_1_89' title='bbox 2493 1418 2689 1466; x_wconf 71' lang='lat' dir='ltr'><strong>mssa-s</strong></span> 
     </span>
     <span class='ocr_line' id='line_1_13' title="bbox 2494 1471 2669 1517; baseline 0 0"><span class='ocrx_word' id='word_1_90' title='bbox 2494 1471 2669 1517; x_wconf 81' lang='lat' dir='ltr'><strong>notam</strong></span> 
     </span>
    </p>
   </div>
   <div class='ocr_carea' id='block_1_6' title="bbox 259 1527 2724 1611">
    <p class='ocr_par' dir='ltr' id='par_1_6' title="bbox 259 1527 2724 1611">
     <span class='ocr_line' id='line_1_14' title="bbox 259 1527 2724 1611; baseline 0 -17"><span class='ocrx_word' id='word_1_91' title='bbox 259 1528 502 1594; x_wconf 79' lang='lat' dir='ltr'><strong>Quaero</strong></span> <span class='ocrx_word' id='word_1_92' title='bbox 532 1527 871 1592; x_wconf 89' lang='lat' dir='ltr'><strong>eni1n.lis</strong></span> <span class='ocrx_word' id='word_1_93' title='bbox 898 1529 1129 1594; x_wconf 85' lang='lat' dir='ltr'><strong>incidit</strong></span> <span class='ocrx_word' id='word_1_94' title='bbox 1158 1530 1480 1610; x_wconf 90' lang='lat' dir='ltr'><strong>Pontifici,</strong></span> <span class='ocrx_word' id='word_1_95' title='bbox 1514 1551 1664 1595; x_wconf 89' lang='lat' dir='ltr'><strong>cum</strong></span> <span class='ocrx_word' id='word_1_96' title='bbox 1707 1530 1831 1596; x_wconf 90' lang='lat' dir='ltr'><strong>hoc</strong></span> <span class='ocrx_word' id='word_1_97' title='bbox 1872 1531 2222 1611; x_wconf 89' lang='lat' dir='ltr'><strong>interdum,</strong></span> <span class='ocrx_word' id='word_1_98' title='bbox 2268 1532 2467 1597; x_wconf 90' lang='lat' dir='ltr'><strong>inter-</strong></span> <span class='ocrx_word' id='word_1_99' title='bbox 2494 1547 2626 1595; x_wconf 79' lang='lat' dir='ltr'><strong>saepe</strong></span> <span class='ocrx_word' id='word_1_100' title='bbox 2650 1533 2724 1581; x_wconf 86' lang='lat' dir='ltr'><strong>in-</strong></span> 
     </span>
    </p>
   </div>
   <div class='ocr_carea' id='block_1_7' title="bbox 2485 1597 2787 1660">
    <p class='ocr_par' dir='ltr' id='par_1_7' title="bbox 2485 1597 2787 1660">
     <span class='ocr_line' id='line_1_15' title="bbox 2485 1597 2787 1660; baseline 0 -14"><span class='ocrx_word' id='word_1_101' title='bbox 2485 1597 2624 1660; x_wconf 79' lang='lat' dir='ltr'><strong>juste</strong></span> <span class='ocrx_word' id='word_1_102' title='bbox 2640 1597 2787 1647; x_wconf 47' lang='lat' dir='ltr'><strong>affin*</strong></span> 
     </span>
    </p>
   </div>
   <div class='ocr_carea' id='block_1_8' title="bbox 256 1629 2615 1725">
    <p class='ocr_par' dir='ltr' id='par_1_8' title="bbox 256 1629 2615 1725">
     <span class='ocr_line' id='line_1_16' title="bbox 256 1629 2615 1725; baseline 0.004 -33"><span class='ocrx_word' id='word_1_103' title='bbox 256 1629 420 1693; x_wconf 89' lang='lat' dir='ltr'><strong>dum</strong></span> <span class='ocrx_word' id='word_1_104' title='bbox 464 1651 620 1694; x_wconf 89' lang='lat' dir='ltr'><strong>cum</strong></span> <span class='ocrx_word' id='word_1_105' title='bbox 671 1630 785 1695; x_wconf 90' lang='lat' dir='ltr'><strong>illo</strong></span> <span class='ocrx_word' id='word_1_106' title='bbox 830 1631 1129 1716; x_wconf 80' lang='lat' dir='ltr'><strong>Principe</strong></span> <span class='ocrx_word' id='word_1_107' title='bbox 1178 1632 1594 1697; x_wconf 86' lang='lat' dir='ltr'><strong>Christiano:</strong></span> <span class='ocrx_word' id='word_1_108' title='bbox 1671 1654 2006 1717; x_wconf 79' lang='lat' dir='ltr'><strong>semperne</strong></span> <span class='ocrx_word' id='word_1_109' title='bbox 2055 1636 2236 1719; x_wconf 85' lang='lat' dir='ltr'><strong>justa</strong></span> <span class='ocrx_word' id='word_1_110' title='bbox 2281 1657 2472 1700; x_wconf 85' lang='lat' dir='ltr'><strong>causa</strong></span> <span class='ocrx_word' id='word_1_111' title='bbox 2493 1661 2615 1725; x_wconf 57' lang='lat' dir='ltr'><strong>git]</strong></span> 
     </span>
    </p>
   </div>
   <div class='ocr_carea' id='block_1_9' title="bbox 247 1732 2470 3359">
    <p class='ocr_par' dir='ltr' id='par_1_9' title="bbox 247 1732 2470 3359">
     <span class='ocr_line' id='line_1_17' title="bbox 259 1732 2470 1821; baseline 0.004 -26"><span class='ocrx_word' id='word_1_112' title='bbox 259 1732 595 1796; x_wconf 89' lang='lat' dir='ltr'><strong>Pontificis</strong></span> <span class='ocrx_word' id='word_1_113' title='bbox 612 1735 642 1796; x_wconf 87' lang='lat'><strong>?</strong></span> <span class='ocrx_word' id='word_1_114' title='bbox 731 1733 840 1798; x_wconf 90' lang='lat' dir='ltr'><strong>Ne</strong></span> <span class='ocrx_word' id='word_1_115' title='bbox 868 1754 981 1798; x_wconf 88' lang='lat' dir='ltr'><strong>vos</strong></span> <span class='ocrx_word' id='word_1_116' title='bbox 1027 1735 1289 1818; x_wconf 89' lang='lat' dir='ltr'><strong>quidem</strong></span> <span class='ocrx_word' id='word_1_117' title='bbox 1334 1735 1455 1819; x_wconf 89' lang='lat' dir='ltr'><strong>ipsi</strong></span> <span class='ocrx_word' id='word_1_118' title='bbox 1499 1736 1728 1800; x_wconf 88' lang='lat' dir='ltr'><strong>dicitis.</strong></span> <span class='ocrx_word' id='word_1_119' title='bbox 1818 1737 2092 1802; x_wconf 87' lang='lat' dir='ltr'><strong>Peccare</strong></span> <span class='ocrx_word' id='word_1_120' title='bbox 2136 1745 2369 1821; x_wconf 90' lang='lat' dir='ltr'><strong>potest,</strong></span> <span class='ocrx_word' id='word_1_121' title='bbox 2403 1747 2470 1804; x_wconf 92' lang='lat' dir='ltr'><strong>et</strong></span> 
     </span>
     <span class='ocr_line' id='line_1_18' title="bbox 257 1834 2467 1926; baseline 0.004 -28"><span class='ocrx_word' id='word_1_122' title='bbox 257 1834 444 1898; x_wconf 86' lang='lat' dir='ltr'><strong>litem</strong></span> <span class='ocrx_word' id='word_1_123' title='bbox 476 1835 787 1919; x_wconf 84' lang='lat' dir='ltr'><strong>injustam</strong></span> <span class='ocrx_word' id='word_1_124' title='bbox 814 1836 1049 1903; x_wconf 85' lang='lat' dir='ltr'><strong>fovere.</strong></span> <span class='ocrx_word' id='word_1_125' title='bbox 1141 1838 1412 1902; x_wconf 85' lang='lat' dir='ltr'><strong>Factum</strong></span> <span class='ocrx_word' id='word_1_126' title='bbox 1440 1839 1753 1903; x_wconf 87' lang='lat' dir='ltr'><strong>memoria</strong></span> <span class='ocrx_word' id='word_1_127' title='bbox 1789 1847 2014 1918; x_wconf 86' lang='lat' dir='ltr'><strong>nostra</strong></span> <span class='ocrx_word' id='word_1_128' title='bbox 2044 1861 2231 1924; x_wconf 75' lang='lat' dir='ltr'><strong>saepe,</strong></span> <span class='ocrx_word' id='word_1_129' title='bbox 2262 1844 2467 1926; x_wconf 89' lang='lat' dir='ltr'><strong>majo-</strong></span> 
     </span>
     <span class='ocr_line' id='line_1_19' title="bbox 256 1938 2469 2022; baseline 0.004 -22"><span class='ocrx_word' id='word_1_130' title='bbox 256 1958 429 2015; x_wconf 89' lang='lat' dir='ltr'><strong>rum,</strong></span> <span class='ocrx_word' id='word_1_131' title='bbox 483 1938 868 2022; x_wconf 87' lang='lat' dir='ltr'><strong>saepissime:</strong></span> <span class='ocrx_word' id='word_1_132' title='bbox 935 1940 977 2003; x_wconf 88' lang='lat' dir='ltr'><strong>J</strong></span> <span class='ocrx_word' id='word_1_133' title='bbox 980 1961 1105 2017; x_wconf 88' lang='lat' dir='ltr'><strong>am,</strong></span> <span class='ocrx_word' id='word_1_134' title='bbox 1157 1940 1459 2005; x_wconf 89' lang='lat' dir='ltr'><strong>nullusne</strong></span> <span class='ocrx_word' id='word_1_135' title='bbox 1509 1941 1580 2005; x_wconf 92' lang='lat' dir='ltr'><strong>in</strong></span> <span class='ocrx_word' id='word_1_136' title='bbox 1624 1941 2011 2006; x_wconf 85' lang='lat' dir='ltr'><strong>Pontificum</strong></span> <span class='ocrx_word' id='word_1_137' title='bbox 2065 1943 2228 2007; x_wconf 90' lang='lat' dir='ltr'><strong>serie</strong></span> <span class='ocrx_word' id='word_1_138' title='bbox 2274 1944 2469 2008; x_wconf 89' lang='lat' dir='ltr'><strong>homo</strong></span> 
     </span>
     <span class='ocr_line' id='line_1_20' title="bbox 259 2039 2465 2124; baseline 0.003 -21"><span class='ocrx_word' id='word_1_139' title='bbox 259 2039 683 2104; x_wconf 81' lang='lat' dir='ltr'><strong>cerebrosus?</strong></span> <span class='ocrx_word' id='word_1_140' title='bbox 774 2041 1061 2124; x_wconf 89' lang='lat' dir='ltr'><strong>AEquine</strong></span> <span class='ocrx_word' id='word_1_141' title='bbox 1091 2050 1157 2106; x_wconf 91' lang='lat' dir='ltr'><strong>et</strong></span> <span class='ocrx_word' id='word_1_142' title='bbox 1185 2042 1501 2107; x_wconf 89' lang='lat' dir='ltr'><strong>moderati</strong></span> <span class='ocrx_word' id='word_1_143' title='bbox 1531 2043 1614 2106; x_wconf 89' lang='lat' dir='ltr'><strong>ad</strong></span> <span class='ocrx_word' id='word_1_144' title='bbox 1642 2064 1849 2107; x_wconf 91' lang='lat' dir='ltr'><strong>unum</strong></span> <span class='ocrx_word' id='word_1_145' title='bbox 1878 2047 2153 2109; x_wconf 82' lang='lat' dir='ltr'><strong>omnes?</strong></span> <span class='ocrx_word' id='word_1_146' title='bbox 2243 2046 2465 2110; x_wconf 86' lang='lat' dir='ltr'><strong>Nimis</strong></span> 
     </span>
     <span class='ocr_line' id='line_1_21' title="bbox 256 2142 2465 2230; baseline 0.004 -25"><span class='ocrx_word' id='word_1_147' title='bbox 256 2142 331 2206; x_wconf 90' lang='lat' dir='ltr'><strong>in</strong></span> <span class='ocrx_word' id='word_1_148' title='bbox 391 2150 613 2226; x_wconf 83' lang='lat' dir='ltr'><strong>aperto</strong></span> <span class='ocrx_word' id='word_1_149' title='bbox 668 2164 792 2209; x_wconf 90' lang='lat' dir='ltr'><strong>res.</strong></span> <span class='ocrx_word' id='word_1_150' title='bbox 902 2145 1253 2209; x_wconf 83' lang='lat' dir='ltr'><strong>Pontifices</strong></span> <span class='ocrx_word' id='word_1_151' title='bbox 1305 2166 1474 2229; x_wconf 83' lang='lat' dir='ltr'><strong>saepe</strong></span> <span class='ocrx_word' id='word_1_152' title='bbox 1526 2154 1828 2230; x_wconf 83' lang='lat' dir='ltr'><strong>expertus</strong></span> <span class='ocrx_word' id='word_1_153' title='bbox 1879 2155 1978 2212; x_wconf 89' lang='lat' dir='ltr'><strong>est</strong></span> <span class='ocrx_word' id='word_1_154' title='bbox 2033 2148 2246 2228; x_wconf 91' lang='lat' dir='ltr'><strong>Orbis,</strong></span> <span class='ocrx_word' id='word_1_155' title='bbox 2295 2170 2465 2214; x_wconf 86' lang='lat' dir='ltr'><strong>caeco</strong></span> 
     </span>
     <span class='ocr_line' id='line_1_22' title="bbox 258 2245 2468 2334; baseline 0.003 -26"><span class='ocrx_word' id='word_1_156' title='bbox 258 2245 463 2309; x_wconf 85' lang='lat' dir='ltr'><strong>animi</strong></span> <span class='ocrx_word' id='word_1_157' title='bbox 490 2245 760 2329; x_wconf 91' lang='lat' dir='ltr'><strong>impetu,</strong></span> <span class='ocrx_word' id='word_1_158' title='bbox 782 2246 1103 2325; x_wconf 75' lang='lat' dir='ltr'><strong>vindictae,</strong></span> <span class='ocrx_word' id='word_1_159' title='bbox 1136 2247 1502 2312; x_wconf 79' lang='lat' dir='ltr'><strong>ambitionis</strong></span> <span class='ocrx_word' id='word_1_160' title='bbox 1532 2248 1884 2332; x_wconf 88' lang='lat' dir='ltr'><strong>cupiditate</strong></span> <span class='ocrx_word' id='word_1_161' title='bbox 1915 2249 2226 2334; x_wconf 86' lang='lat' dir='ltr'><strong>abreptos.</strong></span> <span class='ocrx_word' id='word_1_162' title='bbox 2275 2252 2468 2316; x_wconf 88' lang='lat' dir='ltr'><strong>Cere-</strong></span> 
     </span>
     <span class='ocr_line' id='line_1_23' title="bbox 260 2346 2459 2436; baseline 0.004 -26"><span class='ocrx_word' id='word_1_163' title='bbox 260 2346 488 2411; x_wconf 85' lang='lat' dir='ltr'><strong>brosus</strong></span> <span class='ocrx_word' id='word_1_164' title='bbox 534 2349 709 2432; x_wconf 87' lang='lat' dir='ltr'><strong>Papa</strong></span> <span class='ocrx_word' id='word_1_165' title='bbox 751 2350 909 2432; x_wconf 87' lang='lat' dir='ltr'><strong>jam,</strong></span> <span class='ocrx_word' id='word_1_166' title='bbox 963 2349 1017 2412; x_wconf 90' lang='lat' dir='ltr'><strong>si</strong></span> <span class='ocrx_word' id='word_1_167' title='bbox 1062 2349 1248 2414; x_wconf 87' lang='lat' dir='ltr'><strong>litem</strong></span> <span class='ocrx_word' id='word_1_168' title='bbox 1298 2350 1530 2429; x_wconf 83' lang='lat' dir='ltr'><strong>foveat,</strong></span> <span class='ocrx_word' id='word_1_169' title='bbox 1588 2358 1938 2434; x_wconf 85' lang='lat' dir='ltr'><strong>utrumque</strong></span> <span class='ocrx_word' id='word_1_170' title='bbox 1992 2353 2282 2436; x_wconf 77' lang='lat' dir='ltr'><strong>gladium</strong></span> <span class='ocrx_word' id='word_1_171' title='bbox 2330 2355 2459 2418; x_wconf 90' lang='lat' dir='ltr'><strong>dis-</strong></span> 
     </span>
     <span class='ocr_line' id='line_1_24' title="bbox 257 2450 2467 2539; baseline 0.003 -24"><span class='ocrx_word' id='word_1_172' title='bbox 257 2450 525 2536; x_wconf 85' lang='lat' dir='ltr'><strong>tringet.</strong></span> <span class='ocrx_word' id='word_1_173' title='bbox 621 2451 752 2516; x_wconf 87' lang='lat' dir='ltr'><strong>Sed</strong></span> <span class='ocrx_word' id='word_1_174' title='bbox 790 2451 1140 2536; x_wconf 86' lang='lat' dir='ltr'><strong>spiritualis</strong></span> <span class='ocrx_word' id='word_1_175' title='bbox 1190 2452 1286 2517; x_wconf 86' lang='lat' dir='ltr'><strong>illi</strong></span> <span class='ocrx_word' id='word_1_176' title='bbox 1332 2474 1589 2538; x_wconf 85' lang='lat' dir='ltr'><strong>semper</strong></span> <span class='ocrx_word' id='word_1_177' title='bbox 1636 2454 1708 2518; x_wconf 88' lang='lat' dir='ltr'><strong>in</strong></span> <span class='ocrx_word' id='word_1_178' title='bbox 1754 2462 2090 2539; x_wconf 88' lang='lat' dir='ltr'><strong>promptu:</strong></span> <span class='ocrx_word' id='word_1_179' title='bbox 2159 2477 2282 2522; x_wconf 89' lang='lat' dir='ltr'><strong>nec</strong></span> <span class='ocrx_word' id='word_1_180' title='bbox 2331 2456 2467 2522; x_wconf 91' lang='lat' dir='ltr'><strong>ulla</strong></span> 
     </span>
     <span class='ocr_line' id='line_1_25' title="bbox 258 2553 2466 2640; baseline 0.003 -22"><span class='ocrx_word' id='word_1_181' title='bbox 258 2561 397 2619; x_wconf 89' lang='lat' dir='ltr'><strong>tam</strong></span> <span class='ocrx_word' id='word_1_182' title='bbox 448 2555 772 2638; x_wconf 86' lang='lat' dir='ltr'><strong>frequens,</strong></span> <span class='ocrx_word' id='word_1_183' title='bbox 819 2563 956 2623; x_wconf 82' lang='lat' dir='ltr'><strong>tam</strong></span> <span class='ocrx_word' id='word_1_184' title='bbox 1005 2553 1301 2639; x_wconf 79' lang='lat' dir='ltr'><strong>expedita</strong></span> <span class='ocrx_word' id='word_1_185' title='bbox 1345 2557 1531 2635; x_wconf 84' lang='lat' dir='ltr'><strong>ratic,</strong></span> <span class='ocrx_word' id='word_1_186' title='bbox 1586 2580 1780 2640; x_wconf 87' lang='lat' dir='ltr'><strong>quam</strong></span> <span class='ocrx_word' id='word_1_187' title='bbox 1824 2558 1906 2622; x_wconf 87' lang='lat' dir='ltr'><strong>ad</strong></span> <span class='ocrx_word' id='word_1_188' title='bbox 1950 2559 2274 2623; x_wconf 88' lang='lat' dir='ltr'><strong>Censuras</strong></span> <span class='ocrx_word' id='word_1_189' title='bbox 2319 2581 2466 2623; x_wconf 85' lang='lat' dir='ltr'><strong>suas</strong></span> 
     </span>
     <span class='ocr_line' id='line_1_26' title="bbox 258 2658 2466 2744; baseline 0.002 -23"><span class='ocrx_word' id='word_1_190' title='bbox 258 2658 697 2741; x_wconf 83' lang='lat' dir='ltr'><strong>confugiendi.</strong></span> <span class='ocrx_word' id='word_1_191' title='bbox 787 2660 931 2724; x_wconf 93' lang='lat' dir='ltr'><strong>Nec</strong></span> <span class='ocrx_word' id='word_1_192' title='bbox 970 2659 1108 2723; x_wconf 87' lang='lat' dir='ltr'><strong>sine</strong></span> <span class='ocrx_word' id='word_1_193' title='bbox 1147 2681 1340 2724; x_wconf 87' lang='lat' dir='ltr'><strong>causa</strong></span> <span class='ocrx_word' id='word_1_194' title='bbox 1376 2666 1598 2724; x_wconf 90' lang='lat' dir='ltr'><strong>tamen</strong></span> <span class='ocrx_word' id='word_1_195' title='bbox 1631 2662 1987 2725; x_wconf 86' lang='lat' dir='ltr'><strong>Censuram</strong></span> <span class='ocrx_word' id='word_1_196' title='bbox 2017 2661 2250 2744; x_wconf 86' lang='lat' dir='ltr'><strong>stringi</strong></span> <span class='ocrx_word' id='word_1_197' title='bbox 2278 2682 2466 2744; x_wconf 90' lang='lat' dir='ltr'><strong>opor-</strong></span> 
     </span>
     <span class='ocr_line' id='line_1_27' title="bbox 258 2761 2467 2846; baseline 0.001 -23"><span class='ocrx_word' id='word_1_198' title='bbox 258 2767 394 2825; x_wconf 87' lang='lat' dir='ltr'><strong>tet:</strong></span> <span class='ocrx_word' id='word_1_199' title='bbox 459 2781 600 2824; x_wconf 89' lang='lat' dir='ltr'><strong>nec·</strong></span> <span class='ocrx_word' id='word_1_200' title='bbox 631 2761 765 2825; x_wconf 87' lang='lat' dir='ltr'><strong>ulla</strong></span> <span class='ocrx_word' id='word_1_201' title='bbox 811 2761 1088 2826; x_wconf 86' lang='lat' dir='ltr'><strong>occurrit</strong></span> <span class='ocrx_word' id='word_1_202' title='bbox 1147 2783 1342 2826; x_wconf 89' lang='lat' dir='ltr'><strong>causa</strong></span> <span class='ocrx_word' id='word_1_203' title='bbox 1397 2769 1533 2826; x_wconf 90' lang='lat' dir='ltr'><strong>tam</strong></span> <span class='ocrx_word' id='word_1_204' title='bbox 1585 2762 1838 2841; x_wconf 88' lang='lat' dir='ltr'><strong>idonea,</strong></span> <span class='ocrx_word' id='word_1_205' title='bbox 1895 2784 2088 2846; x_wconf 89' lang='lat' dir='ltr'><strong>quam</strong></span> <span class='ocrx_word' id='word_1_206' title='bbox 2138 2764 2467 2826; x_wconf 82' lang='lat' dir='ltr'><strong>Haereticoe</strong></span> 
     </span>
     <span class='ocr_line' id='line_1_28' title="bbox 247 2864 2464 2949; baseline 0.002 -23"><span class='ocrx_word' id='word_1_207' title='bbox 247 2865 627 2944; x_wconf 74' lang='lat' dir='ltr'><strong>pravitatis.-</strong></span> <span class='ocrx_word' id='word_1_208' title='bbox 662 2864 846 2928; x_wconf 70' lang='lat' dir='ltr'><strong>Solus</strong></span> <span class='ocrx_word' id='word_1_209' title='bbox 873 2864 965 2928; x_wconf 93' lang='lat' dir='ltr'><strong>ibi</strong></span> <span class='ocrx_word' id='word_1_210' title='bbox 994 2864 1227 2943; x_wconf 88' lang='lat' dir='ltr'><strong>forum,</strong></span> <span class='ocrx_word' id='word_1_211' title='bbox 1246 2866 1414 2928; x_wconf 67' lang='lat' dir='ltr'><strong>solas</strong></span> <span class='ocrx_word' id='word_1_212' title='bbox 1436 2866 1869 2949; x_wconf 88' lang='lat' dir='ltr'><strong>cognitionem</strong></span> <span class='ocrx_word' id='word_1_213' title='bbox 1892 2872 2197 2948; x_wconf 89' lang='lat' dir='ltr'><strong>occupat:</strong></span> <span class='ocrx_word' id='word_1_214' title='bbox 2243 2866 2464 2947; x_wconf 83' lang='lat' dir='ltr'><strong>Actor,</strong></span> 
     </span>
     <span class='ocr_line' id='line_1_29' title="bbox 259 2966 2467 3051; baseline 0.002 -21"><span class='ocrx_word' id='word_1_215' title='bbox 259 2975 328 3030; x_wconf 94' lang='lat' dir='ltr'><strong>et</strong></span> <span class='ocrx_word' id='word_1_216' title='bbox 358 2968 586 3045; x_wconf 74' lang='lat' dir='ltr'><strong>Judeoe,</strong></span> <span class='ocrx_word' id='word_1_217' title='bbox 617 2966 731 3032; x_wconf 90' lang='lat' dir='ltr'><strong>ubi</strong></span> <span class='ocrx_word' id='word_1_218' title='bbox 762 2967 840 3032; x_wconf 92' lang='lat' dir='ltr'><strong>de</strong></span> <span class='ocrx_word' id='word_1_219' title='bbox 870 2967 1099 3032; x_wconf 85' lang='lat' dir='ltr'><strong>haeresi</strong></span> <span class='ocrx_word' id='word_1_220' title='bbox 1129 2969 1361 3051; x_wconf 86' lang='lat' dir='ltr'><strong>agitur.</strong></span> <span class='ocrx_word' id='word_1_221' title='bbox 1451 2970 1663 3036; x_wconf 80' lang='lat' dir='ltr'><strong>Quem</strong></span> <span class='ocrx_word' id='word_1_222' title='bbox 1695 2975 1913 3033; x_wconf 84' lang='lat' dir='ltr'><strong>autem</strong></span> <span class='ocrx_word' id='word_1_223' title='bbox 1938 2968 2240 3034; x_wconf 85' lang='lat' dir='ltr'><strong>Pontifex</strong></span> <span class='ocrx_word' id='word_1_224' title='bbox 2269 2970 2467 3034; x_wconf 88' lang='lat' dir='ltr'><strong>semel</strong></span> 
     </span>
     <span class='ocr_line' id='line_1_30' title="bbox 263 3069 2461 3154; baseline 0.002 -21"><span class='ocrx_word' id='word_1_225' title='bbox 263 3069 663 3133; x_wconf 83' lang='lat' dir='ltr'><strong>Haereticum</strong></span> <span class='ocrx_word' id='word_1_226' title='bbox 707 3069 977 3154; x_wconf 81' lang='lat' dir='ltr'><strong>scripsit,</strong></span> <span class='ocrx_word' id='word_1_227' title='bbox 1007 3092 1126 3154; x_wconf 90' lang='lat' dir='ltr'><strong>pro</strong></span> <span class='ocrx_word' id='word_1_228' title='bbox 1158 3071 1485 3136; x_wconf 86' lang='lat' dir='ltr'><strong>Haeretico</strong></span> <span class='ocrx_word' id='word_1_229' title='bbox 1525 3071 1880 3136; x_wconf 80' lang='lat' dir='ltr'><strong>habendus·</strong></span> <span class='ocrx_word' id='word_1_230' title='bbox 1970 3073 2169 3138; x_wconf 87' lang='lat' dir='ltr'><strong>Nosti</strong></span> <span class='ocrx_word' id='word_1_231' title='bbox 2212 3080 2461 3138; x_wconf 87' lang='lat' dir='ltr'><strong>caetera.</strong></span> 
     </span>
     <span class='ocr_line' id='line_1_31' title="bbox 263 3170 2463 3259; baseline 0.003 -25"><span class='ocrx_word' id='word_1_232' title='bbox 263 3171 400 3235; x_wconf 91' lang='lat' dir='ltr'><strong>Ubi</strong></span> <span class='ocrx_word' id='word_1_233' title='bbox 444 3170 536 3235; x_wconf 84' lang='lat' dir='ltr'><strong>sie</strong></span> <span class='ocrx_word' id='word_1_234' title='bbox 578 3171 857 3245; x_wconf 85' lang='lat' dir='ltr'><strong>habitus.</strong></span> <span class='ocrx_word' id='word_1_235' title='bbox 904 3172 1139 3256; x_wconf 84' lang='lat' dir='ltr'><strong>dignus</strong></span> <span class='ocrx_word' id='word_1_236' title='bbox 1192 3173 1302 3256; x_wconf 89' lang='lat' dir='ltr'><strong>qui</strong></span> <span class='ocrx_word' id='word_1_237' title='bbox 1346 3174 1715 3239; x_wconf 81' lang='lat' dir='ltr'><strong>recludatur</strong></span> <span class='ocrx_word' id='word_1_238' title='bbox 1760 3175 1973 3259; x_wconf 89' lang='lat' dir='ltr'><strong>aliquo</strong></span> <span class='ocrx_word' id='word_1_239' title='bbox 2015 3175 2086 3239; x_wconf 89' lang='lat' dir='ltr'><strong>in</strong></span> <span class='ocrx_word' id='word_1_240' title='bbox 2131 3176 2463 3259; x_wconf 86' lang='lat' dir='ltr'><strong>angulum,</strong></span> 
     </span>
     <span class='ocr_line' id='line_1_32' title="bbox 260 3273 2461 3359; baseline 0.002 -22"><span class='ocrx_word' id='word_1_241' title='bbox 260 3273 641 3337; x_wconf 82' lang='lat' dir='ltr'><strong>excludatur</strong></span> <span class='ocrx_word' id='word_1_242' title='bbox 669 3295 890 3357; x_wconf 86' lang='lat' dir='ltr'><strong>regno.</strong></span> <span class='ocrx_word' id='word_1_243' title='bbox 959 3274 1210 3339; x_wconf 88' lang='lat' dir='ltr'><strong>Eodem</strong></span> <span class='ocrx_word' id='word_1_244' title='bbox 1239 3296 1391 3359; x_wconf 85' lang='lat' dir='ltr'><strong>ergo</strong></span> <span class='ocrx_word' id='word_1_245' title='bbox 1419 3278 1826 3355; x_wconf 86' lang='lat' dir='ltr'><strong>revolvimur,</strong></span> <span class='ocrx_word' id='word_1_246' title='bbox 1859 3278 1910 3340; x_wconf 91' lang='lat' dir='ltr'><strong>si</strong></span> <span class='ocrx_word' id='word_1_247' title='bbox 1943 3277 2024 3341; x_wconf 87' lang='lat' dir='ltr'><strong>ad</strong></span> <span class='ocrx_word' id='word_1_248' title='bbox 2052 3280 2217 3342; x_wconf 76' lang='lat' dir='ltr'><strong>solos</strong></span> <span class='ocrx_word' id='word_1_249' title='bbox 2243 3280 2461 3342; x_wconf 83' lang='lat' dir='ltr'><strong>Haere-</strong></span> 
     </span>
    </p>
   </div>
   <div class='ocr_carea' id='block_1_10' title="bbox 260 3376 2526 3445">
    <p class='ocr_par' dir='ltr' id='par_1_10' title="bbox 260 3376 2526 3445">
     <span class='ocr_line' id='line_1_33' title="bbox 260 3376 2526 3445; baseline 0.002 -5"><span class='ocrx_word' id='word_1_250' title='bbox 260 3379 421 3440; x_wconf 73' lang='lat' dir='ltr'><strong>ticos</strong></span> <span class='ocrx_word' id='word_1_251' title='bbox 446 3384 780 3441; x_wconf 85' lang='lat' dir='ltr'><strong>revocetur</strong></span> <span class='ocrx_word' id='word_1_252' title='bbox 807 3398 934 3441; x_wconf 91' lang='lat' dir='ltr'><strong>res.</strong></span> <span class='ocrx_word' id='word_1_253' title='bbox 1024 3377 1240 3442; x_wconf 88' lang='lat' dir='ltr'><strong>Nimis</strong></span> <span class='ocrx_word' id='word_1_254' title='bbox 1277 3379 1577 3443; x_wconf 87' lang='lat' dir='ltr'><strong>Pontifici</strong></span> <span class='ocrx_word' id='word_1_255' title='bbox 1605 3380 1675 3443; x_wconf 92' lang='lat' dir='ltr'><strong>in</strong></span> <span class='ocrx_word' id='word_1_256' title='bbox 1705 3380 1889 3444; x_wconf 91' lang='lat' dir='ltr'><strong>tenui</strong></span> <span class='ocrx_word' id='word_1_257' title='bbox 1931 3380 2154 3445; x_wconf 84' lang='lat' dir='ltr'><strong>labor⁰</strong></span> <span class='ocrx_word' id='word_1_258' title='bbox 2179 3381 2458 3445; x_wconf 85' lang='lat' dir='ltr'><strong>Haereti-</strong></span> <span class='ocrx_word' id='word_1_259' title='bbox 2519 3376 2526 3383; x_wconf 76' lang='grc'><strong>’</strong></span> 
     </span>
    </p>
   </div>
   <div class='ocr_carea' id='block_1_11' title="bbox 255 3479 2465 4184">
    <p class='ocr_par' dir='ltr' id='par_1_11' title="bbox 255 3479 2465 4184">
     <span class='ocr_line' id='line_1_34' title="bbox 262 3479 2459 3567; baseline 0.002 -24"><span class='ocrx_word' id='word_1_260' title='bbox 262 3500 373 3544; x_wconf 87' lang='lat' dir='ltr'><strong>cos</strong></span> <span class='ocrx_word' id='word_1_261' title='bbox 400 3479 695 3543; x_wconf 88' lang='lat' dir='ltr'><strong>faciendi.</strong></span> <span class='ocrx_word' id='word_1_262' title='bbox 743 3480 1014 3544; x_wconf 86' lang='lat' dir='ltr'><strong>Factum</strong></span> <span class='ocrx_word' id='word_1_263' title='bbox 1044 3480 1168 3544; x_wconf 90' lang='lat' dir='ltr'><strong>hoc</strong></span> <span class='ocrx_word' id='word_1_264' title='bbox 1198 3502 1656 3564; x_wconf 88' lang='lat' dir='ltr'><strong>saepenumero.</strong></span> <span class='ocrx_word' id='word_1_265' title='bbox 1721 3483 1989 3547; x_wconf 76' lang='lat' dir='ltr'><strong>Restitit</strong></span> <span class='ocrx_word' id='word_1_266' title='bbox 2012 3484 2229 3548; x_wconf 82' lang='lat' dir='ltr'><strong>Caesar</strong></span> <span class='ocrx_word' id='word_1_267' title='bbox 2249 3484 2459 3567; x_wconf 85' lang='lat' dir='ltr'><strong>Papae,</strong></span> 
     </span>
     <span class='ocr_line' id='line_1_35' title="bbox 260 3584 2465 3667; baseline 0.001 -21"><span class='ocrx_word' id='word_1_268' title='bbox 260 3589 328 3646; x_wconf 92' lang='lat' dir='ltr'><strong>et</strong></span> <span class='ocrx_word' id='word_1_269' title='bbox 372 3588 728 3664; x_wconf 80' lang='lat' dir='ltr'><strong>reputatam</strong></span> <span class='ocrx_word' id='word_1_270' title='bbox 781 3589 874 3646; x_wconf 77' lang='lat' dir='ltr'><strong>est</strong></span> <span class='ocrx_word' id='word_1_271' title='bbox 924 3584 1034 3646; x_wconf 80' lang='lat' dir='ltr'><strong>Illi</strong></span> <span class='ocrx_word' id='word_1_272' title='bbox 1091 3584 1180 3646; x_wconf 85' lang='lat' dir='ltr'><strong>ad</strong></span> <span class='ocrx_word' id='word_1_273' title='bbox 1225 3585 1529 3648; x_wconf 79' lang='lat' dir='ltr'><strong>Hoeresin.</strong></span> <span class='ocrx_word' id='word_1_274' title='bbox 1623 3585 1766 3648; x_wconf 92' lang='lat' dir='ltr'><strong>Nec</strong></span> <span class='ocrx_word' id='word_1_275' title='bbox 1813 3605 1966 3667; x_wconf 86' lang='lat' dir='ltr'><strong>ergo</strong></span> <span class='ocrx_word' id='word_1_276' title='bbox 2013 3586 2090 3648; x_wconf 86' lang='lat' dir='ltr'><strong>de</strong></span> <span class='ocrx_word' id='word_1_277' title='bbox 2133 3586 2465 3648; x_wconf 63' lang='lat' dir='ltr'><strong>Haeretici-⁹</strong></span> 
     </span>
     <span class='ocr_line' id='line_1_36' title="bbox 257 3685 2464 3770; baseline 0.001 -21"><span class='ocrx_word' id='word_1_278' title='bbox 257 3685 351 3750; x_wconf 92' lang='lat' dir='ltr'><strong>ibi</strong></span> <span class='ocrx_word' id='word_1_279' title='bbox 397 3687 550 3750; x_wconf 74' lang='lat' dir='ltr'><strong>solis</strong></span> <span class='ocrx_word' id='word_1_280' title='bbox 598 3686 960 3770; x_wconf 86' lang='lat' dir='ltr'><strong>reperitur:</strong></span> <span class='ocrx_word' id='word_1_281' title='bbox 1040 3689 1129 3752; x_wconf 88' lang='lat' dir='ltr'><strong>Et</strong></span> <span class='ocrx_word' id='word_1_282' title='bbox 1178 3687 1234 3751; x_wconf 86' lang='lat' dir='ltr'><strong>si</strong></span> <span class='ocrx_word' id='word_1_283' title='bbox 1285 3688 1362 3752; x_wconf 87' lang='lat' dir='ltr'><strong>de</strong></span> <span class='ocrx_word' id='word_1_284' title='bbox 1407 3689 1577 3765; x_wconf 70' lang='lat' dir='ltr'><strong>solis,</strong></span> <span class='ocrx_word' id='word_1_285' title='bbox 1630 3707 1715 3750; x_wconf 91' lang='lat' dir='ltr'><strong>ne</strong></span> <span class='ocrx_word' id='word_1_286' title='bbox 1760 3687 1850 3750; x_wconf 89' lang='lat' dir='ltr'><strong>sic</strong></span> <span class='ocrx_word' id='word_1_287' title='bbox 1895 3686 2153 3770; x_wconf 90' lang='lat' dir='ltr'><strong>quidem</strong></span> <span class='ocrx_word' id='word_1_288' title='bbox 2195 3687 2267 3751; x_wconf 90' lang='lat' dir='ltr'><strong>in</strong></span> <span class='ocrx_word' id='word_1_289' title='bbox 2314 3694 2464 3752; x_wconf 88' lang='lat' dir='ltr'><strong>tuto</strong></span> 
     </span>
     <span class='ocr_line' id='line_1_37' title="bbox 259 3788 2465 3872; baseline 0 -19"><span class='ocrx_word' id='word_1_290' title='bbox 259 3789 609 3872; x_wconf 87' lang='lat' dir='ltr'><strong>Principes.</strong></span> <span class='ocrx_word' id='word_1_291' title='bbox 701 3790 826 3854; x_wconf 88' lang='lat' dir='ltr'><strong>Per</strong></span> <span class='ocrx_word' id='word_1_292' title='bbox 869 3789 1350 3854; x_wconf 80' lang='lat' dir='ltr'><strong>animositatem</strong></span> <span class='ocrx_word' id='word_1_293' title='bbox 1378 3789 1764 3855; x_wconf 88' lang='lat' dir='ltr'><strong>Pontificum</strong></span> <span class='ocrx_word' id='word_1_294' title='bbox 1811 3790 2023 3872; x_wconf 85' lang='lat' dir='ltr'><strong>Reges</strong></span> <span class='ocrx_word' id='word_1_295' title='bbox 2068 3788 2255 3853; x_wconf 87' lang='lat' dir='ltr'><strong>facile</strong></span> <span class='ocrx_word' id='word_1_296' title='bbox 2298 3790 2465 3854; x_wconf 90' lang='lat' dir='ltr'><strong>fiunt</strong></span> 
     </span>
     <span class='ocr_line' id='line_1_38' title="bbox 258 3891 2463 3973; baseline 0 -17"><span class='ocrx_word' id='word_1_297' title='bbox 258 3891 568 3970; x_wconf 84' lang='lat' dir='ltr'><strong>haeretici,</strong></span> <span class='ocrx_word' id='word_1_298' title='bbox 597 3892 705 3955; x_wconf 80' lang='lat' dir='ltr'><strong>ubi</strong></span> <span class='ocrx_word' id='word_1_299' title='bbox 743 3894 990 3955; x_wconf 80' lang='lat' dir='ltr'><strong>macula</strong></span> <span class='ocrx_word' id='word_1_300' title='bbox 1026 3898 1268 3956; x_wconf 78' lang='lat' dir='ltr'><strong>tantum</strong></span> <span class='ocrx_word' id='word_1_301' title='bbox 1307 3894 1532 3956; x_wconf 68' lang='lat' dir='ltr'><strong>coloris</strong></span> <span class='ocrx_word' id='word_1_302' title='bbox 1561 3892 1818 3955; x_wconf 78' lang='lat' dir='ltr'><strong>candidi</strong></span> <span class='ocrx_word' id='word_1_303' title='bbox 1847 3892 2233 3973; x_wconf 82' lang='lat' dir='ltr'><strong>adjudicavit</strong></span> <span class='ocrx_word' id='word_1_304' title='bbox 2261 3894 2463 3973; x_wconf 69' lang='lat' dir='ltr'><strong>lqmae,</strong></span> 
     </span>
     <span class='ocr_line' id='line_1_39' title="bbox 258 3994 2464 4079; baseline 0 -20"><span class='ocrx_word' id='word_1_305' title='bbox 258 4001 319 4059; x_wconf 85' lang='lat' dir='ltr'><strong>et</strong></span> <span class='ocrx_word' id='word_1_306' title='bbox 363 3996 808 4059; x_wconf 81' lang='lat' dir='ltr'><strong>contaminavit</strong></span> <span class='ocrx_word' id='word_1_307' title='bbox 850 4016 952 4058; x_wconf 76' lang='lat' dir='ltr'><strong>eos</strong></span> <span class='ocrx_word' id='word_1_308' title='bbox 962 4007 1013 4059; x_wconf 72' lang='grc' dir='ltr'><strong>Ρ.</strong></span> <span class='ocrx_word' id='word_1_309' title='bbox 1107 3996 1311 4059; x_wconf 77' lang='lat' dir='ltr'><strong>Sanos</strong></span> <span class='ocrx_word' id='word_1_310' title='bbox 1349 4016 1515 4079; x_wconf 86' lang='lat' dir='ltr'><strong>saepe</strong></span> <span class='ocrx_word' id='word_1_311' title='bbox 1562 3995 1819 4058; x_wconf 67' lang='lat' dir='ltr'><strong>reclusit</strong></span> <span class='ocrx_word' id='word_1_312' title='bbox 1862 4016 1979 4079; x_wconf 91' lang='lat' dir='ltr'><strong>pro</strong></span> <span class='ocrx_word' id='word_1_313' title='bbox 2009 3994 2301 4077; x_wconf 77' lang='lat' dir='ltr'><strong>furiosis,</strong></span> <span class='ocrx_word' id='word_1_314' title='bbox 2343 4016 2464 4060; x_wconf 90' lang='lat' dir='ltr'><strong>nec</strong></span> 
     </span>
     <span class='ocr_line' id='line_1_40' title="bbox 255 4098 1899 4184; baseline 0.001 -22"><span class='ocrx_word' id='word_1_315' title='bbox 255 4100 473 4163; x_wconf 89' lang='lat' dir='ltr'><strong>minus</strong></span> <span class='ocrx_word' id='word_1_316' title='bbox 502 4098 880 4164; x_wconf 67' lang='lat' dir='ltr'><strong>orthodoxos</strong></span> <span class='ocrx_word' id='word_1_317' title='bbox 910 4120 1078 4184; x_wconf 87' lang='lat' dir='ltr'><strong>saepe</strong></span> <span class='ocrx_word' id='word_1_318' title='bbox 1106 4100 1370 4163; x_wconf 71' lang='lat' dir='ltr'><strong>eoeclusit</strong></span> <span class='ocrx_word' id='word_1_319' title='bbox 1398 4120 1516 4183; x_wconf 92' lang='lat' dir='ltr'><strong>pro</strong></span> <span class='ocrx_word' id='word_1_320' title='bbox 1545 4099 1899 4163; x_wconf 75' lang='lat' dir='ltr'><strong>Hoereticis.</strong></span> 
     </span>
    </p>
   </div>
   <div class='ocr_carea' id='block_1_12' title="bbox 255 4301 2464 4562">
    <p class='ocr_par' dir='ltr' id='par_1_12' title="bbox 255 4301 2464 4498">
     <span class='ocr_line' id='line_1_41' title="bbox 318 4301 2464 4387; baseline 0.002 -37"><span class='ocrx_word' id='word_1_321' title='bbox 318 4310 354 4333; x_wconf 77' lang='lat'><strong>⁸¹</strong></span> <span class='ocrx_word' id='word_1_322' title='bbox 389 4301 563 4367; x_wconf 66' lang='lat' dir='ltr'><strong>[Rem</strong></span> <span class='ocrx_word' id='word_1_323' title='bbox 597 4301 663 4352; x_wconf 87' lang='lat' dir='ltr'><strong>de</strong></span> <span class='ocrx_word' id='word_1_324' title='bbox 704 4302 893 4367; x_wconf 69' lang='lat' dir='ltr'><strong>[Rom]</strong></span> <span class='ocrx_word' id='word_1_325' title='bbox 926 4302 1072 4352; x_wconf 86' lang='lat' dir='ltr'><strong>Pont.</strong></span> <span class='ocrx_word' id='word_1_326' title='bbox 1115 4301 1319 4387; x_wconf 81' lang='lat' dir='ltr'><strong>[lib.].v</strong></span> <span class='ocrx_word' id='word_1_327' title='bbox 1411 4301 1570 4353; x_wconf 81' lang='lat' dir='ltr'><strong>Barcl.</strong></span> <span class='ocrx_word' id='word_1_328' title='bbox 1740 4301 1830 4367; x_wconf 80' lang='lat' dir='ltr'><strong>iv.]</strong></span> <span class='ocrx_word' id='word_1_329' title='bbox 1861 4317 1911 4368; x_wconf 82' lang='lat' dir='ltr'><strong>p.</strong></span> <span class='ocrx_word' id='word_1_330' title='bbox 1937 4304 2018 4357; x_wconf 82' lang='lat'><strong>67.</strong></span> <span class='ocrx_word' id='word_1_331' title='bbox 2058 4302 2194 4368; x_wconf 83' lang='lat' dir='ltr'><strong>[Op.,</strong></span> <span class='ocrx_word' id='word_1_332' title='bbox 2229 4307 2351 4354; x_wconf 83' lang='lat' dir='ltr'><strong>tom.</strong></span> <span class='ocrx_word' id='word_1_333' title='bbox 2378 4305 2464 4356; x_wconf 80' lang='lat' dir='ltr'><strong>vii.</strong></span> 
     </span>
     <span class='ocr_line' id='line_1_42' title="bbox 255 4317 1746 4432; baseline -0.001 -16"><span class='ocrx_word' id='word_1_334' title='bbox 255 4382 365 4430; x_wconf 84' lang='lat' dir='ltr'><strong>cap.</strong></span> <span class='ocrx_word' id='word_1_335' title='bbox 405 4370 449 4416; x_wconf 85' lang='lat'><strong>8.</strong></span> <span class='ocrx_word' id='word_1_336' title='bbox 491 4370 544 4429; x_wconf 62' lang='lat' dir='ltr'>ss</span> <span class='ocrx_word' id='word_1_337' title='bbox 569 4366 755 4417; x_wconf 83' lang='lat' dir='ltr'><strong>‘nSext</strong></span> <span class='ocrx_word' id='word_1_338' title='bbox 726 4370 842 4426; x_wconf 86' lang='lat' dir='ltr'><strong>n‚’m</strong></span> <span class='ocrx_word' id='word_1_339' title='bbox 885 4372 987 4417; x_wconf 84' lang='lat' dir='ltr'><strong>et‘</strong></span> <span class='ocrx_word' id='word_1_340' title='bbox 1004 4368 1319 4432; x_wconf 68' lang='lat' dir='ltr'><strong>Septimum!</strong></span> <span class='ocrx_word' id='word_1_341' title='bbox 1406 4367 1552 4417; x_wconf 88' lang='lat' dir='ltr'><strong>col.8</strong></span> <span class='ocrx_word' id='word_1_342' title='bbox 1557 4368 1636 4416; x_wconf 84' lang='lat'><strong>64.</strong></span> <span class='ocrx_word' id='word_1_343' title='bbox 1610 4317 1746 4431; x_wconf 58' lang='grc' dir='ltr'><strong>Β]</strong></span> 
     </span>
     <span class='ocr_line' id='line_1_43' title="bbox 260 4366 2156 4498; baseline 0.002 -19"><span class='ocrx_word' id='word_1_344' title='bbox 260 4431 1002 4496; x_wconf 71' lang='lat' dir='ltr'><strong>[op.‚tom.i.p..236E.1³·.]</strong></span> <span class='ocrx_word' id='word_1_345' title='bbox 1470 4366 2156 4498; x_wconf 77' lang='lat' dir='ltr'><strong>⁰[Or.vi1]·g..Georgiv..6]</strong></span> 
     </span>
    </p>

    <p class='ocr_par' dir='ltr' id='par_1_13' title="bbox 323 4494 1980 4562">
     <span class='ocr_line' id='line_1_44' title="bbox 323 4494 1980 4562; baseline 0.003 -17.15"><span class='ocrx_word' id='word_1_346' title='bbox 323 4494 557 4561; x_wconf 64' lang='lat' dir='ltr'><strong>nmen]</strong></span> <span class='ocrx_word' id='word_1_347' title='bbox 580 4501 739 4546; x_wconf 79' lang='lat' dir='ltr'><strong>contr.</strong></span> <span class='ocrx_word' id='word_1_348' title='bbox 761 4497 922 4548; x_wconf 84' lang='lat' dir='ltr'><strong>Barcl.</strong></span> <span class='ocrx_word' id='word_1_349' title='bbox 948 4497 1028 4561; x_wconf 82' lang='lat' dir='ltr'><strong>[al.</strong></span> <span class='ocrx_word' id='word_1_350' title='bbox 1048 4496 1112 4548; x_wconf 86' lang='lat' dir='ltr'><strong>de</strong></span> <span class='ocrx_word' id='word_1_351' title='bbox 1135 4496 1313 4548; x_wconf 80' lang='lat' dir='ltr'><strong>Excus.</strong></span> <span class='ocrx_word' id='word_1_352' title='bbox 1471 4496 1717 4561; x_wconf 70' lang='lat' dir='ltr'><strong>⁹[Levit.</strong></span> <span class='ocrx_word' id='word_1_353' title='bbox 1744 4498 1854 4548; x_wconf 85' lang='lat' dir='ltr'><strong>xiii.</strong></span> <span class='ocrx_word' id='word_1_354' title='bbox 1879 4497 1980 4562; x_wconf 85' lang='lat'><strong>39.]</strong></span> 
     </span>
    </p>
   </div>
   <div class='ocr_carea' id='block_1_13' title="bbox 2582 3992 2708 4053">
    <p class='ocr_par' dir='ltr' id='par_1_14' title="bbox 2582 3992 2708 4053">
     <span class='ocr_line' id='line_1_45' title="bbox 2582 3992 2708 4053; baseline 0.008 -1"><span class='ocrx_word' id='word_1_355' title='bbox 2582 3992 2708 4053; x_wconf 80' lang='lat'><strong>134</strong></span> 
     </span>
    </p>
   </div>
  </div>
 </body>
</html>
