3165 4959
498 710 629 771 244

732 333 861 397 338
1355 349 1441 396 An
1484 347 1866 396 cARDrNAms
1908 345 2306 396 Bmannm1

734 503 1017 587 reliquie,
1051 503 1150 567 vel
1193 502 1474 586 reliquos
1515 503 1598 567 ab
1628 502 1776 582 illis,
1808 523 1925 586 pro
1967 503 2178 566 stultis
2218 500 2462 565 haberi.
2552 500 2680 564 Par
2722 506 2824 563 est
2870 505 2943 562 et

739 606 820 669 de
860 604 1267 668 Scholasticis
1312 603 1496 667 rati0.
1593 605 1824 668 Scotus
1861 603 2177 666 'rhomam
2229 602 2470 666 alicubi
2519 603 2723 664 vuinus
2768 607 2945 663 recte

737 729 896 786 rem,
922 728 992 770 se
1013 727 1163 770 vero
1190 707 1393 788 ’παρῶ
1419 712 1588 771 recte
1616 706 1994 769 intellexisse
2023 711 2353 769 autumat:
2406 705 2754 768 Stultumne
2783 724 2946 787 ergo

742 810 973 873 Scotus
1020 809 1336 872 'rhomam
1381 807 1463 872 de
1510 809 1744 871 Sancto
1793 806 1968 886 facit,
2022 814 2133 870 aut
2178 805 2470 887 Ecclesia
2514 807 2817 869 Sanctum
2861 807 2947 870 de

740 914 947 977 Stulto
967 915 1001 976 .?
1087 914 1213 976 Par
1269 919 1336 976 et
1395 912 1475 977 de
1533 912 1839 976 Patribus
1889 913 2172 976 Jemitis.
2260 911 2458 975 Pater
2506 911 2947 975 Bellarminus

737 1016 964 1080 Enoch
1011 1023 1077 1079 et
1127 1016 1359 1094 Eliam,
1414 1016 1552 1080 sine
1604 1015 1820 1094 dubio,
1876 1015 2035 1079 duos
2079 1015 2200 1079 hos
2246 1015 2456 1078 Testes
2507 1014 2644 1078 fore
2686 1013 2943 1077 asserit.

737 1121 932 1182 Pater
980 1118 1143 1182 alter
1188 1117 1628 1195 Maldonatus‚
1669 1118 1811 1201 (nec
1855 1116 2276 1181 Maldonatus
2290 1126 2323 1154 ¹¹
2357 1117 2568 1195 modo,
2602 1136 2830 1179 verum
2875 1121 2944 1178 et

740 1225 957 1286 doctus
986 1223 1125 1306 ejus
1155 1222 1494 1305 Intevpres)
1544 1228 1676 1284 tam
1719 1226 2003 1303 apertam
2029 1242 2161 1284 rem
2190 1240 2321 1284 esse
2351 1220 2590 1298 scribit,
2622 1221 2855 1284 Mosen
2884 1226 2948 1284 et

739 1328 955 1389 Elium
981 1332 1270 1390 venturos
1298 1346 1448 1403 esse,
1478 1331 1549 1387 ut
1576 1344 1750 1388 nemo
1778 1325 1867 1401 id,
1897 1345 2022 1387 non
2048 1327 2244 1387 solum
2271 1327 2405 1388 sine
2434 1325 2804 1401 temeritate,
2835 1324 2953 1386 sed

739 1450 851 1495 nec
905 1431 1040 1493 sine
1094 1429 1476 1511 impudentia
1531 1448 1759 1511 neyare
1805 1430 2031 1510 possit.
2120 1429 2378 1511 Ergone
2435 1426 2850 1508 stuufficatw
2909 1450 2949 1491 a

742 1531 1126 1596 Maldonato
1154 1529 1513 1596 Cardinalis
1527 1530 1558 1594 ?
1628 1530 1832 1593 Stulte
1861 1552 2015 1614 ergo
2042 1531 2166 1596 hoc
2196 1530 2444 1594 dictum
2475 1536 2592 1608 est,
2616 1529 2699 1593 de
2728 1531 2948 1592 stultis

744 1658 822 1700 ex
853 1656 928 1700 eo
958 1635 1180 1717 sactis,
1223 1634 1395 1718 quod
1437 1655 1572 1698 non
1608 1634 1826 1698 omnia
1869 1656 2119 1718 semper
2156 1642 2323 1699 recte
2363 1636 2524 1699 satis
2561 1635 2945 1717 intelligant.

742 1740 955 1803 Aliter
982 1739 1157 1803 enim
1185 1758 1404 1820 sapere
1430 1745 1720 1821 possunt,
1750 1743 1817 1802 et
1845 1744 2066 1802 tamen
2093 1758 2334 1819 sapere.

807 1873 952 1932 Quod
987 1874 1177 1923 librum
1220 1874 1542 1935 obsignatum
1590 1874 1841 1937 resignare
1882 1873 2423 1939 tentaverint—{Rem
2458 1873 2607 1938 Apol.
2641 1888 2735 1937 pro
2777 1873 2950 1939 Resp]

872 1969 921 2017 p.
945 1954 1057 2003 141.
1091 1953 1223 2019 [Op.,
1245 1957 1368 2004 tom.
1386 1954 1474 2005 vii·
1497 1954 1588 2003 col.
1608 1955 1719 2006 784.
1742 1953 1844 2019 A.];

416 2066 722 2132 [LiberApo-
831 2052 1009 2114 Nam
1060 2051 1140 2115 de
1200 2051 1357 2115 libro
1422 2052 1743 2134 obs-iynato
1800 2060 1958 2117 nota
2002 2052 2250 2137 phrasis
2307 2060 2427 2132 est,
2487 2053 2602 2117 ubi
2652 2054 2816 2136 quid
2874 2056 2949 2119 in

418 2131 634 2194 calypsis

418 2210 707 2259 quanquam

419 2260 580 2322 obsig-

419 2330 582 2383 natus,
591 2324 612 2387 ]

421 3086 628 3150 [magna

418 3157 590 3199 tamen
612 3165 675 3199 ex

419 3219 559 3277 parte
582 3215 673 3262 im-

418 3278 623 3342 pletas]

746 2153 1015 2218 obscuro
1055 2159 1172 2219 est.
1263 2155 1366 2219 De
1393 2156 1536 2219 loco
1571 2163 1790 2219 autem
1825 2156 2117 2235 obscuro,
2166 2156 2276 2239 qui
2321 2157 2714 2221 sententiam
2755 2179 2950 2222 suam

744 2256 1120 2341 interponit,
1151 2257 1340 2342 culpa
1375 2257 1432 2321 is
1474 2258 1736 2340 quidem
1775 2266 1971 2338 caret,
2004 2258 2161 2322 dum
2201 2266 2278 2323 ut
2315 2259 2707 2323 sententiam
2749 2261 2953 2327 modo

745 2384 947 2441 suam,
978 2383 1112 2426 non
1151 2371 1228 2427 ut
1263 2361 1593 2427 oraculum
1634 2361 1760 2425 toti
1798 2362 2103 2426 Ecclesiae
2141 2368 2495 2446 proponat;
2543 2363 2715 2446 quod
2743 2364 2883 2427 fere
2914 2387 2955 2428 a

745 2465 972 2529 vestris
1002 2465 1095 2547 fit,
1120 2466 1318 2530 stulte
1339 2464 1406 2529 id
1436 2464 1716 2550 quidem,
1742 2464 1925 2549 quasi
1952 2486 2086 2529 non
2115 2486 2229 2548 per
2256 2471 2677 2529 transennam
2708 2464 2952 2531 alicubi

742 2570 1261 2654 introspexerint,
1321 2569 1435 2634 sed
1498 2568 1569 2632 in
1628 2568 1824 2653 adyta
1879 2568 2018 2651 ipsa
2074 2568 2495 2652 penetral-int,
2542 2589 2617 2632 ac
2660 2568 2950 2652 sigillum

743 2673 977 2757 ipsum,
1008 2674 1140 2738 imo
1170 2673 1381 2757 sigilla
1409 2671 1629 2737 omnia
1656 2671 2066 2756 resignarint.

809 2809 864 2859 Si
886 2809 1160 2873 Prophetia
1182 2810 1293 2874 ,iam
1315 2809 1528 2873 impleta
1546 2813 1640 2870 est,
1661 2811 1714 2858 et
1734 2808 1863 2858 liber
1884 2809 2185 2870 resigyutus,
2206 2808 2332 2873 quid
2355 2824 2481 2873 opus
2503 2812 2580 2859 est
2601 2809 2912 2873 conjecturis
2933 2811 2951 2858 ἒ

875 2891 978 2941 Cur
1008 2890 1197 2941 dicitur
1221 2891 1430 2941 obscura
1460 2895 1512 2940 et
1544 2890 1774 2940 involut-
1806 2888 1870 2939 de
1891 2890 2211 2940 Antichristo
2233 2890 2513 2954 disputatio
2525 2890 2770 2954 2-[13011.
2794 2891 2950 2955 Apol.

871 2985 963 3033 pro
987 2970 1154 3035 Resp]
1177 2986 1226 3034 p.
1244 2972 1353 3020 141.
1396 2970 1535 3034 [Op.,
1557 2975 1680 3020 tom.
1697 2970 1785 3021 vii.
1807 2970 1898 3019 col.
1922 2971 2033 3022 784.
2057 2972 2120 3020 A.
2140 2970 2226 3034 B.]

831 3078 993 3143 Quae
1021 3099 1170 3142 vero
1201 3078 1282 3142 de
1315 3080 1594 3141 involuta
1636 3078 1848 3142 adhuc
1891 3089 1958 3143 et
1991 3087 2212 3143 tamen
2254 3081 2528 3161 impleta,
2575 3080 2836 3160 impleta
2878 3088 2948 3143 et

741 3187 960 3245 tamen
1012 3182 1288 3245 involuta
1347 3181 1625 3264 subjicit,
1673 3182 2109 3265 praevaricatio
2156 3204 2334 3247 mera
2385 3190 2502 3246 est.
2594 3184 2951 3247 Revelatur

742 3305 859 3368 per
899 3284 1164 3347 visiones
1205 3284 1366 3362 illas,
1401 3285 1541 3367 quis
1573 3285 1878 3350 Ecclesiae
1905 3285 2162 3349 futurus
2207 3292 2435 3362 status,
2467 3285 2549 3349 ad
2588 3286 2950 3350 secundum

743 3407 943 3469 usque
994 3387 1237 3451 Christi
1281 3386 1651 3452 adventum.
1742 3389 1904 3472 Ejus
1937 3390 2075 3473 jam
2117 3387 2423 3471 temporis
2467 3388 2704 3451 saecula
2734 3389 2953 3453 abiere

744 3491 1040 3555 sedecim.
1129 3491 1363 3574 Neque
1421 3492 1561 3555 fieri
1619 3497 1852 3576 potest,
1900 3491 2175 3555 sedecim
2223 3490 2324 3553 his
2371 3491 2639 3568 saeculis,
2684 3498 2763 3555 ut
2816 3514 2956 3556 non

744 3614 982 3676 magua
1029 3594 1332 3656 visionum
1376 3615 1523 3677 pars
1560 3596 1862 3675 completa
1904 3592 2135 3656 fuerit:
2183 3595 2484 3674 completa
2529 3598 2751 3656 autem
2785 3595 2953 3677 jam,

742 3697 990 3760 facilior
1037 3696 1370 3761 intellectu
1423 3696 1506 3760 sit
1551 3717 1829 3775 necesse,
1882 3717 2075 3779 quam
2122 3716 2346 3760 recens
2393 3695 2623 3774 adhuc,
2663 3696 2958 3760 necdum

747 3799 959 3882 aliqua
1000 3821 1075 3863 ex
1116 3808 1299 3883 parte
1330 3801 1652 3880 completa.
1743 3800 1806 3862 A
1845 3799 2279 3879 complemento
2325 3799 2385 3862 ei
2430 3800 2540 3862 lux
2575 3806 2697 3863 est.
2792 3801 2958 3863 Pars

746 3901 1004 3984 quidem
1036 3902 1394 3983 complenda
1434 3907 1658 3980 restat,
1690 3921 1811 3964 nec
1840 3907 1992 3964 ante
2024 3900 2198 3965 diem
2234 3900 2656 3965 novissimum
2689 3903 2962 3983 comple-

744 4011 1014 4069 mentum
1041 4005 1363 4070 habitura.
1452 4007 1551 4070 Ea
1578 4025 1747 4082 vern,
1770 4003 2128 4068 etiamnum
2146 4004 2265 4069 sub
2285 4006 2542 4068 obscuro
2560 4013 2807 4085 manet,
2838 4005 2962 4070 ubi

746 4110 1135 4192 conjectavi-9,
1168 4115 1235 4172 et
1265 4128 1435 4190 opus,
1467 4115 1534 4172 et
1563 4107 1763 4186 locuS,
1782 4107 1896 4171 ubi
1927 4108 2143 4192 Regis,
2178 4129 2262 4172 an
2292 4115 2539 4187 vestrae,
2559 4129 2713 4172 vero
2744 4109 2961 4191 magis

745 4305 776 4340 a
798 4291 1005 4356 Lepide,
1024 4291 1217 4342 Comm.
1237 4291 1292 4340 in
1308 4290 1431 4340 Gen.
1456 4305 1559 4353 cap.
1574 4291 1629 4340 ii.
1654 4305 1700 4353 p.
1722 4292 1801 4342 33.
1890 4292 2055 4354 capite
2089 4291 2161 4341 xi.
2205 4294 2254 4342 3.
2302 4294 2348 4340 6.
2389 4295 2496 4341 tam
2541 4295 2715 4354 aperte
2772 4292 2964 4343 scribit

744 4357 836 4405 col.
863 4361 905 4406 1.
933 4357 989 4407 Β.
1034 4359 1189 4406 Antv.
1230 4358 1374 4405 1616.
1448 4355 1576 4404 Vide
1607 4369 1803 4419 quoque
1891 4355 2118 4418 Moysem
2162 4360 2215 4404 et
2249 4355 2414 4405 Eliam
2460 4370 2565 4405 esse
2604 4361 2866 4417 venturos,
2895 4364 2963 4406 ut

745 4418 871 4470 Bell.
907 4421 970 4471 de
1006 4420 1181 4470 Gratia
1211 4420 1365 4484 primi
1406 4419 1662 4470 Hominis.
1695 4435 1802 4483 cap.
1890 4435 2039 4469 nemo
2065 4435 2166 4469 non
2200 4419 2410 4477 solum,''
2437 4419 2743 4471 δια-30811.
2761 4421 2963 4472 Maldo-

741 4483 833 4531 xii.
876 4485 918 4533 O
958 4521 986 4543 .,
1020 4488 1142 4533 tom.
1166 4485 1232 4533 iv.
1256 4498 1304 4547 p.
1324 4486 1402 4533 11.
1427 4484 1526 4547 H.]
1890 4489 1993 4533 nat.
2012 4483 2316 4548 Commeat]
2331 4485 2386 4532 in
2404 4483 2588 4534 Matth.
2607 4486 2735 4534 xvii.
2756 4485 2905 4551 [tom.
2925 4488 2965 4535 i.

809 4554 831 4575 '¹
856 4547 907 4608 [“
1039 4550 1175 4597 terea
1187 4546 1221 4596 J
1225 4562 1410 4597 oannes
1425 4549 1480 4596 in
1499 4548 1804 4612 Apocalypsi
1890 4549 1982 4599 col.
2006 4552 2119 4599 356.
2142 4549 2203 4598 D.
2230 4548 2461 4610 Mogunt.
2482 4548 2654 4611 1611.]
