3165 4959
421 2598 481 2647 In
502 2598 595 2648 hac

439 2664 623 2725 isputa-

386 2728 524 2776 tionc
554 2727 665 2775 nihi

1486 1089 1590 1152 ΑΒ
1635 1088 1853 1153 CAPUT
1897 1089 2176 1154 NoNtm.

789 1336 951 1390 ‘Nulla
993 1340 1346 1405 probabilitate
1389 1358 1451 1392 ex
1491 1344 1608 1407 Cap.
1646 1345 1698 1395 ii.
1739 1344 1898 1408 Epist.
1935 1346 2168 1395 secundae
2203 1345 2267 1395 ad
2303 1345 2522 1396 Thessal.
2564 1347 2743 1410 colligi
2791 1362 2939 1411 posse

856 1421 1138 1473 Romanum
1178 1425 1476 1474 Pontificem
1512 1439 1617 1475 esse
1652 1426 2260 1491 Antichristum.—[Bell.
2299 1428 2447 1490 Apol.
2488 1443 2579 1491 pro
2619 1428 2769 1492 Resp.
2824 1429 2938 1491 Op„

856 1508 975 1551 tom.
1000 1505 1086 1553 vii.
1122 1504 1214 1553 col.
1242 1505 1351 1556 775.
1376 1505 1459 1569 Ι).]

723 1615 833 1678 Ex
877 1620 1142 1681 secundo
1193 1620 1409 1700 Capite
1454 1622 1732 1683 secundae
1777 1624 1866 1684 ad
1911 1622 2184 1686 Thessal.
2227 1622 2646 1704 probabiliter
2696 1626 2935 1706 colliyi,

1113 1722 1459 1785 Romanam
1490 1724 1855 1799 Pontificem
1885 1746 2015 1787 esse
2043 1726 2522 1788 Antichristum.

784 2154 1121 2207 Bellarminus
1166 2195 1177 2206 .
1215 2195 1225 2207 .
1262 2195 1273 2207 .
1320 2157 1564 2209 intactam
1602 2160 1882 2224 relinquere
1919 2162 2167 2224 potuisset
2208 2161 2624 2225 (disputationem
2668 2162 2732 2213 de
2778 2164 2934 2213 Anti-

844 2238 1067 2300 christo)
1094 2239 1148 2287 in
1166 2254 1267 2301 qua
1289 2239 1418 2287 nihil
1439 2240 1537 2288 sere
1551 2239 1657 2289 Rex
1677 2242 1906 2303 attingit,
1924 2241 2058 2304 quod
2080 2242 2260 2303 ipsein
2284 2242 2370 2291 lib.
2388 2243 2460 2290 iii.
2487 2241 2548 2291 de
2569 2243 2812 2293 Pontifice
2834 2281 2846 2293 .
2872 2282 2884 2293 .
2916 2283 2926 2293 .

841 2334 945 2368 non
970 2319 1272 2368 refutaverit.
1341 2318 1537 2369 Deinde
1559 2321 1722 2370 multa
1746 2320 1852 2371 Rex
1877 2337 1941 2370 ex
1965 2322 2087 2371 Rob.
2114 2322 2316 2371 Abbato
2351 2359 2362 2371 .
2399 2359 2411 2371 .
2449 2361 2460 2372 .
2497 2360 2508 2371 .
2544 2329 2806 2373 mutuatus
2828 2332 2926 2386 ent,

841 2399 903 2449 ad
929 2416 1041 2463 quae
1076 2437 1087 2449 .
1124 2436 1136 2448 .
1173 2437 1184 2449 .
1222 2400 1481 2463 respondit
1516 2438 1527 2449 .
1565 2438 1576 2449 .
1614 2436 1626 2449 .
1663 2400 2178 2466 Eudaemon—[Bell.
2211 2402 2360 2466 Apol.
2400 2417 2490 2466 pro
2527 2402 2698 2467 Resp.]
2732 2419 2780 2467 p.
2809 2408 2922 2456 127.

845 2483 978 2546 [Op.,
1011 2487 1133 2532 tom.
1158 2483 1242 2531 vii.
1278 2483 1388 2532 coll.
1418 2483 1528 2534 775.
1548 2482 1610 2531 D.
1636 2481 1745 2533 776.
1765 2483 1860 2546 A.]

715 2585 961 2647 POTUIT
997 2586 1298 2647 intactam
1332 2585 1679 2664 relinquere
1724 2589 1919 2644 totam
1953 2584 2141 2664 Reyz'e
2171 2583 2246 2644 de
2275 2585 2670 2647 Antichristo
2703 2587 2919 2668 dispu-

668 2688 1007 2775 ltationem
1061 2686 1437 2749 CardinaliS.
1537 2684 1780 2762 Potuit,
1838 2684 1952 2747 sed
2003 2685 2235 2748 noluit.
2341 2686 2564 2748 Potuit
2611 2688 2916 2769 primum,

384 2791 450 2839 ab
473 2791 673 2840 Abbato
721 2791 880 2860 Quia
926 2791 992 2851 in
1026 2790 1475 2851 Controversiis
1512 2808 1648 2850 eam
1682 2786 1828 2867 fere
1866 2785 2183 2866 refutavit,
2222 2787 2353 2865 ubi,
2392 2791 2534 2866 etsi,
2579 2792 2747 2870 quod
2773 2790 2919 2873 sere

385 2853 493 2903 Rex
516 2869 622 2904 mu-

384 2924 555 2968 cuatus
571 2919 683 2983 est]
698 2892 805 2972 fit,
836 2915 958 2955 non
989 2893 1075 2974 fit
1093 2919 1123 2971 ;
1169 2901 1387 2955 tamen
1427 2913 1547 2955 nec
1578 2891 1724 2971 fere
1752 2890 1915 2953 illud
1945 2911 2086 2955 vere
2116 2892 2196 2955 ab
2227 2913 2304 2955 eo
2334 2892 2601 2956 dictum.
2695 2894 2914 2957 Plera-

712 3016 835 3076 que
884 2996 1055 3058 enim
1094 2998 1287 3076 plena
1335 2995 1424 3058 ibi
1470 3005 1694 3056 manaa
1722 2996 2043 3076 congessit
2090 2997 2247 3072 Rex,
2282 3016 2422 3078 quae
2467 3016 2586 3058 nec
2621 2999 2918 3059 eoetremis

709 3096 962 3178 diqitieb
994 3097 1350 3160 Cardinalis
1380 3097 1617 3178 attigit,
1649 3095 1814 3159 forte
1845 3104 2090 3173 autem,
2113 3118 2194 3159 ne
2212 3103 2578 3178 punyerent.
2670 3099 2911 3177 Potuit,

714 3201 875 3270 Quia
903 3201 1099 3260 multa
1130 3199 1217 3260 ibi
1247 3204 1564 3260 mutuatu-9
1594 3199 1734 3260 Rea·
1775 3198 1854 3260 ab
1882 3199 2149 3277 Abbato‚
2184 3220 2359 3281 quem
2395 3200 2538 3280 jam
2584 3200 2913 3263 debellavit

706 3301 1097 3362 Eudoemone.
1191 3301 1290 3362 Sit
1320 3299 1578 3363 Abbato
1620 3322 1736 3362 sua
1780 3299 1940 3377 laus,
1986 3301 2070 3363 sit
2111 3309 2177 3363 et
2223 3322 2396 3377 cura,
2439 3322 2521 3363 ne
2550 3301 2910 3364 Eudaemon

703 3403 811 3467 ille
853 3402 963 3465 diu
992 3402 1350 3466 Eudaemon
1381 3403 1483 3465 sit.
1573 3404 1666 3465 At
1696 3404 1925 3484 Reyem
1966 3404 2044 3465 ab
2086 3404 2330 3467 Abbato
2376 3425 2491 3466 sua
2540 3411 2908 3482 mutuatam,

706 3507 815 3590 qui
846 3507 963 3569 scit
996 3505 1399 3569 Cardinalis?
1456 3505 1562 3587 qui
1609 3506 1768 3568 scire
1807 3506 2066 3588 potuit?
2157 3506 2410 3571 Quodsi
2453 3527 2572 3569 nec
2613 3506 2754 3583 scit,
2786 3527 2910 3568 nec

703 3609 862 3672 scire
891 3608 1121 3691 potuit,
1154 3616 1582 3690 praeterquam
1629 3607 1799 3690 quod
1838 3606 2194 3669 inurbanus
2236 3607 2307 3669 in
2352 3628 2428 3671 eo
2474 3616 2591 3685 est,
2625 3615 2692 3670 et
2732 3628 2908 3670 com-

702 3712 905 3774 mittit
944 3711 1014 3774 in
1054 3710 1260 3773 bonos
1302 3730 1533 3785 moreS,
1566 3730 1781 3772 annon
1821 3709 1991 3771 inter
2030 3730 2139 3772 eos
2180 3710 2516 3792 ponendus
2555 3710 2636 3773 de
2677 3710 2908 3791 quibus

703 3815 985 3896 loquitur
1034 3812 1401 3895 ApostoluS,
1449 3811 1549 3872 De
1601 3812 1818 3891 quibus
1863 3813 2143 3873 nesciunt
2193 3811 2600 3895 affirmantd?
2676 3813 2906 3892 Reqem

702 3917 1094 3978 mutuatum?
1179 3915 1324 3977 Imo
1384 3913 1546 3995 Regi
1598 3914 1735 3975 haec
1788 3913 1961 3976 domi
2015 3927 2391 3992 nascuntur,
2447 3914 2760 3976 meditata
2811 3914 2906 3976 illi

700 4028 869 4098 suut,
902 4043 940 4083 a
969 4019 1191 4082 multis
1214 4021 1348 4101 jam
1385 4017 1588 4080 annis·
1683 4018 1782 4079 Ab
1813 4018 2048 4080 Abbati
2095 4028 2310 4081 autem
2344 4020 2560 4081 librae!
2617 4018 2730 4081 illo
2763 4018 2902 4101 qui—

696 4124 843 4187 dem
890 4124 1017 4205 legi
1060 4122 1273 4204 dign0‚
1307 4121 1417 4184 sed
1463 4142 1655 4203 quam
1704 4120 1982 4184 necdum
2028 4123 2188 4204 Regi
2220 4123 2465 4185 vacavit
2512 4122 2747 4205 legere,
2782 4143 2901 4184 nec

757 4285 778 4308 ⁸
835 4277 988 4326 Cicer.
1015 4276 1078 4325 ad
1103 4277 1209 4324 Att.
1238 4275 1289 4324 ii.
1316 4272 1418 4336 25]
1833 4274 2022 4323 christo
2055 4272 2366 4335 sophismata
2389 4274 2751 4336 disputationis
2774 4275 2894 4323 libri

757 4340 778 4372 ὓ
837 4343 990 4391 Cicer,
1015 4356 1105 4404 pro
1130 4339 1302 4398 Caelio,
1325 4353 1430 4400 cap.
1457 4336 1568 4399 xii.]
1833 4344 1948 4397 tres,
1988 4337 2197 4399 Ingolst.
2225 4338 2390 4400 1609.]

755 4414 774 4436 ⁶
843 4406 1060 4454 Andrcae
1110 4401 1619 4452 Eudaemondoannis
1655 4397 1744 4461 Cy·
1897 4401 1918 4432 θ
1957 4406 1980 4450 1
2010 4402 2139 4450 Tim.
2165 4402 2199 4450 i.
2227 4402 2270 4452 7.

688 4470 847 4527 (lonii,
884 4485 911 4517 e
940 4469 1185 4518 Societate
1217 4467 1353 4524 Jesu‚
1383 4466 1619 4515 adversus
1653 4462 1742 4511 Ro·
1897 4475 1918 4499 ²
1970 4467 2303 4529 [Antichristi
2368 4466 2760 4523 Demonstratio,
2810 4469 2894 4516 &c

689 4532 818 4579 betti
877 4532 1066 4579 Abbati
1124 4530 1421 4579 Oxoniensis
1482 4530 1545 4578 de
1600 4529 1744 4581 Anti·
1832 4532 2050 4581 Auctore
2074 4530 2290 4581 Roberto
2308 4531 2526 4588 Abbato,
2553 4530 2709 4580 Lond.
2737 4531 2897 4595 1603]
