<?xml version="1.0" encoding="UTF-8"?>
<!DOCTYPE html PUBLIC "-//W3C//DTD XHTML 1.0 Transitional//EN"
    "http://www.w3.org/TR/xhtml1/DTD/xhtml1-transitional.dtd">
<html xmlns="http://www.w3.org/1999/xhtml" xml:lang="en" lang="en">
 <head>
  <title>
</title>
<meta http-equiv="Content-Type" content="text/html;charset=utf-8" />
  <meta name='ocr-system' content='tesseract 3.04.00' />
  <meta name='ocr-capabilities' content='ocr_page ocr_carea ocr_par ocr_line ocrx_word'/>
</head>
<body>
  <div class='ocr_page' id='page_1' title='image "./responsioadapol01andrgoog_0167.png"; bbox 0 0 3165 4959; ppageno 0'>
   <div class='ocr_carea' id='block_1_1' title="bbox 1000 333 2492 399">
    <p class='ocr_par' dir='ltr' id='par_1_1' title="bbox 1000 333 2492 399">
     <span class='ocr_line' id='line_1_1' title="bbox 1000 333 2492 399; baseline -0.001 -1"><span class='ocrx_word' id='word_1_1' title='bbox 1000 349 1366 398; x_wconf 69' lang='lat' dir='ltr'><strong>Arotoouu</strong></span> <span class='ocrx_word' id='word_1_2' title='bbox 1409 350 1772 399; x_wconf 70' lang='lat' dir='ltr'><strong>RssroNsm.</strong></span> <span class='ocrx_word' id='word_1_3' title='bbox 2040 333 2050 348; x_wconf 69' lang='lat'><em>⁸</em></span> <span class='ocrx_word' id='word_1_4' title='bbox 2371 334 2492 397; x_wconf 87' lang='lat'><strong>131</strong></span> 
     </span>
    </p>
   </div>
   <div class='ocr_carea' id='block_1_2' title="bbox 281 506 2498 1602">
    <p class='ocr_par' dir='ltr' id='par_1_2' title="bbox 281 506 2498 1602">
     <span class='ocr_line' id='line_1_2' title="bbox 285 506 2498 592; baseline 0.001 -22"><span class='ocrx_word' id='word_1_5' title='bbox 285 513 608 571; x_wconf 84' lang='lat' dir='ltr'><strong>memorat</strong></span> <span class='ocrx_word' id='word_1_6' title='bbox 661 507 740 571; x_wconf 91' lang='lat' dir='ltr'><strong>de</strong></span> <span class='ocrx_word' id='word_1_7' title='bbox 792 506 1265 586; x_wconf 79' lang='lat' dir='ltr'><strong>cardinalibus,</strong></span> <span class='ocrx_word' id='word_1_8' title='bbox 1315 507 1633 571; x_wconf 81' lang='lat' dir='ltr'>Classicus</span> <span class='ocrx_word' id='word_1_9' title='bbox 1684 509 1821 592; x_wconf 84' lang='lat' dir='ltr'><strong>jam</strong></span> <span class='ocrx_word' id='word_1_10' title='bbox 1869 510 2119 572; x_wconf 85' lang='lat' dir='ltr'><strong>Auctor</strong></span> <span class='ocrx_word' id='word_1_11' title='bbox 2169 513 2303 572; x_wconf 84' lang='lat' dir='ltr'><strong>est:</strong></span> <span class='ocrx_word' id='word_1_12' title='bbox 2374 508 2498 572; x_wconf 88' lang='lat' dir='ltr'><strong>Ille</strong></span> 
     </span>
     <span class='ocr_line' id='line_1_3' title="bbox 287 610 2497 695; baseline 0.001 -22"><span class='ocrx_word' id='word_1_13' title='bbox 287 620 509 674; x_wconf 87' lang='lat' dir='ltr'><strong>autem</strong></span> <span class='ocrx_word' id='word_1_14' title='bbox 542 612 874 675; x_wconf 89' lang='lat' dir='ltr'><strong>Bernardo</strong></span> <span class='ocrx_word' id='word_1_15' title='bbox 905 610 1115 674; x_wconf 88' lang='lat' dir='ltr'><strong>adhuc</strong></span> <span class='ocrx_word' id='word_1_16' title='bbox 1144 616 1405 674; x_wconf 92' lang='lat' dir='ltr'><strong>centum</strong></span> <span class='ocrx_word' id='word_1_17' title='bbox 1437 613 1625 674; x_wconf 87' lang='lat' dir='ltr'><strong>annis</strong></span> <span class='ocrx_word' id='word_1_18' title='bbox 1658 612 1897 695; x_wconf 88' lang='lat' dir='ltr'><strong>junior,</strong></span> <span class='ocrx_word' id='word_1_19' title='bbox 1930 611 2497 675; x_wconf 80' lang='lat' dir='ltr'><strong>Transubstantia-</strong></span> 
     </span>
     <span class='ocr_line' id='line_1_4' title="bbox 286 713 2495 797; baseline 0 -20"><span class='ocrx_word' id='word_1_20' title='bbox 286 715 486 778; x_wconf 85' lang='lat' dir='ltr'><strong>tionis</strong></span> <span class='ocrx_word' id='word_1_21' title='bbox 522 714 775 793; x_wconf 87' lang='lat' dir='ltr'><strong>saeculo,</strong></span> <span class='ocrx_word' id='word_1_22' title='bbox 810 737 937 797; x_wconf 92' lang='lat' dir='ltr'><strong>quo</strong></span> <span class='ocrx_word' id='word_1_23' title='bbox 972 723 1037 778; x_wconf 88' lang='lat' dir='ltr'><strong>et</strong></span> <span class='ocrx_word' id='word_1_24' title='bbox 1070 714 1441 778; x_wconf 78' lang='lat' dir='ltr'>cardinales</span> <span class='ocrx_word' id='word_1_25' title='bbox 1472 713 1597 797; x_wconf 91' lang='lat' dir='ltr'><strong>ipsi</strong></span> <span class='ocrx_word' id='word_1_26' title='bbox 1625 714 1889 779; x_wconf 88' lang='lat' dir='ltr'><strong>tandem</strong></span> <span class='ocrx_word' id='word_1_27' title='bbox 1926 715 2495 793; x_wconf 64' lang='lat' dir='ltr'><strong>tran-substantiali,</strong></span> 
     </span>
     <span class='ocr_line' id='line_1_5' title="bbox 287 817 2496 900; baseline 0 -20"><span class='ocrx_word' id='word_1_28' title='bbox 287 824 464 880; x_wconf 84' lang='lat' dir='ltr'><strong>certe</strong></span> <span class='ocrx_word' id='word_1_29' title='bbox 495 817 753 900; x_wconf 91' lang='lat' dir='ltr'><strong>quidem</strong></span> <span class='ocrx_word' id='word_1_30' title='bbox 786 817 1383 890; x_wconf 69' lang='lat' dir='ltr'><strong>transaccidentati;</strong></span> <span class='ocrx_word' id='word_1_31' title='bbox 1430 818 1736 900; x_wconf 87' lang='lat' dir='ltr'><strong>purpurei</strong></span> <span class='ocrx_word' id='word_1_32' title='bbox 1772 817 1943 881; x_wconf 90' lang='lat' dir='ltr'><strong>enim</strong></span> <span class='ocrx_word' id='word_1_33' title='bbox 1972 817 2149 896; x_wconf 87' lang='lat' dir='ltr'><strong>facti,</strong></span> <span class='ocrx_word' id='word_1_34' title='bbox 2183 818 2262 881; x_wconf 88' lang='lat' dir='ltr'><strong>ab</strong></span> <span class='ocrx_word' id='word_1_35' title='bbox 2295 818 2496 880; x_wconf 90' lang='lat' dir='ltr'><strong>Inno-</strong></span> 
     </span>
     <span class='ocr_line' id='line_1_6' title="bbox 289 919 2498 1003; baseline 0 -20"><span class='ocrx_word' id='word_1_36' title='bbox 289 920 507 983; x_wconf 86' lang='lat' dir='ltr'><strong>centio</strong></span> <span class='ocrx_word' id='word_1_37' title='bbox 538 921 682 998; x_wconf 87' lang='lat' dir='ltr'><strong>IV.,</strong></span> <span class='ocrx_word' id='word_1_38' title='bbox 733 941 808 983; x_wconf 89' lang='lat' dir='ltr'><strong>ac</strong></span> <span class='ocrx_word' id='word_1_39' title='bbox 849 920 945 983; x_wconf 89' lang='lat' dir='ltr'><strong>ita</strong></span> <span class='ocrx_word' id='word_1_40' title='bbox 990 919 1250 983; x_wconf 89' lang='lat' dir='ltr'><strong>demum</strong></span> <span class='ocrx_word' id='word_1_41' title='bbox 1301 919 1577 1002; x_wconf 90' lang='lat' dir='ltr'><strong>speciem</strong></span> <span class='ocrx_word' id='word_1_42' title='bbox 1630 919 1909 1003; x_wconf 87' lang='lat' dir='ltr'><strong>aliquam</strong></span> <span class='ocrx_word' id='word_1_43' title='bbox 1954 921 2237 984; x_wconf 90' lang='lat' dir='ltr'><strong>muudus</strong></span> <span class='ocrx_word' id='word_1_44' title='bbox 2282 919 2498 985; x_wconf 87' lang='lat' dir='ltr'><strong>videre</strong></span> 
     </span>
     <span class='ocr_line' id='line_1_7' title="bbox 292 1022 2497 1106; baseline -0 -19"><span class='ocrx_word' id='word_1_45' title='bbox 292 1023 463 1087; x_wconf 81' lang='lat' dir='ltr'><strong>visus</strong></span> <span class='ocrx_word' id='word_1_46' title='bbox 492 1030 592 1086; x_wconf 89' lang='lat' dir='ltr'><strong>est</strong></span> <span class='ocrx_word' id='word_1_47' title='bbox 622 1023 993 1106; x_wconf 86' lang='lat' dir='ltr'><strong>effulgentis</strong></span> <span class='ocrx_word' id='word_1_48' title='bbox 1024 1022 1460 1087; x_wconf 85' lang='lat' dir='ltr'><strong>Cardinalitiae</strong></span> <span class='ocrx_word' id='word_1_49' title='bbox 1490 1024 1845 1105; x_wconf 85' lang='lat' dir='ltr'><strong>diguitatis.</strong></span> <span class='ocrx_word' id='word_1_50' title='bbox 1943 1024 2128 1088; x_wconf 82' lang='lat' dir='ltr'><strong>Facti</strong></span> <span class='ocrx_word' id='word_1_51' title='bbox 2157 1031 2376 1088; x_wconf 86' lang='lat' dir='ltr'><strong>autem</strong></span> <span class='ocrx_word' id='word_1_52' title='bbox 2406 1024 2497 1086; x_wconf 89' lang='lat' dir='ltr'><strong>sic</strong></span> 
     </span>
     <span class='ocr_line' id='line_1_8' title="bbox 284 1126 2496 1210; baseline 0.001 -22"><span class='ocrx_word' id='word_1_53' title='bbox 284 1126 611 1209; x_wconf 86' lang='lat' dir='ltr'><strong>purpurei,</strong></span> <span class='ocrx_word' id='word_1_54' title='bbox 643 1134 719 1190; x_wconf 88' lang='lat' dir='ltr'><strong>ut</strong></span> <span class='ocrx_word' id='word_1_55' title='bbox 748 1127 851 1190; x_wconf 84' lang='lat' dir='ltr'><strong>vel</strong></span> <span class='ocrx_word' id='word_1_56' title='bbox 893 1126 976 1189; x_wconf 91' lang='lat' dir='ltr'><strong>ad</strong></span> <span class='ocrx_word' id='word_1_57' title='bbox 1020 1127 1400 1209; x_wconf 86' lang='lat' dir='ltr'><strong>sanguinem</strong></span> <span class='ocrx_word' id='word_1_58' title='bbox 1431 1148 1547 1210; x_wconf 93' lang='lat' dir='ltr'><strong>pro</strong></span> <span class='ocrx_word' id='word_1_59' title='bbox 1579 1127 1890 1191; x_wconf 86' lang='lat' dir='ltr'><strong>Pontifice</strong></span> <span class='ocrx_word' id='word_1_60' title='bbox 1920 1134 2147 1191; x_wconf 89' lang='lat' dir='ltr'><strong>contra</strong></span> <span class='ocrx_word' id='word_1_61' title='bbox 2175 1128 2496 1191; x_wconf 83' lang='lat' dir='ltr'><strong>Caesarem</strong></span> 
     </span>
     <span class='ocr_line' id='line_1_9' title="bbox 281 1228 2496 1312; baseline 0 -20"><span class='ocrx_word' id='word_1_62' title='bbox 281 1239 430 1292; x_wconf 89' lang='lat' dir='ltr'><strong>tum</strong></span> <span class='ocrx_word' id='word_1_63' title='bbox 462 1228 855 1292; x_wconf 84' lang='lat' dir='ltr'><strong>Fridericum</strong></span> <span class='ocrx_word' id='word_1_64' title='bbox 886 1230 984 1293; x_wconf 92' lang='grc' dir='ltr'><strong>ΙΙ.</strong></span> <span class='ocrx_word' id='word_1_65' title='bbox 1018 1236 1209 1312; x_wconf 86' lang='lat' dir='ltr'><strong>atque</strong></span> <span class='ocrx_word' id='word_1_66' title='bbox 1239 1251 1387 1293; x_wconf 87' lang='lat' dir='ltr'><strong>suos</strong></span> <span class='ocrx_word' id='word_1_67' title='bbox 1418 1229 1856 1293; x_wconf 76' lang='lat' dir='ltr'><strong>decertarent:</strong></span> <span class='ocrx_word' id='word_1_68' title='bbox 1903 1237 2096 1312; x_wconf 89' lang='lat' dir='ltr'><strong>atque</strong></span> <span class='ocrx_word' id='word_1_69' title='bbox 2124 1230 2218 1292; x_wconf 80' lang='lat' dir='ltr'><strong>ita.</strong></span> <span class='ocrx_word' id='word_1_70' title='bbox 2239 1232 2496 1311; x_wconf 78' lang='lat' dir='ltr'><strong>potiora</strong></span> 
     </span>
     <span class='ocr_line' id='line_1_10' title="bbox 283 1333 2497 1416; baseline 0 -21"><span class='ocrx_word' id='word_1_71' title='bbox 283 1335 416 1396; x_wconf 81' lang='lat' dir='ltr'><strong>haec</strong></span> <span class='ocrx_word' id='word_1_72' title='bbox 443 1334 743 1396; x_wconf 64' lang='lat' dir='ltr'><strong>Ecclesiae</strong></span> <span class='ocrx_word' id='word_1_73' title='bbox 779 1333 1051 1397; x_wconf 85' lang='lat' dir='ltr'><strong>membra</strong></span> <span class='ocrx_word' id='word_1_74' title='bbox 1089 1333 1484 1411; x_wconf 86' lang='lat' dir='ltr'><strong>Cardinales,</strong></span> <span class='ocrx_word' id='word_1_75' title='bbox 1518 1334 1799 1397; x_wconf 74' lang='lat' dir='ltr'><strong>Caesares</strong></span> <span class='ocrx_word' id='word_1_76' title='bbox 1839 1334 1971 1416; x_wconf 89' lang='lat' dir='ltr'><strong>(qui</strong></span> <span class='ocrx_word' id='word_1_77' title='bbox 2000 1333 2154 1397; x_wconf 91' lang='lat' dir='ltr'><strong>olim</strong></span> <span class='ocrx_word' id='word_1_78' title='bbox 2194 1333 2497 1397; x_wconf 72' lang='lat' dir='ltr'><strong>Ecclesiae</strong></span> 
     </span>
     <span class='ocr_line' id='line_1_11' title="bbox 283 1435 2495 1520; baseline 0 -22"><span class='ocrx_word' id='word_1_79' title='bbox 283 1436 557 1498; x_wconf 81' lang='lat' dir='ltr'><strong>membra</strong></span> <span class='ocrx_word' id='word_1_80' title='bbox 587 1436 924 1518; x_wconf 70' lang='lat' dir='ltr'><strong>potissima</strong></span> <span class='ocrx_word' id='word_1_81' title='bbox 970 1437 1177 1520; x_wconf 90' lang='lat' dir='ltr'><strong>erant)</strong></span> <span class='ocrx_word' id='word_1_82' title='bbox 1213 1436 1628 1500; x_wconf 79' lang='lat' dir='ltr'><strong>membratim</strong></span> <span class='ocrx_word' id='word_1_83' title='bbox 1672 1443 1867 1518; x_wconf 83' lang='lat' dir='ltr'><strong>atque</strong></span> <span class='ocrx_word' id='word_1_84' title='bbox 1909 1435 2217 1499; x_wconf 81' lang='lat' dir='ltr'><strong>artuatim</strong></span> <span class='ocrx_word' id='word_1_85' title='bbox 2248 1436 2495 1499; x_wconf 88' lang='lat' dir='ltr'><strong>delum·</strong></span> 
     </span>
     <span class='ocr_line' id='line_1_12' title="bbox 284 1539 540 1602; baseline -0.004 0"><span class='ocrx_word' id='word_1_86' title='bbox 284 1539 540 1602; x_wconf 86' lang='lat' dir='ltr'><strong>barent.</strong></span> 
     </span>
    </p>
   </div>
   <div class='ocr_carea' id='block_1_3' title="bbox 355 1665 2496 1895">
    <p class='ocr_par' dir='ltr' id='par_1_3' title="bbox 355 1665 2496 1895">
     <span class='ocr_line' id='line_1_13' title="bbox 355 1665 2496 1729; baseline 0 -15"><span class='ocrx_word' id='word_1_87' title='bbox 355 1665 502 1715; x_wconf 78' lang='lat' dir='ltr'><strong>Hanc</strong></span> <span class='ocrx_word' id='word_1_88' title='bbox 526 1679 640 1715; x_wconf 77' lang='lat' dir='ltr'><strong>vero</strong></span> <span class='ocrx_word' id='word_1_89' title='bbox 660 1666 991 1716; x_wconf 75' lang='lat' dir='ltr'><strong>eminentiam</strong></span> <span class='ocrx_word' id='word_1_90' title='bbox 1016 1666 1285 1729; x_wconf 76' lang='lat' dir='ltr'>dignitatis</span> <span class='ocrx_word' id='word_1_91' title='bbox 1306 1680 1467 1729; x_wconf 86' lang='lat' dir='ltr'><strong>neque</strong></span> <span class='ocrx_word' id='word_1_92' title='bbox 1491 1665 1599 1715; x_wconf 79' lang='lat' dir='ltr'><strong>Rex</strong></span> <span class='ocrx_word' id='word_1_93' title='bbox 1622 1665 1832 1729; x_wconf 80' lang='lat' dir='ltr'><strong>probare</strong></span> <span class='ocrx_word' id='word_1_94' title='bbox 1860 1666 2049 1729; x_wconf 83' lang='lat' dir='ltr'><strong>poterit</strong></span> <span class='ocrx_word' id='word_1_95' title='bbox 2070 1679 2136 1715; x_wconf 84' lang='lat' dir='ltr'><strong>ex</strong></span> <span class='ocrx_word' id='word_1_96' title='bbox 2157 1665 2496 1726; x_wconf 78' lang='lat' dir='ltr'><strong>conniventia,</strong></span> 
     </span>
     <span class='ocr_line' id='line_1_14' title="bbox 419 1745 2496 1813; baseline -0 -16"><span class='ocrx_word' id='word_1_97' title='bbox 419 1748 500 1797; x_wconf 76' lang='lat' dir='ltr'><strong>vei</strong></span> <span class='ocrx_word' id='word_1_98' title='bbox 531 1747 741 1798; x_wconf 80' lang='lat' dir='ltr'><strong>lenitate</strong></span> <span class='ocrx_word' id='word_1_99' title='bbox 775 1748 1069 1811; x_wconf 79' lang='lat' dir='ltr'><strong>Principum</strong></span> <span class='ocrx_word' id='word_1_100' title='bbox 1093 1747 1447 1811; x_wconf 68' lang='lat' dir='ltr'><strong>temporalium</strong></span> <span class='ocrx_word' id='word_1_101' title='bbox 1479 1746 2006 1813; x_wconf 64' lang='lat' dir='ltr'><strong>processisse-[Bell.</strong></span> <span class='ocrx_word' id='word_1_102' title='bbox 2030 1748 2178 1812; x_wconf 88' lang='lat' dir='ltr'><strong>Apol.</strong></span> <span class='ocrx_word' id='word_1_103' title='bbox 2203 1762 2295 1812; x_wconf 87' lang='lat' dir='ltr'><strong>pro</strong></span> <span class='ocrx_word' id='word_1_104' title='bbox 2323 1745 2496 1812; x_wconf 73' lang='lat' dir='ltr'><strong>Resp]</strong></span> 
     </span>
     <span class='ocr_line' id='line_1_15' title="bbox 420 1829 1338 1895; baseline 0 -17"><span class='ocrx_word' id='word_1_105' title='bbox 420 1847 469 1894; x_wconf 92' lang='lat' dir='ltr'><strong>p.</strong></span> <span class='ocrx_word' id='word_1_106' title='bbox 493 1833 570 1880; x_wconf 83' lang='lat'><strong>35.</strong></span> <span class='ocrx_word' id='word_1_107' title='bbox 595 1830 729 1895; x_wconf 90' lang='lat' dir='ltr'><strong>[Op.,</strong></span> <span class='ocrx_word' id='word_1_108' title='bbox 752 1835 874 1880; x_wconf 81' lang='lat' dir='ltr'><strong>tom.</strong></span> <span class='ocrx_word' id='word_1_109' title='bbox 894 1831 982 1880; x_wconf 81' lang='lat' dir='ltr'><strong>vii.</strong></span> <span class='ocrx_word' id='word_1_110' title='bbox 1006 1831 1099 1881; x_wconf 88' lang='lat' dir='ltr'><strong>col.</strong></span> <span class='ocrx_word' id='word_1_111' title='bbox 1125 1831 1235 1882; x_wconf 83' lang='lat'><strong>724.</strong></span> <span class='ocrx_word' id='word_1_112' title='bbox 1261 1829 1338 1894; x_wconf 88' lang='lat' dir='ltr'><strong>C.]</strong></span> 
     </span>
    </p>
   </div>
   <div class='ocr_carea' id='block_1_4' title="bbox 282 1937 2823 3667">
    <p class='ocr_par' dir='ltr' id='par_1_4' title="bbox 282 1937 2823 3667">
     <span class='ocr_line' id='line_1_16' title="bbox 376 1937 2821 2022; baseline -0 -22"><span class='ocrx_word' id='word_1_113' title='bbox 376 1937 647 2000; x_wconf 81' lang='lat' dir='ltr'><strong>Factum</strong></span> <span class='ocrx_word' id='word_1_114' title='bbox 690 1937 832 2016; x_wconf 92' lang='lat' dir='ltr'><strong>hoc,</strong></span> <span class='ocrx_word' id='word_1_115' title='bbox 880 1938 1267 2000; x_wconf 78' lang='lat' dir='ltr'><strong>conniventia</strong></span> <span class='ocrx_word' id='word_1_116' title='bbox 1312 1938 1696 2019; x_wconf 77' lang='lat' dir='ltr'><strong>Principum,</strong></span> <span class='ocrx_word' id='word_1_117' title='bbox 1740 1937 1869 2022; x_wconf 89' lang='lat' dir='ltr'><strong>qui,</strong></span> <span class='ocrx_word' id='word_1_118' title='bbox 1906 1937 2031 2001; x_wconf 90' lang='lat' dir='ltr'><strong>nisi</strong></span> <span class='ocrx_word' id='word_1_119' title='bbox 2075 1939 2495 2003; x_wconf 83' lang='lat' dir='ltr'><strong>semisomnes</strong></span> <span class='ocrx_word' id='word_1_120' title='bbox 2524 1950 2678 2013; x_wconf 76' lang='lat' dir='ltr'><strong>[Haec</strong></span> <span class='ocrx_word' id='word_1_121' title='bbox 2700 1951 2821 2000; x_wconf 80' lang='lat' dir='ltr'><strong>emi·</strong></span> 
     </span>
     <span class='ocr_line' id='line_1_17' title="bbox 286 2017 2823 2130; baseline 0 -26"><span class='ocrx_word' id='word_1_122' title='bbox 286 2047 431 2104; x_wconf 90' lang='lat' dir='ltr'><strong>tum</strong></span> <span class='ocrx_word' id='word_1_123' title='bbox 477 2039 814 2119; x_wconf 85' lang='lat' dir='ltr'><strong>sedissent,</strong></span> <span class='ocrx_word' id='word_1_124' title='bbox 847 2048 1126 2104; x_wconf 81' lang='lat' dir='ltr'><strong>strumas</strong></span> <span class='ocrx_word' id='word_1_125' title='bbox 1157 2041 1350 2105; x_wconf 90' lang='lat' dir='ltr'><strong>hasce</strong></span> <span class='ocrx_word' id='word_1_126' title='bbox 1389 2048 1644 2105; x_wconf 81' lang='lat' dir='ltr'><strong>mature</strong></span> <span class='ocrx_word' id='word_1_127' title='bbox 1687 2040 1918 2105; x_wconf 86' lang='lat' dir='ltr'><strong>incisas</strong></span> <span class='ocrx_word' id='word_1_128' title='bbox 1962 2042 2268 2125; x_wconf 87' lang='lat' dir='ltr'><strong>oportuit,</strong></span> <span class='ocrx_word' id='word_1_129' title='bbox 2298 2062 2383 2106; x_wconf 94' lang='lat' dir='ltr'><strong>ne</strong></span> <span class='ocrx_word' id='word_1_130' title='bbox 2414 2041 2495 2105; x_wconf 83' lang='lat' dir='ltr'><strong>ad</strong></span> <span class='ocrx_word' id='word_1_131' title='bbox 2521 2017 2719 2130; x_wconf 45' lang='grc' dir='ltr'><strong>’(1)ξῇῨο</strong></span> <span class='ocrx_word' id='word_1_132' title='bbox 2751 2094 2823 2129; x_wconf 81' lang='lat' dir='ltr'><strong>re-</strong></span> 
     </span>
     <span class='ocr_line' id='line_1_18' title="bbox 285 2144 2800 2228; baseline 0.001 -23"><span class='ocrx_word' id='word_1_133' title='bbox 285 2150 544 2206; x_wconf 86' lang='lat' dir='ltr'><strong>tantum</strong></span> <span class='ocrx_word' id='word_1_134' title='bbox 588 2151 910 2207; x_wconf 88' lang='lat' dir='ltr'><strong>tumorem</strong></span> <span class='ocrx_word' id='word_1_135' title='bbox 951 2150 1410 2222; x_wconf 78' lang='lat' dir='ltr'><strong>excrescerent,</strong></span> <span class='ocrx_word' id='word_1_136' title='bbox 1443 2150 1518 2207; x_wconf 88' lang='lat' dir='ltr'><strong>ut</strong></span> <span class='ocrx_word' id='word_1_137' title='bbox 1561 2166 1695 2207; x_wconf 91' lang='lat' dir='ltr'><strong>non</strong></span> <span class='ocrx_word' id='word_1_138' title='bbox 1739 2151 2005 2208; x_wconf 86' lang='lat' dir='ltr'><strong>strumae</strong></span> <span class='ocrx_word' id='word_1_139' title='bbox 2035 2146 2195 2228; x_wconf 82' lang='lat' dir='ltr'><strong>jam,</strong></span> <span class='ocrx_word' id='word_1_140' title='bbox 2230 2144 2342 2210; x_wconf 86' lang='lat' dir='ltr'><strong>sed</strong></span> <span class='ocrx_word' id='word_1_141' title='bbox 2378 2166 2494 2228; x_wconf 88' lang='lat' dir='ltr'><strong>pro</strong></span> <span class='ocrx_word' id='word_1_142' title='bbox 2519 2160 2640 2222; x_wconf 67' lang='lat' dir='ltr'><strong>gpm</strong></span> <span class='ocrx_word' id='word_1_143' title='bbox 2666 2146 2800 2194; x_wconf 82' lang='lat' dir='ltr'><strong>ineu-</strong></span> 
     </span>
     <span class='ocr_line' id='line_1_19' title="bbox 285 2208 2819 2328; baseline 0.001 -20"><span class='ocrx_word' id='word_1_144' title='bbox 285 2246 575 2308; x_wconf 71' lang='lat' dir='ltr'><strong>membris</strong></span> <span class='ocrx_word' id='word_1_145' title='bbox 631 2247 926 2310; x_wconf 72' lang='lat' dir='ltr'><strong>Ecclesiae</strong></span> <span class='ocrx_word' id='word_1_146' title='bbox 969 2247 1323 2328; x_wconf 78' lang='lat' dir='ltr'><strong>potioribus</strong></span> <span class='ocrx_word' id='word_1_147' title='bbox 1379 2246 1662 2310; x_wconf 87' lang='lat' dir='ltr'><strong>habeant</strong></span> <span class='ocrx_word' id='word_1_148' title='bbox 1725 2268 1794 2311; x_wconf 90' lang='lat' dir='ltr'><strong>se</strong></span> <span class='ocrx_word' id='word_1_149' title='bbox 1853 2247 2099 2326; x_wconf 84' lang='lat' dir='ltr'><strong>saltem,</strong></span> <span class='ocrx_word' id='word_1_150' title='bbox 2155 2248 2352 2311; x_wconf 90' lang='lat' dir='ltr'><strong>etiam</strong></span> <span class='ocrx_word' id='word_1_151' title='bbox 2411 2246 2493 2310; x_wconf 85' lang='lat' dir='ltr'><strong>ab</strong></span> <span class='ocrx_word' id='word_1_152' title='bbox 2520 2225 2597 2260; x_wconf 81' lang='lat' dir='ltr'><strong>na</strong></span> <span class='ocrx_word' id='word_1_153' title='bbox 2608 2208 2819 2272; x_wconf 37' lang='grc' dir='ltr'><strong>ὁκοῖα]</strong></span> 
     </span>
     <span class='ocr_line' id='line_1_20' title="bbox 286 2348 2494 2433; baseline 0.001 -23"><span class='ocrx_word' id='word_1_154' title='bbox 286 2350 504 2412; x_wconf 75' lang='lat' dir='ltr'><strong>idiotis</strong></span> <span class='ocrx_word' id='word_1_155' title='bbox 535 2350 699 2413; x_wconf 84' lang='lat' dir='ltr'><strong>forte</strong></span> <span class='ocrx_word' id='word_1_156' title='bbox 738 2371 852 2432; x_wconf 91' lang='lat' dir='ltr'><strong>pro</strong></span> <span class='ocrx_word' id='word_1_157' title='bbox 881 2349 1117 2413; x_wconf 86' lang='lat' dir='ltr'><strong>talibus</strong></span> <span class='ocrx_word' id='word_1_158' title='bbox 1144 2348 1523 2413; x_wconf 85' lang='lat' dir='ltr'><strong>habeantur.</strong></span> <span class='ocrx_word' id='word_1_159' title='bbox 1614 2350 1940 2431; x_wconf 70' lang='lat' dir='ltr'><strong>Eliqerent</strong></span> <span class='ocrx_word' id='word_1_160' title='bbox 1970 2351 2350 2414; x_wconf 89' lang='lat' dir='ltr'><strong>Pontificem</strong></span> <span class='ocrx_word' id='word_1_161' title='bbox 2384 2349 2494 2433; x_wconf 92' lang='lat' dir='ltr'><strong>qui</strong></span> 
     </span>
     <span class='ocr_line' id='line_1_21' title="bbox 285 2451 2729 2538; baseline 0 -21"><span class='ocrx_word' id='word_1_162' title='bbox 285 2453 463 2533; x_wconf 91' lang='lat' dir='ltr'><strong>olim,</strong></span> <span class='ocrx_word' id='word_1_163' title='bbox 498 2453 775 2517; x_wconf 87' lang='lat' dir='ltr'><strong>Romani</strong></span> <span class='ocrx_word' id='word_1_164' title='bbox 815 2452 1180 2537; x_wconf 85' lang='lat' dir='ltr'><strong>Presbyteri</strong></span> <span class='ocrx_word' id='word_1_165' title='bbox 1209 2474 1357 2517; x_wconf 90' lang='lat' dir='ltr'><strong>cum</strong></span> <span class='ocrx_word' id='word_1_166' title='bbox 1387 2451 1843 2518; x_wconf 88' lang='lat' dir='ltr'><strong>suburbicariis</strong></span> <span class='ocrx_word' id='word_1_167' title='bbox 1883 2453 2232 2537; x_wconf 88' lang='lat' dir='ltr'><strong>Episcopis,</strong></span> <span class='ocrx_word' id='word_1_168' title='bbox 2267 2475 2492 2538; x_wconf 85' lang='lat' dir='ltr'><strong>appro-</strong></span> <span class='ocrx_word' id='word_1_169' title='bbox 2611 2462 2729 2526; x_wconf 85' lang='lat'><strong>101</strong></span> 
     </span>
     <span class='ocr_line' id='line_1_22' title="bbox 290 2557 2500 2640; baseline -0 -20"><span class='ocrx_word' id='word_1_170' title='bbox 290 2557 487 2620; x_wconf 84' lang='lat' dir='ltr'><strong>bante</strong></span> <span class='ocrx_word' id='word_1_171' title='bbox 529 2558 883 2620; x_wconf 79' lang='lat' dir='ltr'><strong>electionem</strong></span> <span class='ocrx_word' id='word_1_172' title='bbox 913 2558 1202 2635; x_wconf 83' lang='lat' dir='ltr'><strong>Caesare3</strong></span> <span class='ocrx_word' id='word_1_173' title='bbox 1248 2577 1445 2640; x_wconf 89' lang='lat' dir='ltr'><strong>penes</strong></span> <span class='ocrx_word' id='word_1_174' title='bbox 1482 2577 1659 2639; x_wconf 88' lang='lat' dir='ltr'><strong>quos,</strong></span> <span class='ocrx_word' id='word_1_175' title='bbox 1692 2578 1840 2620; x_wconf 90' lang='lat' dir='ltr'><strong>cum</strong></span> <span class='ocrx_word' id='word_1_176' title='bbox 1885 2565 2052 2620; x_wconf 88' lang='lat' dir='ltr'><strong>esset</strong></span> <span class='ocrx_word' id='word_1_177' title='bbox 2096 2557 2332 2633; x_wconf 84' lang='lat' dir='ltr'><strong>electi0,</strong></span> <span class='ocrx_word' id='word_1_178' title='bbox 2366 2577 2500 2619; x_wconf 92' lang='lat' dir='ltr'><strong>non</strong></span> 
     </span>
     <span class='ocr_line' id='line_1_23' title="bbox 288 2656 2500 2742; baseline -0.001 -20"><span class='ocrx_word' id='word_1_179' title='bbox 288 2668 427 2722; x_wconf 83' lang='lat' dir='ltr'><strong>tam</strong></span> <span class='ocrx_word' id='word_1_180' title='bbox 485 2658 821 2742; x_wconf 87' lang='lat' dir='ltr'><strong>fulgebant</strong></span> <span class='ocrx_word' id='word_1_181' title='bbox 879 2658 1138 2741; x_wconf 87' lang='lat' dir='ltr'><strong>quidem</strong></span> <span class='ocrx_word' id='word_1_182' title='bbox 1197 2665 1338 2721; x_wconf 89' lang='lat' dir='ltr'><strong>tum</strong></span> <span class='ocrx_word' id='word_1_183' title='bbox 1390 2659 1493 2721; x_wconf 82' lang='lat' dir='ltr'><strong>vel</strong></span> <span class='ocrx_word' id='word_1_184' title='bbox 1548 2657 1924 2735; x_wconf 86' lang='lat' dir='ltr'><strong>rutilabant,</strong></span> <span class='ocrx_word' id='word_1_185' title='bbox 1979 2679 2113 2721; x_wconf 91' lang='lat' dir='ltr'><strong>non</strong></span> <span class='ocrx_word' id='word_1_186' title='bbox 2163 2664 2301 2720; x_wconf 87' lang='lat' dir='ltr'><strong>tam</strong></span> <span class='ocrx_word' id='word_1_187' title='bbox 2359 2656 2500 2720; x_wconf 89' lang='lat' dir='ltr'><strong>aliis</strong></span> 
     </span>
     <span class='ocr_line' id='line_1_24' title="bbox 289 2759 2497 2843; baseline -0.001 -18"><span class='ocrx_word' id='word_1_188' title='bbox 289 2762 589 2826; x_wconf 89' lang='lat' dir='ltr'><strong>omnibus</strong></span> <span class='ocrx_word' id='word_1_189' title='bbox 618 2762 1065 2839; x_wconf 87' lang='lat' dir='ltr'><strong>imminebant,</strong></span> <span class='ocrx_word' id='word_1_190' title='bbox 1096 2769 1172 2825; x_wconf 91' lang='lat' dir='ltr'><strong>ut</strong></span> <span class='ocrx_word' id='word_1_191' title='bbox 1205 2783 1274 2825; x_wconf 88' lang='lat' dir='ltr'><strong>se</strong></span> <span class='ocrx_word' id='word_1_192' title='bbox 1304 2763 1541 2843; x_wconf 62' lang='lat' dir='ltr'><strong>Regum</strong></span> <span class='ocrx_word' id='word_1_193' title='bbox 1581 2762 1846 2842; x_wconf 79' lang='lat' dir='ltr'><strong>aequales</strong></span> <span class='ocrx_word' id='word_1_194' title='bbox 1874 2760 1973 2823; x_wconf 90' lang='lat' dir='ltr'><strong>vel</strong></span> <span class='ocrx_word' id='word_1_195' title='bbox 2004 2761 2251 2822; x_wconf 75' lang='lat' dir='ltr'><strong>cemulos</strong></span> <span class='ocrx_word' id='word_1_196' title='bbox 2286 2759 2497 2842; x_wconf 83' lang='lat' dir='ltr'><strong>palam</strong></span> 
     </span>
     <span class='ocr_line' id='line_1_25' title="bbox 290 2851 2501 2948; baseline -0.001 -20"><span class='ocrx_word' id='word_1_197' title='bbox 290 2865 430 2928; x_wconf 84' lang='lat' dir='ltr'><strong>ausi</strong></span> <span class='ocrx_word' id='word_1_198' title='bbox 488 2851 625 2928; x_wconf 43' lang='lat' dir='ltr'><strong>sint‘</strong></span> <span class='ocrx_word' id='word_1_199' title='bbox 678 2864 978 2948; x_wconf 87' lang='lat' dir='ltr'><strong>profiteri,</strong></span> <span class='ocrx_word' id='word_1_200' title='bbox 1033 2886 1154 2929; x_wconf 91' lang='lat' dir='ltr'><strong>nec</strong></span> <span class='ocrx_word' id='word_1_201' title='bbox 1213 2863 1580 2929; x_wconf 87' lang='lat' dir='ltr'><strong>scribebant</strong></span> <span class='ocrx_word' id='word_1_202' title='bbox 1634 2862 1864 2946; x_wconf 86' lang='lat' dir='ltr'><strong>Capita</strong></span> <span class='ocrx_word' id='word_1_203' title='bbox 1914 2863 1989 2925; x_wconf 85' lang='lat' dir='ltr'><strong>de</strong></span> <span class='ocrx_word' id='word_1_204' title='bbox 2041 2863 2501 2944; x_wconf 84' lang='lat' dir='ltr'><strong>comparatione</strong></span> 
     </span>
     <span class='ocr_line' id='line_1_26' title="bbox 290 2964 2497 3049; baseline -0 -20"><span class='ocrx_word' id='word_1_205' title='bbox 290 2968 499 3049; x_wconf 62' lang='lat' dir='ltr'><strong>ReyiS,</strong></span> <span class='ocrx_word' id='word_1_206' title='bbox 542 2973 603 3030; x_wconf 89' lang='lat' dir='ltr'><strong>et</strong></span> <span class='ocrx_word' id='word_1_207' title='bbox 653 2968 1030 3030; x_wconf 76' lang='lat' dir='ltr'><strong>Cardinalis.</strong></span> <span class='ocrx_word' id='word_1_208' title='bbox 1122 2968 1348 3031; x_wconf 89' lang='lat' dir='ltr'><strong>Clerus</strong></span> <span class='ocrx_word' id='word_1_209' title='bbox 1395 2967 1746 3043; x_wconf 86' lang='lat' dir='ltr'><strong>Romanus,</strong></span> <span class='ocrx_word' id='word_1_210' title='bbox 1779 2964 1833 3027; x_wconf 88' lang='lat' dir='ltr'><strong>si</strong></span> <span class='ocrx_word' id='word_1_211' title='bbox 1874 2986 2061 3028; x_wconf 91' lang='lat' dir='ltr'><strong>suum</strong></span> <span class='ocrx_word' id='word_1_212' title='bbox 2105 2964 2177 3027; x_wconf 92' lang='lat' dir='ltr'><strong>in</strong></span> <span class='ocrx_word' id='word_1_213' title='bbox 2220 2965 2497 3048; x_wconf 70' lang='lat' dir='ltr'><strong>eliqendo</strong></span> 
     </span>
     <span class='ocr_line' id='line_1_27' title="bbox 282 3067 2497 3153; baseline -0.001 -21"><span class='ocrx_word' id='word_1_214' title='bbox 282 3071 393 3153; x_wconf 89' lang='lat' dir='ltr'><strong>jus</strong></span> <span class='ocrx_word' id='word_1_215' title='bbox 434 3070 824 3149; x_wconf 86' lang='lat' dir='ltr'><strong>retinuisset,</strong></span> <span class='ocrx_word' id='word_1_216' title='bbox 865 3071 1080 3134; x_wconf 87' lang='lat' dir='ltr'><strong>Caesar</strong></span> <span class='ocrx_word' id='word_1_217' title='bbox 1120 3069 1172 3132; x_wconf 91' lang='lat' dir='ltr'><strong>si</strong></span> <span class='ocrx_word' id='word_1_218' title='bbox 1216 3091 1424 3147; x_wconf 89' lang='lat' dir='ltr'><strong>suum,</strong></span> <span class='ocrx_word' id='word_1_219' title='bbox 1473 3068 1702 3132; x_wconf 85' lang='lat' dir='ltr'><strong>saltem</strong></span> <span class='ocrx_word' id='word_1_220' title='bbox 1745 3068 1816 3131; x_wconf 91' lang='lat' dir='ltr'><strong>in</strong></span> <span class='ocrx_word' id='word_1_221' title='bbox 1859 3067 2317 3148; x_wconf 88' lang='lat' dir='ltr'><strong>confirmando,</strong></span> <span class='ocrx_word' id='word_1_222' title='bbox 2363 3090 2497 3131; x_wconf 90' lang='grc'>11011</span> 
     </span>
     <span class='ocr_line' id='line_1_28' title="bbox 289 3170 2497 3259; baseline -0.001 -23"><span class='ocrx_word' id='word_1_223' title='bbox 289 3172 727 3236; x_wconf 78' lang='lat' dir='ltr'><strong>extuberasset</strong></span> <span class='ocrx_word' id='word_1_224' title='bbox 788 3193 989 3255; x_wconf 92' lang='lat' dir='ltr'><strong>usque</strong></span> <span class='ocrx_word' id='word_1_225' title='bbox 1037 3172 1196 3235; x_wconf 86' lang='lat' dir='ltr'><strong>adeo</strong></span> <span class='ocrx_word' id='word_1_226' title='bbox 1249 3171 1530 3254; x_wconf 81' lang='lat' dir='ltr'><strong>dignitas</strong></span> <span class='ocrx_word' id='word_1_227' title='bbox 1581 3171 1755 3259; x_wconf 73' lang='lat' dir='ltr'><strong>haec:</strong></span> <span class='ocrx_word' id='word_1_228' title='bbox 1820 3170 2105 3235; x_wconf 86' lang='lat' dir='ltr'><strong>subsidet</strong></span> <span class='ocrx_word' id='word_1_229' title='bbox 2156 3178 2396 3249; x_wconf 90' lang='lat' dir='ltr'><strong>autem,</strong></span> <span class='ocrx_word' id='word_1_230' title='bbox 2444 3171 2497 3233; x_wconf 90' lang='lat' dir='ltr'><strong>si</strong></span> 
     </span>
     <span class='ocr_line' id='line_1_29' title="bbox 286 3273 2494 3360; baseline 0 -23"><span class='ocrx_word' id='word_1_231' title='bbox 286 3276 567 3358; x_wconf 84' lang='lat' dir='ltr'><strong>priscum</strong></span> <span class='ocrx_word' id='word_1_232' title='bbox 591 3276 700 3359; x_wconf 89' lang='lat' dir='ltr'><strong>jus</strong></span> <span class='ocrx_word' id='word_1_233' title='bbox 727 3282 1045 3360; x_wconf 84' lang='lat' dir='ltr'><strong>repetant.</strong></span> <span class='ocrx_word' id='word_1_234' title='bbox 1106 3275 1264 3338; x_wconf 93' lang='lat' dir='ltr'><strong>Non</strong></span> <span class='ocrx_word' id='word_1_235' title='bbox 1292 3273 1535 3337; x_wconf 84' lang='lat' dir='ltr'><strong>factum</strong></span> <span class='ocrx_word' id='word_1_236' title='bbox 1565 3274 1723 3338; x_wconf 90' lang='lat' dir='ltr'><strong>hoc:</strong></span> <span class='ocrx_word' id='word_1_237' title='bbox 1771 3297 1903 3338; x_wconf 92' lang='lat' dir='ltr'><strong>non</strong></span> <span class='ocrx_word' id='word_1_238' title='bbox 1932 3274 2135 3338; x_wconf 88' lang='lat' dir='ltr'><strong>initiis</strong></span> <span class='ocrx_word' id='word_1_239' title='bbox 2159 3296 2494 3339; x_wconf 88' lang='lat' dir='ltr'><strong>occursum</strong></span> 
     </span>
     <span class='ocr_line' id='line_1_30' title="bbox 287 3377 2497 3462; baseline -0.001 -20"><span class='ocrx_word' id='word_1_240' title='bbox 287 3386 405 3442; x_wconf 82' lang='lat' dir='ltr'><strong>est.</strong></span> <span class='ocrx_word' id='word_1_241' title='bbox 506 3379 815 3442; x_wconf 87' lang='lat' dir='ltr'><strong>Eminent</strong></span> <span class='ocrx_word' id='word_1_242' title='bbox 860 3399 1013 3461; x_wconf 87' lang='lat' dir='ltr'><strong>ergo</strong></span> <span class='ocrx_word' id='word_1_243' title='bbox 1047 3378 1206 3461; x_wconf 88' lang='lat' dir='ltr'><strong>jam,</strong></span> <span class='ocrx_word' id='word_1_244' title='bbox 1253 3377 1797 3460; x_wconf 84' lang='lat' dir='ltr'><strong>praeeminentque</strong></span> <span class='ocrx_word' id='word_1_245' title='bbox 1841 3379 1940 3442; x_wconf 90' lang='lat' dir='ltr'><strong>vel</strong></span> <span class='ocrx_word' id='word_1_246' title='bbox 1987 3378 2273 3461; x_wconf 85' lang='lat' dir='ltr'><strong>Regibus</strong></span> <span class='ocrx_word' id='word_1_247' title='bbox 2316 3379 2497 3462; x_wconf 89' lang='lat' dir='ltr'><strong>ipsis,</strong></span> 
     </span>
     <span class='ocr_line' id='line_1_31' title="bbox 288 3480 2496 3563; baseline -0 -19"><span class='ocrx_word' id='word_1_248' title='bbox 288 3482 680 3563; x_wconf 63' lang='lat' dir='ltr'><strong>coadjutores</strong></span> <span class='ocrx_word' id='word_1_249' title='bbox 711 3480 1027 3563; x_wconf 69' lang='lat' dir='ltr'><strong>Pontifici,</strong></span> <span class='ocrx_word' id='word_1_250' title='bbox 1057 3502 1192 3544; x_wconf 93' lang='lat' dir='ltr'><strong>non</strong></span> <span class='ocrx_word' id='word_1_251' title='bbox 1234 3489 1370 3544; x_wconf 85' lang='lat' dir='ltr'><strong>tam</strong></span> <span class='ocrx_word' id='word_1_252' title='bbox 1405 3482 1473 3543; x_wconf 84' lang='lat' dir='ltr'><strong>in</strong></span> <span class='ocrx_word' id='word_1_253' title='bbox 1508 3481 1781 3563; x_wconf 75' lang='lat' dir='ltr'><strong>reyenda</strong></span> <span class='ocrx_word' id='word_1_254' title='bbox 1819 3483 2157 3544; x_wconf 76' lang='lat' dir='ltr'><strong>universali</strong></span> <span class='ocrx_word' id='word_1_255' title='bbox 2185 3482 2496 3559; x_wconf 74' lang='lat' dir='ltr'><strong>Ecclesia,</strong></span> 
     </span>
     <span class='ocr_line' id='line_1_32' title="bbox 287 3582 2497 3667; baseline -0.001 -19"><span class='ocrx_word' id='word_1_256' title='bbox 287 3606 481 3667; x_wconf 85' lang='lat' dir='ltr'><strong>quam</strong></span> <span class='ocrx_word' id='word_1_257' title='bbox 530 3584 602 3647; x_wconf 90' lang='lat' dir='ltr'><strong>in</strong></span> <span class='ocrx_word' id='word_1_258' title='bbox 660 3585 997 3648; x_wconf 77' lang='lat' dir='ltr'><strong>universali</strong></span> <span class='ocrx_word' id='word_1_259' title='bbox 1042 3589 1359 3666; x_wconf 74' lang='lat' dir='ltr'><strong>potestate</strong></span> <span class='ocrx_word' id='word_1_260' title='bbox 1402 3584 1602 3666; x_wconf 70' lang='lat' dir='ltr'><strong>Reqia</strong></span> <span class='ocrx_word' id='word_1_261' title='bbox 1650 3584 1857 3665; x_wconf 83' lang='lat' dir='ltr'><strong>magis</strong></span> <span class='ocrx_word' id='word_1_262' title='bbox 1908 3582 2116 3646; x_wconf 90' lang='lat' dir='ltr'><strong>indies</strong></span> <span class='ocrx_word' id='word_1_263' title='bbox 2162 3583 2497 3666; x_wconf 88' lang='lat' dir='ltr'><strong>magisque</strong></span> 
     </span>
    </p>
   </div>
   <div class='ocr_carea' id='block_1_5' title="bbox 285 3687 690 3771">
    <p class='ocr_par' dir='ltr' id='par_1_5' title="bbox 285 3687 690 3771">
     <span class='ocr_line' id='line_1_33' title="bbox 285 3687 690 3771; baseline -0.002 -20"><span class='ocrx_word' id='word_1_264' title='bbox 285 3687 690 3771; x_wconf 86' lang='lat' dir='ltr'><strong>proterenda.</strong></span> 
     </span>
    </p>
   </div>
   <div class='ocr_carea' id='block_1_6' title="bbox 350 3838 2824 4435">
    <p class='ocr_par' dir='ltr' id='par_1_6' title="bbox 350 3838 2824 4435">
     <span class='ocr_line' id='line_1_34' title="bbox 350 3838 2499 3907; baseline -0 -17"><span class='ocrx_word' id='word_1_265' title='bbox 350 3840 452 3890; x_wconf 83' lang='lat' dir='ltr'><strong>Sed</strong></span> <span class='ocrx_word' id='word_1_266' title='bbox 473 3841 674 3890; x_wconf 82' lang='lat' dir='ltr'><strong>etiamsi</strong></span> <span class='ocrx_word' id='word_1_267' title='bbox 697 3840 979 3891; x_wconf 77' lang='lat' dir='ltr'><strong>cardinalis</strong></span> <span class='ocrx_word' id='word_1_268' title='bbox 1003 3841 1341 3892; x_wconf 79' lang='lat' dir='ltr'><strong>Bellarminus</strong></span> <span class='ocrx_word' id='word_1_269' title='bbox 1372 3845 1606 3907; x_wconf 84' lang='lat' dir='ltr'><strong>parentes</strong></span> <span class='ocrx_word' id='word_1_270' title='bbox 1631 3840 1890 3891; x_wconf 75' lang='lat' dir='ltr'><strong>habuisset</strong></span> <span class='ocrx_word' id='word_1_271' title='bbox 1911 3838 2130 3903; x_wconf 81' lang='lat' dir='ltr'><strong>opifices,</strong></span> <span class='ocrx_word' id='word_1_272' title='bbox 2148 3842 2237 3890; x_wconf 77' lang='lat' dir='ltr'><strong>aut</strong></span> <span class='ocrx_word' id='word_1_273' title='bbox 2269 3839 2499 3901; x_wconf 85' lang='lat' dir='ltr'><strong>rusticos,</strong></span> 
     </span>
     <span class='ocr_line' id='line_1_35' title="bbox 419 3921 2500 3988; baseline -0 -17"><span class='ocrx_word' id='word_1_274' title='bbox 419 3921 569 3972; x_wconf 89' lang='lat' dir='ltr'><strong>modo</strong></span> <span class='ocrx_word' id='word_1_275' title='bbox 593 3923 893 3980; x_wconf 83' lang='lat' dir='ltr'><strong>Catholicos.</strong></span> <span class='ocrx_word' id='word_1_276' title='bbox 917 3928 968 3974; x_wconf 87' lang='lat' dir='ltr'><strong>et</strong></span> <span class='ocrx_word' id='word_1_277' title='bbox 998 3925 1123 3988; x_wconf 84' lang='lat' dir='ltr'><strong>pios,</strong></span> <span class='ocrx_word' id='word_1_278' title='bbox 1148 3940 1251 3974; x_wconf 91' lang='lat' dir='ltr'><strong>non</strong></span> <span class='ocrx_word' id='word_1_279' title='bbox 1272 3924 1599 3982; x_wconf 85' lang='lat' dir='ltr'><strong>erubesceret,</strong></span> <span class='ocrx_word' id='word_1_280' title='bbox 1624 3938 1740 3973; x_wconf 85' lang='lat' dir='ltr'><strong>cum</strong></span> <span class='ocrx_word' id='word_1_281' title='bbox 1768 3923 1894 3973; x_wconf 76' lang='lat' dir='ltr'><strong>sciat</strong></span> <span class='ocrx_word' id='word_1_282' title='bbox 1917 3922 2214 3986; x_wconf 82' lang='lat' dir='ltr'><strong>Principum</strong></span> <span class='ocrx_word' id='word_1_283' title='bbox 2238 3922 2500 3988; x_wconf 87' lang='lat' dir='ltr'><strong>Apostolo-</strong></span> 
     </span>
     <span class='ocr_line' id='line_1_36' title="bbox 417 4003 2498 4069; baseline -0 -16"><span class='ocrx_word' id='word_1_284' title='bbox 417 4019 549 4065; x_wconf 87' lang='lat' dir='ltr'><strong>rum,</strong></span> <span class='ocrx_word' id='word_1_285' title='bbox 580 4005 797 4055; x_wconf 76' lang='lat' dir='ltr'><strong>alterum</strong></span> <span class='ocrx_word' id='word_1_286' title='bbox 819 4007 1137 4069; x_wconf 77' lang='lat' dir='ltr'><strong>piscatorem,</strong></span> <span class='ocrx_word' id='word_1_287' title='bbox 1157 4007 1376 4056; x_wconf 83' lang='lat' dir='ltr'><strong>alterum</strong></span> <span class='ocrx_word' id='word_1_288' title='bbox 1399 4005 1854 4056; x_wconf 79' lang='lat' dir='ltr'><strong>Tabernsculorum</strong></span> <span class='ocrx_word' id='word_1_289' title='bbox 1888 4003 2120 4068; x_wconf 84' lang='lat' dir='ltr'><strong>opificem</strong></span> <span class='ocrx_word' id='word_1_290' title='bbox 2141 4005 2308 4064; x_wconf 80' lang='lat' dir='ltr'><strong>fuisse,</strong></span> <span class='ocrx_word' id='word_1_291' title='bbox 2332 4003 2498 4053; x_wconf 81' lang='lat' dir='ltr'><strong>David</strong></span> 
     </span>
     <span class='ocr_line' id='line_1_37' title="bbox 417 4085 2496 4152; baseline 0 -19"><span class='ocrx_word' id='word_1_292' title='bbox 417 4100 613 4148; x_wconf 87' lang='lat' dir='ltr'><strong>quoque</strong></span> <span class='ocrx_word' id='word_1_293' title='bbox 637 4085 826 4149; x_wconf 81' lang='lat' dir='ltr'><strong>Regem</strong></span> <span class='ocrx_word' id='word_1_294' title='bbox 846 4101 877 4137; x_wconf 84' lang='lat' dir='ltr'><strong>a</strong></span> <span class='ocrx_word' id='word_1_295' title='bbox 898 4089 1096 4152; x_wconf 77' lang='lat' dir='ltr'><strong>pascuis</strong></span> <span class='ocrx_word' id='word_1_296' title='bbox 1116 4087 1180 4137; x_wconf 79' lang='lat' dir='ltr'><strong>ad</strong></span> <span class='ocrx_word' id='word_1_297' title='bbox 1200 4088 1432 4152; x_wconf 79' lang='lat' dir='ltr'><strong>Regnum</strong></span> <span class='ocrx_word' id='word_1_298' title='bbox 1455 4090 1683 4137; x_wconf 79' lang='lat' dir='ltr'><strong>evectum</strong></span> <span class='ocrx_word' id='word_1_299' title='bbox 1706 4101 1827 4147; x_wconf 85' lang='lat' dir='ltr'><strong>esse,</strong></span> <span class='ocrx_word' id='word_1_300' title='bbox 1851 4090 1903 4136; x_wconf 85' lang='lat' dir='ltr'><strong>et</strong></span> <span class='ocrx_word' id='word_1_301' title='bbox 1927 4085 2184 4135; x_wconf 83' lang='lat' dir='ltr'><strong>Christum</strong></span> <span class='ocrx_word' id='word_1_302' title='bbox 2215 4085 2496 4135; x_wconf 88' lang='lat' dir='ltr'><strong>Dominum</strong></span> 
     </span>
     <span class='ocr_line' id='line_1_38' title="bbox 416 4165 2494 4231; baseline -0 -16"><span class='ocrx_word' id='word_1_303' title='bbox 416 4170 647 4215; x_wconf 85' lang='lat' dir='ltr'><strong>nostrum</strong></span> <span class='ocrx_word' id='word_1_304' title='bbox 669 4167 883 4227; x_wconf 81' lang='lat' dir='ltr'><strong>fabrum,</strong></span> <span class='ocrx_word' id='word_1_305' title='bbox 906 4172 959 4219; x_wconf 83' lang='lat' dir='ltr'><strong>et</strong></span> <span class='ocrx_word' id='word_1_306' title='bbox 981 4168 1110 4218; x_wconf 81' lang='lat' dir='ltr'><strong>fabri</strong></span> <span class='ocrx_word' id='word_1_307' title='bbox 1134 4168 1299 4217; x_wconf 77' lang='lat' dir='ltr'><strong>fliium</strong></span> <span class='ocrx_word' id='word_1_308' title='bbox 1321 4167 1440 4217; x_wconf 89' lang='lat' dir='ltr'><strong>dici.</strong></span> <span class='ocrx_word' id='word_1_309' title='bbox 1455 4205 1467 4217; x_wconf 88' lang='lat'><strong>.</strong></span> <span class='ocrx_word' id='word_1_310' title='bbox 1484 4204 1496 4217; x_wconf 87' lang='lat'><strong>.</strong></span> <span class='ocrx_word' id='word_1_311' title='bbox 1512 4205 1525 4218; x_wconf 90' lang='lat'><strong>.</strong></span> <span class='ocrx_word' id='word_1_312' title='bbox 1552 4168 1622 4218; x_wconf 78' lang='lat' dir='ltr'><strong>Et</strong></span> <span class='ocrx_word' id='word_1_313' title='bbox 1644 4167 1948 4231; x_wconf 80' lang='lat' dir='ltr'><strong>Apostolum</strong></span> <span class='ocrx_word' id='word_1_314' title='bbox 1977 4165 2167 4224; x_wconf 81' lang='lat' dir='ltr'><strong>audiat,</strong></span> <span class='ocrx_word' id='word_1_315' title='bbox 2192 4203 2204 4215; x_wconf 92' lang='lat'><strong>.</strong></span> <span class='ocrx_word' id='word_1_316' title='bbox 2222 4203 2234 4216; x_wconf 94' lang='lat'><strong>.</strong></span> <span class='ocrx_word' id='word_1_317' title='bbox 2252 4170 2295 4215; x_wconf 87' lang='grc'><strong>,1</strong></span> <span class='ocrx_word' id='word_1_318' title='bbox 2325 4165 2436 4215; x_wconf 90' lang='lat' dir='ltr'><strong>Cor.</strong></span> <span class='ocrx_word' id='word_1_319' title='bbox 2460 4166 2494 4214; x_wconf 92' lang='lat' dir='ltr'><strong>i.</strong></span> 
     </span>
     <span class='ocr_line' id='line_1_39' title="bbox 416 4247 2496 4312; baseline -0 -16"><span class='ocrx_word' id='word_1_320' title='bbox 416 4283 431 4296; x_wconf 92' lang='lat'><strong>.</strong></span> <span class='ocrx_word' id='word_1_321' title='bbox 456 4284 469 4296; x_wconf 89' lang='lat'><em>.</em></span> <span class='ocrx_word' id='word_1_322' title='bbox 494 4283 507 4296; x_wconf 89' lang='lat'><strong>.</strong></span> <span class='ocrx_word' id='word_1_323' title='bbox 535 4252 550 4274; x_wconf 88' lang='lat'>‘</span> <span class='ocrx_word' id='word_1_324' title='bbox 573 4248 691 4298; x_wconf 85' lang='lat' dir='ltr'><strong>Non</strong></span> <span class='ocrx_word' id='word_1_325' title='bbox 724 4248 879 4298; x_wconf 85' lang='lat' dir='ltr'><strong>multi</strong></span> <span class='ocrx_word' id='word_1_326' title='bbox 912 4248 1124 4308; x_wconf 86' lang='lat' dir='ltr'><strong>nobiles,</strong></span> <span class='ocrx_word' id='word_1_327' title='bbox 1158 4249 1247 4299; x_wconf 87' lang='lat' dir='ltr'><strong>sed</strong></span> <span class='ocrx_word' id='word_1_328' title='bbox 1280 4264 1393 4312; x_wconf 80' lang='lat' dir='ltr'><strong>quae</strong></span> <span class='ocrx_word' id='word_1_329' title='bbox 1426 4248 1586 4298; x_wconf 81' lang='lat' dir='ltr'><strong>stulta</strong></span> <span class='ocrx_word' id='word_1_330' title='bbox 1617 4253 1737 4297; x_wconf 87' lang='lat' dir='ltr'><strong>sunt</strong></span> <span class='ocrx_word' id='word_1_331' title='bbox 1768 4247 1949 4297; x_wconf 85' lang='lat' dir='ltr'><strong>mundi</strong></span> <span class='ocrx_word' id='word_1_332' title='bbox 1971 4247 2127 4311; x_wconf 83' lang='lat' dir='ltr'><strong>elegit</strong></span> <span class='ocrx_word' id='word_1_333' title='bbox 2149 4247 2313 4307; x_wconf 83' lang='lat' dir='ltr'><strong>Deus,’</strong></span> <span class='ocrx_word' id='word_1_334' title='bbox 2333 4250 2496 4297; x_wconf 84' lang='lat' dir='ltr'><strong>etc.—</strong></span> 
     </span>
     <span class='ocr_line' id='line_1_40' title="bbox 417 4327 2824 4435; baseline -0 -57"><span class='ocrx_word' id='word_1_335' title='bbox 417 4327 566 4393; x_wconf 77' lang='lat' dir='ltr'><strong>[neu.</strong></span> <span class='ocrx_word' id='word_1_336' title='bbox 589 4329 738 4394; x_wconf 85' lang='lat' dir='ltr'><strong>Apol.</strong></span> <span class='ocrx_word' id='word_1_337' title='bbox 763 4344 858 4394; x_wconf 90' lang='lat' dir='ltr'><strong>pro</strong></span> <span class='ocrx_word' id='word_1_338' title='bbox 880 4328 1050 4394; x_wconf 72' lang='lat' dir='ltr'><strong>Resp]</strong></span> <span class='ocrx_word' id='word_1_339' title='bbox 1073 4345 1121 4394; x_wconf 88' lang='lat' dir='ltr'><strong>p.</strong></span> <span class='ocrx_word' id='word_1_340' title='bbox 1147 4333 1224 4381; x_wconf 82' lang='lat'><strong>36.</strong></span> <span class='ocrx_word' id='word_1_341' title='bbox 1249 4330 1381 4395; x_wconf 90' lang='lat' dir='ltr'><strong>[Op.,</strong></span> <span class='ocrx_word' id='word_1_342' title='bbox 1403 4334 1526 4380; x_wconf 90' lang='lat' dir='ltr'><strong>tom.</strong></span> <span class='ocrx_word' id='word_1_343' title='bbox 1551 4330 1637 4379; x_wconf 83' lang='lat' dir='ltr'><strong>vii.</strong></span> <span class='ocrx_word' id='word_1_344' title='bbox 1661 4329 1753 4380; x_wconf 84' lang='lat' dir='ltr'><strong>col.</strong></span> <span class='ocrx_word' id='word_1_345' title='bbox 1778 4329 1889 4382; x_wconf 83' lang='lat'><strong>725.</strong></span> <span class='ocrx_word' id='word_1_346' title='bbox 1914 4327 2002 4393; x_wconf 87' lang='lat' dir='ltr'><strong>A.]</strong></span> <span class='ocrx_word' id='word_1_347' title='bbox 2522 4369 2618 4435; x_wconf 64' lang='lat' dir='ltr'><strong>[De</strong></span> <span class='ocrx_word' id='word_1_348' title='bbox 2640 4373 2824 4426; x_wconf 50' lang='lat' dir='ltr'>&#39;mmm</span> 
     </span>
    </p>
   </div>
   <div class='ocr_carea' id='block_1_7' title="bbox 374 4434 2804 4517">
    <p class='ocr_par' dir='ltr' id='par_1_7' title="bbox 374 4434 2804 4517">
     <span class='ocr_line' id='line_1_41' title="bbox 374 4434 2804 4517; baseline -0.001 -17"><span class='ocrx_word' id='word_1_349' title='bbox 374 4434 700 4500; x_wconf 80' lang='lat' dir='ltr'><strong>Quorsum</strong></span> <span class='ocrx_word' id='word_1_350' title='bbox 762 4457 914 4499; x_wconf 83' lang='lat' dir='ltr'><strong>vero</strong></span> <span class='ocrx_word' id='word_1_351' title='bbox 971 4436 1102 4515; x_wconf 83' lang='lat' dir='ltr'><strong>illa,</strong></span> <span class='ocrx_word' id='word_1_352' title='bbox 1165 4436 1375 4500; x_wconf 87' lang='lat' dir='ltr'><strong>David</strong></span> <span class='ocrx_word' id='word_1_353' title='bbox 1435 4437 1511 4500; x_wconf 85' lang='lat' dir='ltr'><strong>de</strong></span> <span class='ocrx_word' id='word_1_354' title='bbox 1548 4437 1828 4517; x_wconf 47' lang='lat' dir='ltr'><strong>pascui&amp;</strong></span> <span class='ocrx_word' id='word_1_355' title='bbox 1890 4435 2119 4499; x_wconf 85' lang='lat' dir='ltr'><strong>Petrus</strong></span> <span class='ocrx_word' id='word_1_356' title='bbox 2176 4435 2493 4515; x_wconf 77' lang='lat' dir='ltr'><strong>Piscator,</strong></span> <span class='ocrx_word' id='word_1_357' title='bbox 2521 4443 2636 4486; x_wconf 83' lang='lat' dir='ltr'><strong>ortu</strong></span> <span class='ocrx_word' id='word_1_358' title='bbox 2660 4438 2804 4491; x_wconf 74' lang='lat' dir='ltr'><strong>card.</strong></span> 
     </span>
    </p>
   </div>
   <div class='ocr_carea' id='block_1_8' title="bbox 282 4499 2716 4631">
    <p class='ocr_par' dir='ltr' id='par_1_8' title="bbox 282 4499 2716 4631">
     <span class='ocr_line' id='line_1_42' title="bbox 282 4499 2716 4631; baseline 0.002 -31"><span class='ocrx_word' id='word_1_359' title='bbox 282 4537 528 4601; x_wconf 83' lang='lat' dir='ltr'><strong>Paulus</strong></span> <span class='ocrx_word' id='word_1_360' title='bbox 571 4538 1110 4602; x_wconf 82' lang='lat' dir='ltr'><strong>tabernaculorum</strong></span> <span class='ocrx_word' id='word_1_361' title='bbox 1154 4536 1379 4621; x_wconf 71' lang='lat' dir='ltr'><strong>opifex,</strong></span> <span class='ocrx_word' id='word_1_362' title='bbox 1417 4548 1484 4603; x_wconf 89' lang='lat' dir='ltr'><strong>et</strong></span> <span class='ocrx_word' id='word_1_363' title='bbox 1534 4541 1700 4622; x_wconf 86' lang='lat' dir='ltr'><strong>(quae</strong></span> <span class='ocrx_word' id='word_1_364' title='bbox 1739 4538 1831 4602; x_wconf 90' lang='lat' dir='ltr'><strong>ibi</strong></span> <span class='ocrx_word' id='word_1_365' title='bbox 1877 4539 2257 4623; x_wconf 89' lang='lat' dir='ltr'><strong>sequuntur)</strong></span> <span class='ocrx_word' id='word_1_366' title='bbox 2301 4541 2497 4604; x_wconf 75' lang='lat' dir='ltr'><strong>stulta</strong></span> <span class='ocrx_word' id='word_1_367' title='bbox 2524 4499 2716 4631; x_wconf 51' lang='grc' dir='ltr'><strong>,ξῖᾞιῇ</strong></span> 
     </span>
    </p>
   </div>
   <div class='ocr_carea' id='block_1_9' title="bbox 1850 4646 1978 4706">
    <p class='ocr_par' dir='ltr' id='par_1_9' title="bbox 1850 4646 1978 4706">
     <span class='ocr_line' id='line_1_43' title="bbox 1850 4646 1978 4706; baseline 0 0"><span class='ocrx_word' id='word_1_368' title='bbox 1850 4646 1978 4706; x_wconf 68' lang='grc'><strong>112</strong></span> 
     </span>
    </p>
   </div>
  </div>
 </body>
</html>
