3165 4959
981 347 1344 396 Aromomu
1389 349 1751 398 nmPONsio.
2341 341 2470 402 419

265 523 384 584 pro
412 500 655 565 viribus
682 507 902 565 tamen
937 524 1067 567 non
1105 503 1510 582 restitissent,
1542 524 1662 568 nec
1692 505 1791 569 vel
1835 513 2217 587 potestatem
2257 508 2470 592 legiti-
2584 515 2712 577 302

265 628 461 685 mam,
493 605 593 669 vel
633 605 918 689 positum
958 628 997 669 a
1025 606 1166 671 Deo
1195 607 1484 671 ordinem
1526 608 1924 672 evertissent.
2016 612 2160 674 Nec
2195 612 2362 695 rapti
2392 613 2473 676 ad

263 709 668 793 martyrium,
702 708 870 791 apud
912 710 1216 792 populum
1245 710 1459 792 questi
1497 719 1649 804 sunt
1686 734 1986 794 unquam,
2018 714 2182 777 vires
2213 716 2472 797 quidem

262 834 413 877 suas
467 812 661 895 (quod
703 812 924 895 iniquo
970 813 1183 877 animo
1213 813 1527 897 ferebant)
1564 814 1874 879 invalidas
1920 837 2077 893 esse,
2111 838 2305 898 quare
2350 819 2472 882 sibi

263 936 396 998 prae
446 916 570 979 hoc
610 914 845 978 virium
891 916 1144 980 defectu
1194 917 1598 981 moriendum
1636 919 1810 1001 jam:
1859 927 1926 981 at
1969 919 2207 983 hortati
2254 928 2471 986 tamen

263 1018 591 1100 populum,
623 1018 998 1102 colligerent
1043 1041 1129 1097 se,
1163 1019 1332 1102 quod
1377 1020 1430 1082 si
1477 1021 1675 1083 semel
1715 1021 1809 1084 eis
1849 1029 2258 1104 suppeterent
2285 1024 2468 1102 vireS,

264 1121 507 1185 viribus
534 1142 672 1184 rem
718 1131 1034 1205 gererent,
1065 1130 1437 1186 excuterent
1467 1124 1804 1202 Caesarem,
1839 1132 1904 1187 et
1934 1125 2176 1188 diutius
2206 1126 2473 1209 obsequi

261 1224 712 1288 detrectarent.
821 1226 1183 1304 Enimvero,
1246 1226 1303 1289 si
1359 1226 1451 1288 sic
1506 1234 1732 1309 pergat
1792 1228 2172 1306 CardinaIiS,
2233 1228 2473 1293 viribus

261 1326 548 1391 officium
576 1327 810 1407 metiri,
844 1328 1176 1394 scribenda
1202 1328 1389 1393 nobis
1419 1329 1735 1411 Apologia
1761 1351 1875 1413 pro
1902 1330 2311 1409 Christianis,
2353 1332 2472 1414 (vel

263 1431 405 1493 haec
452 1438 675 1494 nostra
724 1432 813 1494 sic
864 1431 1314 1516 inscribenda,)
1375 1454 1491 1515 pro
1538 1433 1940 1512 Christianis,
1987 1434 2270 1517 inquam,
2313 1457 2472 1517 quos

266 1556 432 1599 novo
491 1535 614 1598 hoc
666 1533 962 1618 dogmate
1015 1557 1131 1599 suo
1189 1535 1283 1598 ita
1339 1536 1568 1600 misere
1627 1537 1924 1614 traducit,
1978 1536 2131 1599 dum
2191 1539 2475 1620 paruisse

265 1645 510 1700 veteres
554 1636 732 1717 dicit,
762 1639 863 1701 vel
907 1659 1039 1700 non
1081 1639 1386 1720 paruisse,
1424 1638 1579 1702 dum
1624 1660 1845 1721 parere
1889 1638 2233 1704 hodiernos
2270 1640 2476 1719 docet,

265 1741 364 1804 vel
412 1762 545 1804 non
584 1762 824 1824 parere,
870 1748 1061 1824 prout
1104 1743 1486 1824 respondere
1531 1743 1655 1807 sibi
1686 1743 1872 1822 vireS,
1904 1745 2003 1808 vel
2038 1766 2171 1808 non
2210 1765 2474 1828 respon-

262 1844 416 1908 dere
446 1847 781 1910 senserint.
873 1847 975 1910 De
1005 1847 1289 1928 obsequio
1319 1848 1609 1911 instituit
1640 1850 1817 1926 Rex3
1863 1848 1931 1911 id
1970 1849 2174 1931 (quasi
2202 1849 2475 1911 necdum

261 1947 534 2011 'Portum
557 1949 854 2032 exuisset)
884 1949 1221 2033 detorquet
1252 1950 1333 2013 ad
1349 1952 1746 2032 patientiam.
1810 1952 1893 2015 In
1922 1973 2047 2033 qua
2074 1952 2213 2034 ipsa
2231 1959 2471 2029 tamen,

267 2053 442 2131 (cum
470 2074 591 2116 nec
617 2074 886 2118 numero
913 2053 1190 2136 impares
1220 2064 1436 2119 essent
1461 2056 1835 2135 Christiani,
1867 2078 1988 2120 nec
2014 2057 2273 2135 viribus,
2308 2057 2362 2119 si
2394 2057 2472 2119 ad

264 2178 445 2220 arma
478 2159 1025 2241 conclamassent,)
1061 2158 1173 2223 sed
1215 2181 1484 2224 numero
1527 2168 1596 2224 et
1625 2161 1868 2225 viribus
1914 2162 2288 2244 superiores,
2321 2162 2474 2226 Ter-

264 2260 522 2323 tulliani
552 2260 859 2342 saeculoh3
908 2262 1210 2327 amabant
1237 2264 1452 2347 potius
1481 2267 1752 2327 tolerare
1780 2274 2250 2348 persequentes,
2284 2286 2476 2347 quam

264 2366 500 2442 tollere,
554 2373 622 2428 et
661 2367 1007 2447 patientia»,
1061 2388 1254 2448 quam
1293 2369 1594 2448 potentia!
1645 2389 1776 2430 suae
1833 2367 2123 2449 exempla
2170 2367 2474 2449 praebere.

264 2468 555 2531 Aderant
599 2468 691 2533 eis
731 2471 913 2548 vire-⁹,
957 2468 1173 2534 adesse
1216 2492 1323 2534 eas
1368 2469 1488 2533 sibi
1535 2469 1841 2549 sciebant,
1885 2476 1951 2534 et
1996 2470 2138 2548 hoc,
2182 2469 2342 2533 scire
2384 2492 2473 2548 se,

264 2573 505 2654 scripto
534 2573 744 2656 palam
784 2573 1085 2655 professi:
1133 2581 1201 2636 at
1229 2573 1516 2655 quamvis
1547 2573 1617 2637 id
1662 2573 1918 2653 scirent,
1954 2573 2053 2654 (ut
2096 2573 2477 2637 necessitate

265 2675 453 2758 proin
483 2676 661 2739 nulla
704 2676 846 2759 cogi
885 2677 1189 2759 possent,)
1239 2683 1589 2753 cesserunt,
1621 2676 1768 2739 caesi
1814 2683 1969 2739 sunt
2012 2684 2253 2753 tamen,
2285 2676 2476 2758 idque

265 2780 596 2843 alacritate
644 2802 915 2848 summa.
1003 2780 1212 2862 Inque
1264 2801 1339 2843 eo
1391 2779 1654 2843 emicuit
1699 2780 2068 2864 Martyrum
2117 2780 2277 2858 laus,
2327 2802 2476 2843 cum

267 2904 403 2946 non
449 2882 703 2947 difficile
763 2883 854 2947 eis
904 2883 1221 2960 resistere,
1272 2882 1659 2946 abstinuisse
1711 2890 1949 2961 tamen,
1998 2882 2282 2965 potuisse
2332 2891 2474 2946 tum

266 2987 508 3050 Caesari
536 2988 851 3065 resistere,
876 2994 941 3050 et
972 2987 1273 3050 noluisse.
1320 2987 1412 3049 At
1443 2987 1666 3049 ductus
1696 2992 1788 3048 est
1811 2987 2060 3065 Petrus,
2087 3007 2204 3067 quo
2234 2985 2473 3050 noluiti.

267 3090 482 3154 Certe.
577 3089 724 3169 Sed,
751 3090 861 3173 qui
898 3090 970 3153 in
1000 3090 1327 3154 Ananiam
1356 3096 1625 3173 poterat,
1658 3097 1906 3173 poterat
1935 3096 2002 3154 et
2031 3089 2101 3152 in
2137 3090 2472 3168 ducentem,

267 3192 395 3255 nisi
427 3194 577 3276 quia
603 3194 795 3256 voluit
835 3194 997 3272 duci,
1031 3194 1227 3257 etiam
1259 3214 1386 3277 quo
1426 3195 1663 3266 noluit‚·
1708 3193 1923 3277 potius
1954 3215 2146 3276 quam
2169 3195 2476 3274 potestati

275 3297 429 3379 (quo
467 3297 669 3362 nollet
714 3298 982 3379 ducenti)
1034 3298 1135 3361 vel
1185 3298 1274 3360 sic
1318 3298 1580 3380 quidem
1629 3298 1964 3374 resistere3
2010 3318 2130 3361 nec
2164 3304 2478 3379 potestate

266 3420 386 3461 sua
413 3399 511 3462 uti
542 3408 765 3464 contra
794 3403 1192 3465 Potestatem.

357 3504 502 3566 Nec
548 3525 624 3567 ea
667 3505 954 3587 quaestio,
991 3505 1220 3569 Subire
1260 3513 1535 3569 mortem
1568 3513 1850 3588 praestet,
1884 3527 1967 3567 an
1997 3524 2232 3586 negare
2260 3503 2474 3567 fidem.

271 3606 532 3669 Poterat
563 3607 737 3670 enim
772 3606 907 3691 (qui
944 3608 1128 3691 signa
1158 3607 1344 3671 edere
1382 3609 1652 3689 poterat)
1689 3607 1920 3670 Petrus
1953 3612 2021 3668 et
2052 3605 2235 3687 signo
2267 3604 2478 3688 aliquo

268 3709 463 3788 edito,
495 3718 771 3774 mortem
816 3732 948 3774 non
982 3711 1216 3789 subire,
1250 3720 1316 3774 et
1345 3710 1538 3774 fidem
1571 3730 1703 3772 non
1741 3730 1996 3791 negare.
2088 3708 2185 3770 Ea
2222 3708 2435 3790 potius
2458 3734 2477 3784 ;

272 3812 505 3876 Su'bire
556 3820 850 3891 mortem,
902 3836 985 3878 an
1032 3814 1336 3898 potestati
1381 3812 1697 3889 resistere,
1752 3833 1835 3874 an
1885 3831 2106 3893 pacem
2158 3809 2480 3893 publicam

269 3914 527 3993 violare,
561 3937 644 3978 an
673 3916 1040 3980 Albinianis
1070 3924 1136 3979 et
1163 3916 1498 4000 Nigrianis
1529 3912 1881 3978 accenserik
1899 3915 1929 3976 Ρ
1977 3913 2209 3977 Mallet
2238 3919 2475 3990 tamen,

395 4113 457 4176 [“
470 4112 708 4163 Hesterni
720 4129 907 4174 sumus,
918 4119 971 4164 et
983 4118 1148 4163 vestra
1164 4114 1335 4163 omnia
1417 4113 1569 4163 istam
1582 4111 1710 4162 disci
1748 4112 1907 4161 linem
1930 4110 2096 4172 magis
2108 4108 2267 4158 occidi
2290 4107 2479 4167 liceret,

271 4178 617 4240 implevimus,
653 4179 817 4238 urbes,
862 4179 1068 4238 insulas,
1113 4178 1333 4236 castella,
1418 4192 1570 4241 quam
1595 4177 1698 4227 oeci
1738 4179 1848 4227 erel
1883 4175 2148 4225 Potuimus
2168 4177 2221 4223 et
2248 4172 2480 4229 inermes,

268 4243 569 4305 municipia,
613 4243 961 4303 conciliabula,
1003 4248 1166 4293 castra
1209 4244 1334 4306 ipsa,
1419 4257 1512 4310 nee
1565 4241 1791 4301 rebelles,
1835 4239 1924 4290 sed
1976 4235 2330 4288 tantummodo
2384 4234 2481 4285 dis·

267 4308 453 4367 tribus,
498 4306 738 4366 decurias,
778 4309 1043 4372 palatium,
1087 4312 1334 4366 senatum,
1420 4307 1609 4367 cordes,
1647 4307 1803 4356 solius
1837 4304 2041 4354 divortii
2081 4301 2278 4352 invidia
2313 4300 2483 4350 adver·

268 4373 451 4421 forum.
486 4372 602 4422 Sola
614 4373 758 4422 vobis
781 4373 1114 4437 relinquimus
1131 4373 1333 4437 templa.
1422 4387 1505 4421 sus
1537 4387 1625 4422 vos
1659 4367 2165 4421 dimicaSSO·”—T0rtu
2192 4366 2338 4429 Apol.
2374 4380 2478 4428 cap.

269 4436 368 4485 Cui
408 4436 543 4485 bello
578 4451 681 4486 non
726 4436 913 4497 idonei,
956 4453 1061 4487 non
1110 4439 1334 4502 prompti
1423 4437 1618 4486 xxxvii.
1654 4436 1766 4499 Op„
1788 4450 1837 4498 p.
1862 4437 1940 4483 30.
1967 4432 2054 4494 B]

267 4501 555 4561 fuissemus,
588 4502 744 4552 etiam
779 4504 998 4566 impares
1033 4504 1207 4567 copiis,
1248 4503 1335 4565 qui
1488 4501 1499 4532 ¹
1552 4502 1699 4551 Joan.
1723 4500 1829 4549 xxi.
1856 4497 1955 4562 18]
2161 4562 2170 4571 ·
2241 4562 2252 4573 .

268 4570 377 4615 tam
401 4566 620 4616 libenter
652 4566 980 4625 trucidamur,
1009 4568 1176 4617 sinon
1201 4570 1334 4631 apud
1487 4566 1509 4597 ¹¹
1568 4565 1762 4615 “Unde
1803 4562 1979 4623 Cassii,
2011 4566 2064 4612 et
2104 4561 2272 4623 N1gr1‚
2311 4566 2366 4612 et
2400 4561 2483 4610 Al·

1780 4650 1961 4711 13ss2
