3165 4959
1212 374 1298 423 11)
1341 376 1579 424 nmsn.
2400 357 2505 419 xxi

302 534 563 612 faciunt,
589 534 705 597 ubi
733 554 834 596 res
866 532 1110 610 incidit,
1142 532 1344 596 velint
1373 532 1442 594 id
1471 530 1752 594 universi
1775 532 1973 594 semel
1997 530 2298 594 effectum
2330 529 2500 593 dare.

303 640 684 721 Agnoscunt
735 657 884 700 vero
936 622 1201 698 tandem
1243 636 1403 718 jam,
1453 635 1564 719 qui
1613 635 1847 718 passim
1894 655 2007 717 per
2061 634 2504 698 Christianum

302 741 550 806 Orbem
606 748 760 802 sunt
814 738 1162 820 Principes,
1211 738 1407 800 etiam
1461 737 1803 816 Pontificii,
1858 758 2009 800 vera
2055 744 2120 800 et
2166 736 2508 799 manifesta

301 851 678 907 monentem
709 842 1115 922 MaJestatem
1148 842 1361 918 Tuam,
1395 847 1461 903 et
1499 842 1579 903 Te
1612 840 1690 904 de
1729 841 1851 904 hoc
1885 841 2055 904 facto
2085 846 2325 918 amant,
2359 841 2506 903 Mo-

301 948 568 1029 nitaque
601 946 740 1008 Tua
768 945 1022 1006 noemori
1052 950 1248 1006 meme
1277 944 1640 1006 recondunt.

386 1053 481 1115 At
504 1071 675 1133 aegre
698 1049 764 1112 id
785 1047 1113 1112 Pontificis
1138 1048 1353 1111 animo
1384 1047 1528 1125 fuit,
1555 1048 1665 1130 qui
1690 1048 2110 1110 Mom‘toribus
2139 1047 2239 1110 his
2272 1057 2506 1128 asper‘,

303 1154 586 1217 revocari
629 1154 770 1216 haec
813 1150 1101 1233 Regibus
1132 1151 1198 1213 in
1230 1158 1517 1213 mentem
1550 1173 1590 1213 a
1621 1152 1817 1234 Rege,
1850 1173 1982 1215 non
2011 1151 2287 1214 libenter
2316 1150 2511 1213 susti-

306 1265 440 1321 net.
538 1258 752 1322 Quem
780 1276 935 1336 ergo
976 1254 1154 1337 prius
1198 1254 1602 1332 subornarat‚
1636 1261 1729 1334 ut,
1762 1256 1866 1318 vel
1893 1255 2013 1318 sub
2044 1256 2238 1331 larva,
2277 1256 2511 1317 Cuneos

303 1365 624 1423 tentaret:
670 1357 945 1441 proritat
991 1356 1071 1419 de
1114 1377 1281 1419 novo
1321 1358 1479 1439 jam,
1513 1364 1706 1439 atque
1750 1357 1984 1420 omissa
2012 1358 2187 1419 larva
2216 1356 2513 1418 immittit

306 1464 376 1526 in
405 1463 842 1525 Munitoriam.
936 1461 1024 1523 Et
1055 1459 1206 1522 huic
1239 1459 1335 1523 rei
1375 1459 1615 1542 prodiit
1658 1459 1847 1523 nobis
1892 1482 1929 1522 a
1958 1459 2299 1523 Cardinale
2327 1459 2510 1536 liber,

305 1568 410 1630 cui
440 1567 766 1648 Apoloyiae
810 1585 1046 1627 nomen
1088 1563 1259 1642 fecit,
1301 1583 1425 1644 pro
1471 1564 1890 1644 Responsione
1917 1583 2032 1625 sua
2064 1562 2153 1623 ad
2185 1562 2514 1642 fflplicem

312 1672 583 1733 Cuneum
605 1696 624 1731 .·
673 1668 784 1731 sed
816 1689 957 1750 quae
988 1667 1155 1729 nihil
1183 1667 1399 1729 minus
1430 1667 1533 1745 sit,
1568 1688 1758 1749 quam
1790 1667 2140 1747 Apoloyia,·
2184 1666 2514 1746 Antiloyia

308 1773 541 1857 potius.
632 1772 826 1848 Nam,
866 1771 921 1833 si
968 1791 1084 1854 pro
1132 1791 1324 1852 opera
1372 1791 1488 1833 sua
1532 1769 1606 1832 in
1651 1769 2025 1832 revellendis
2076 1769 2298 1831 Gnaei-9
2346 1768 2512 1831 male

307 1876 535 1959 posita,
566 1873 950 1957 respondere
981 1873 1201 1950 voluit,
1235 1872 1358 1934 alio
1386 1872 1481 1935 illi
1513 1871 1947 1955 aspiciendum
1979 1872 2227 1935 fuerat:
2278 1871 2424 1950 Sed,
2458 1871 2511 1933 si

310 1979 474 2042 bene
521 1977 671 2040 novi
718 1976 981 2059 spiritus
1011 1974 1392 2053 Cardinalis,
1426 1974 1662 2037 refellit
1707 1975 1915 2037 aliena
1957 1974 2285 2052 libentiuS,
2319 1996 2513 2057 quam

308 2080 653 2163 respondet
698 2100 812 2162 pro
858 2079 1026 2142 suis:
1118 2079 1205 2140 Et
1234 2078 1464 2159 Reyem
1503 2079 1829 2156 lacessere,
1862 2078 2067 2158 magis
2110 2078 2206 2141 illi
2252 2077 2332 2140 ad
2379 2078 2515 2140 ani-

311 2206 513 2262 mum,
548 2204 741 2265 quam
781 2184 1030 2245 Tortum
1064 2181 1421 2245 defendere.

400 2287 551 2349 Jam
609 2288 758 2368 (quo
799 2286 963 2349 forte
1012 2286 1187 2348 fastu
1228 2286 1371 2367 est,)
1412 2293 1737 2369 exspectat
1776 2285 1989 2349 denuo
2030 2287 2111 2349 ad
2155 2287 2516 2371 palaestram

312 2392 719 2472 Majestatem
754 2390 965 2453 Tuam.
1057 2390 1303 2452 Verum
1348 2390 1710 2473 primodum
1752 2392 1931 2473 justa
1969 2391 2083 2469 illi,
2119 2392 2197 2454 de
2241 2391 2515 2473 integro,

313 2495 397 2558 ad
428 2495 803 2575 Apologiam
831 2501 1010 2556 tuam
1041 2495 1358 2574 responsio
1402 2494 1850 2577 procudenda:
1896 2494 2132 2577 absque
2180 2516 2323 2577 qua,
2355 2514 2516 2576 prae-

314 2598 563 2661 dictum
622 2597 738 2675 illi,
799 2597 1041 2661 frustra
1104 2598 1260 2676 fore,
1320 2606 1394 2661 ut
1455 2597 1897 2680 Proesationem
1951 2599 2239 2661 lacessat.
2330 2599 2517 2675 Tum,

316 2699 687 2784 reponenda
713 2700 809 2763 illi
838 2700 909 2762 in
938 2701 1128 2763 basin
1166 2701 1432 2773 Qumtio
1461 2702 1800 2782 primaria,
1835 2722 2024 2782 quam
2073 2700 2201 2777 ille,
2234 2706 2374 2761 tota
2401 2699 2522 2762 hac

317 2805 632 2887 Apoloyia
662 2825 798 2881 sua,
829 2811 1140 2887 tanquam
1184 2804 1344 2867 certi
1388 2802 1710 2884 naufragii
1756 2801 2108 2884 scopulum,
2141 2800 2518 2865 declinavit:

320 2907 425 2985 Et,
456 2906 559 2969 vel
599 2905 681 2968 ad
724 2905 997 2987 protrita
1026 2927 1143 2969 sus
1172 2927 1241 2969 se
1270 2905 1519 2989 recipit,
1550 2904 1664 2967 ubi
1693 2925 1809 2987 per
1838 2903 2109 2966 eandem
2139 2903 2234 2966 illi
2264 2903 2523 2976 lineam,

320 3028 493 3071 serra
522 3007 814 3070 ducitur:
861 3008 965 3070 vel
993 3007 1074 3070 ad
1104 3009 1313 3071 aliena
1342 3015 1407 3071 et
1438 3006 1904 3085 subnascentia,
1937 3027 2194 3070 omnem
2240 3006 2524 3089 disputa-

324 3112 567 3174 tionem
599 3111 936 3174 convertit.
985 3111 1159 3177 Quid
1183 3112 1291 3175 1110
1313 3133 1465 3194 ergo
1485 3111 1774 3195 dignum,
1800 3111 1903 3174 cui
1930 3113 2068 3189 Rex
2091 3111 2170 3174 ad
2201 3119 2524 3174 certamen

326 3213 574 3276 rediens
620 3213 1060 3296 respondeat?
1152 3215 1384 3292 Quem,
1432 3235 1641 3296 neque
1701 3222 1915 3278 actum
1964 3235 2153 3297 agere
2205 3214 2522 3291 convenit,

324 3337 533 3399 neque
577 3314 857 3393 devium,
898 3323 963 3379 et
1013 3337 1051 3379 a
1100 3337 1291 3379 causa
1339 3316 1659 3400 praecipua
1707 3316 2002 3399 fugacem
2048 3315 2522 3394 Adversarium,

324 3438 703 3501 quocunque
746 3439 814 3481 se
857 3419 1190 3500 receperit,
1231 3419 1428 3502 sequi.
1520 3420 1899 3482 Potestasne
1948 3419 2139 3501 Papae
2179 3419 2262 3481 sit
2314 3420 2524 3500 Reges

326 3520 707 3603 deponendi,
740 3541 877 3583 cum
905 3521 1162 3601 judicat
1192 3522 1501 3602 expedire,
1533 3521 1637 3584 hic
1668 3522 1891 3584 Nodus
1926 3522 2051 3604 (cui
2083 3521 2356 3584 adhibiti
2387 3522 2527 3603 jam

326 3622 576 3705 pridem
600 3623 794 3686 Cunei
822 3623 943 3704 tui)
980 3623 1215 3706 dignus
1243 3624 1453 3687 fuerat
1487 3624 1664 3707 Rege
1692 3624 1997 3687 vindice⁸.
2055 3623 2334 3685 Evanuit
2365 3643 2527 3704 pene

326 3726 464 3789 haec
509 3727 649 3809 jam
691 3725 963 3808 quaestio
1008 3727 1176 3809 apud
1208 3726 1639 3790 Cardinalem.
1731 3727 2070 3809 Nusquam
2116 3725 2185 3787 in
2219 3726 2529 3807 Apoloyia

325 3835 465 3890 tota
510 3827 582 3889 in
625 3828 801 3891 hunc
847 3828 1068 3906 finem,
1112 3829 1452 3912 quicquam
1505 3830 1642 3912 agit
1684 3829 1880 3892 serio:
1957 3829 2228 3891 Titulum
2256 3828 2527 3907 vellicat,

328 3930 553 4012 Regem
584 3950 723 3992 cum
752 3929 1059 4010 Pontifice
1089 3939 1434 4014 comparat,
1474 3933 1870 3995 Cardinalem
1901 3952 2037 3995 cum
2065 3933 2250 4013 Reye.
2341 3933 2528 4009 Tum,

329 4034 433 4096 An
472 4032 836 4095 Cardinalis
881 4033 1113 4115 Regem
1148 4035 1387 4115 injuria
1426 4034 1727 4116 affecerit,
1781 4036 1889 4097 An
1934 4020 2094 4097 Reoe‘
2120 4035 2309 4116 leyem
2354 4055 2532 4096 suam

329 4135 661 4216 intelligat.
755 4134 931 4200 Quid
977 4136 1134 4214 haec,
1184 4136 1267 4198 ad
1297 4138 1688 4216 privativam
1737 4137 2069 4201 Pontificis
2105 4141 2479 4217 potestatem
2499 4137 2533 4198 ‚2

334 4236 431 4299 De
471 4236 590 4314 his,
624 4235 747 4299 sibi
790 4237 1127 4319 negotium
1172 4238 1327 4302 facit
1344 4263 1363 4316 ;
1411 4238 1494 4301 ad
1538 4239 1696 4317 haec,
1730 4239 1811 4301 ad
1859 4239 2052 4321 hujus
2096 4238 2347 4321 generis
2387 4238 2531 4315 alia,

329 4346 440 4399 aut
484 4338 667 4415 levia,
701 4346 816 4401 aut
846 4360 885 4401 a
913 4339 1122 4421 prima
1148 4361 1339 4404 causa
1367 4340 1559 4423 longe
1590 4340 1831 4417 dissita,
1865 4361 1980 4403 nos
2011 4349 2250 4404 avocat.
2340 4341 2534 4408 Quod

331 4460 497 4524 ergo,
549 4443 780 4505 Causae
834 4441 1266 4523 nobilissimae,
1327 4444 1509 4525 (dum
1567 4443 1826 4527 quidem
1887 4465 2028 4508 eam
2088 4446 2341 4528 penitus
2399 4467 2534 4530 non

586 4577 605 4600 '
635 4568 785 4634 [Hor.
812 4568 972 4633 Epist.
996 4569 1061 4620 ad
1085 4571 1251 4620 Pison.
1278 4570 1409 4635 163.]
1896 4581 1913 4604 ⁸
1951 4571 2107 4636 [lbid.
2135 4572 2270 4637 191.]
