3165 4959
942 369 1308 417 APOLOGIAM
1353 370 1713 421 ansrorzslo.
2311 365 2440 426 357

235 525 535 590 Patribus
565 532 839 603 constet,
874 546 961 587 an
989 524 1034 586 ii
1077 546 1155 589 eo
1182 525 1324 588 loeo
1356 525 1524 589 sint:
1573 546 1693 588 nee
1723 525 1789 588 id
1822 535 2075 591 constat
2106 528 2322 609 etiam,
2356 553 2440 594 an

234 630 412 692 loeus
456 629 593 712 ipse
638 628 744 706 sit,
778 648 946 705 eum,
988 627 1113 691 nisi
1151 627 1322 706 huic,
1361 628 1526 691 nulli
1567 628 1707 712 jam
1752 629 1843 693 rei
1885 630 2003 694 sit:
2052 652 2126 695 ae
2169 633 2442 716 proinde

230 733 428 795 etiam
458 752 580 795 nee
609 731 713 795 sit.

317 836 494 898 Nam
553 834 955 897 Bet-entiores
1010 834 1116 897 hie
1174 833 1309 897 fere
1368 833 1676 897 deserunt
1726 835 2153 898 cardinalem.
2260 837 2436 902 Quid

230 937 383 1015 dixi,
418 936 772 1001 deserunt?
818 936 949 1000 imo
987 944 1054 1000 et
1097 944 1494 1021 oppugnant.
1585 937 1731 1000 Nec
1775 938 1950 1000 enim
1990 960 2147 1021 quos
2191 959 2438 1003 memo·

228 1048 335 1102 rat
379 1040 535 1123 ipse,
566 1039 952 1122 Eugubinus
995 1040 1187 1104 modo
1233 1040 1491 1118 Italus⁰‚
1534 1048 1601 1103 et
1635 1040 1955 1104 Vatablus
2002 1041 2228 1104 Gallus
2241 1040 2288 1120 ἃ,
2321 1042 2433 1106 sed

230 1141 525 1206 Oleastro
585 1142 986 1221 Lusitanuse,
1046 1149 1113 1206 et
1173 1142 1377 1225 Belga
1435 1143 1477 1205 J
1480 1142 1781 1205 ansenius
1805 1140 1858 1207 r:
1930 1144 2021 1225 (at
2071 1144 2180 1226 qui
2232 1144 2350 1208 viri
2372 1145 2422 1227 ?)

228 1245 427 1308 etiam
476 1246 932 1310 Genebrardus
944 1256 991 1325 8,
1032 1254 1099 1309 et
1143 1244 1565 1310 Naclantush.
1656 1246 1823 1309 Tum
1863 1246 2058 1328 (quod
2103 1256 2295 1330 eaput
2336 1249 2430 1312 rei

226 1351 350 1432 est)
391 1350 657 1414 Jesuitae
686 1351 825 1434 ipsi,
862 1349 1143 1429 Suarezi,
1162 1350 1420 1433 Viegas,
1442 1349 1739 1412 Pererius
1771 1349 2133 1413 concedunt
2162 1350 2233 1412 in
2260 1352 2431 1415 hanc

225 1458 651 1522 sententiam:
700 1470 899 1540 quam
922 1457 1184 1539 ViegaS‚
1217 1457 1447 1519 divinis
1482 1457 1686 1519 literis
1729 1458 1931 1539 mayis
1959 1464 2430 1520 consentaneam

223 1558 401 1637 dicit,
435 1580 511 1623 ac
548 1580 834 1623 successu
874 1560 1185 1640 temporis,
1204 1559 1488 1640 plurium
1522 1559 1871 1621 Doctorum
1908 1558 2252 1641 suffiayiis,
2285 1580 2430 1624 con-

221 1682 522 1743 sensuque
549 1661 1000 1743 fiaelciendamj.
1092 1662 1388 1725 Pererius
1420 1667 1660 1739 autem,
1700 1661 1930 1744 (celato
1963 1662 2224 1725 nomine
2240 1660 2317 1745 ξ)
2353 1684 2429 1728 ea

222 1764 444 1827 omnia
482 1785 625 1847 quae
667 1765 792 1844 hie,
825 1786 968 1848 quae
1008 1765 1080 1828 in
1121 1764 1590 1840 sztroversiis,
1621 1785 1738 1846 pro
1782 1785 1848 1827 se
1893 1764 2158 1830 adduxit
2202 1766 2427 1829 Cardi-

225 1867 408 1943 nalis‚
442 1875 750 1945 recenset,
783 1867 1146 1949 refellitque
1177 1866 1428 1948 singula
1447 1864 1496 1930 ¹:
1543 1873 1618 1928 ut
1650 1866 2016 1949 deploratus
2038 1869 2176 1951 jam
2205 1868 2276 1931 in
2305 1868 2427 1933 hae

221 1969 483 2052 quidem
535 1991 725 2034 eausa
773 1970 1069 2033 videatur
1120 1969 1500 2047 CardinaIiS‚
1555 1969 1752 2032 etiam
1812 1990 1851 2032 a
1909 1970 2061 2033 suiS.
2154 1971 2420 2036 Certum

221 2073 396 2137 enim
427 2080 544 2152 est,
575 2074 647 2136 in
684 2074 938 2136 Oriente
965 2074 1161 2137 fuisse
1192 2072 1592 2148 Paradisum,
1625 2072 1695 2134 in
1720 2072 1878 2135 Asia
1906 2093 2160 2156 nempe,
2190 2096 2312 2138 nec
2344 2077 2425 2141 ab

220 2177 535 2241 Armenia
562 2177 805 2261 procul,
834 2177 927 2260 (in
958 2198 1083 2260 qua
1110 2197 1246 2240 non
1276 2176 1648 2259 eruptiones
1658 2185 1720 2253 ¹¹²,
1741 2175 1954 2240 fontes
1976 2177 2100 2260 ipsi
2124 2178 2335 2262 Tigris
2360 2186 2427 2242 et

220 2282 617 2365 Euphratis)
711 2281 874 2343 Eam
929 2286 1146 2343 autem
1206 2279 1536 2361 regionem
1596 2285 1824 2354 totam,
1879 2280 2054 2359 olim,
2109 2281 2430 2364 hodieque

218 2384 582 2461 lustratam,
643 2383 1061 2466 exploratam,
1119 2381 1477 2445 habitatam
1537 2402 1694 2457 esse,
1748 2381 2002 2444 nullum
2063 2382 2154 2445 ibi
2211 2383 2423 2446 locum

219 2488 421 2553 arceri
466 2488 648 2552 aditu
688 2490 843 2571 (non
887 2486 1058 2551 enim
1106 2486 1523 2566 rhomplzaeam
1570 2505 1846 2567 usquam
1889 2488 2259 2565 versatilem,
2290 2508 2425 2551 non

216 2603 500 2655 murum¹²
536 2591 768 2655 Isidori
802 2592 1064 2673 iyneum,
1096 2591 1190 2651 ita
1228 2595 1300 2651 ut
1341 2590 1508 2670 iynis
1537 2609 1720 2670 paene
1759 2609 1897 2651 cum
1942 2590 2089 2652 coelo
2113 2590 2429 2671 junyatur

216 2695 590 2773 incendium,
622 2716 662 2757 a
691 2714 1011 2777 quoquam
1057 2699 1471 2775 conspectum
1517 2712 1657 2755 esse
1679 2692 1718 2773 :)
1767 2712 1888 2755 nec
1933 2713 2205 2774 usquam
2236 2693 2430 2755 vesti-

216 2798 398 2882 gium
428 2797 552 2860 loci
581 2799 720 2881 ejus
750 2816 1138 2879 comparere.
1228 2796 1320 2858 At
1349 2794 1549 2857 latere
1579 2815 1714 2857 non
1742 2794 1976 2876 potuit.
2069 2794 2220 2857 Fuit
2250 2796 2427 2858 enim

221 2903 382 2983 (non
425 2900 670 2983 aliquot
706 2899 1037 2983 jugerum)
1075 2897 1189 2960 sed
1233 2905 1310 2960 ut
1353 2896 1724 2973 Abulensis,
1767 2917 2004 2978 maynoe
2049 2897 2424 2976 latitudinis,

214 3006 365 3085 quia
388 3024 596 3066 omnes
617 3004 890 3065 homines
910 3001 998 3063 ibi
1020 3001 1250 3063 victuri
1272 3005 1507 3076 erant0,
1532 3007 1610 3061 ut
1633 2999 2054 3076 Provinciam,
2081 2999 2162 3062 ad
2185 2999 2423 3077 minu8‚

214 3106 494 3188 amplam
544 3125 795 3188 aequare
843 3103 1156 3168 debuerit.
1271 3102 1427 3166 Loci
1472 3123 1624 3166 vero
1675 3102 1848 3164 illius
1899 3103 2150 3179 aecolae,
2193 3103 2423 3166 saltem

213 3210 329 3292 qui
372 3208 631 3292 propius
674 3207 990 3283 abessent,
1035 3226 1174 3268 rem
1220 3204 1495 3280 scirent,
1540 3203 1714 3267 fama
1754 3204 1835 3266 de
1879 3225 1949 3267 re
1993 3205 2206 3288 aliqua
2233 3205 2420 3283 foret,

214 3313 327 3397 qui
355 3313 510 3375 illue
538 3312 663 3374 iter
691 3309 942 3375 tamdiu
970 3309 1283 3385 fecerunt,
1314 3307 1511 3370 etiam
1543 3307 1683 3390 jam
1720 3306 1987 3384 faciunt,
2020 3308 2419 3373 inaudissent

276 3513 298 3536 ε
333 3505 569 3569 [August.
602 3501 802 3553 Steuch.
826 3499 1021 3559 Eugub.
1056 3499 1111 3546 in
1146 3496 1269 3547 Gen.
1361 3496 1500 3546 Com.
1527 3511 1570 3544 v.
1599 3510 1637 3544 s.
1663 3498 1709 3545 5.
1745 3495 1766 3558 [
1808 3531 1820 3543 .
1847 3494 1978 3557 491]

209 3571 264 3620 ii.
293 3569 404 3633 op..
428 3575 549 3617 tom.
575 3568 607 3616 i.
631 3570 782 3645 P·.⁹⁵·
807 3565 863 3614 Ε,
884 3565 1058 3642 γραεξι.
1085 3561 1252 3674 1591ἷ
1421 3561 1445 3654 :¹
1484 3560 1589 3683 {Se
1616 3559 1759 3608 Card.
1854 3558 2116 3635 llarmini]
2202 3623 2213 3633 ·

274 3634 298 3665 ‘¹
334 3633 437 3698 [Fr.
456 3631 656 3682 Vatabl.
681 3647 736 3680 m
760 3630 883 3679 Gen.
902 3643 952 3678 11.
977 3626 1111 3691 apud
1136 3625 1234 3674 Bib
1256 3663 1269 3675 .
1513 3623 1696 3672 Bened.
1733 3623 1923 3673 Perem
1961 3622 2154 3671 Comm.
2199 3637 2255 3670 in
2291 3620 2415 3671 Gen.

209 3699 345 3749 Saer.
371 3703 493 3746 tom.
512 3698 544 3746 i.
568 3697 654 3746 fol.
673 3699 718 3745 2.
738 3695 786 3744 b.
823 3692 1068 3743 Salmant.
1096 3690 1267 3753 1584]
1357 3689 1447 3739 lib.
1471 3689 1557 3736 vii.
1582 3688 1773 3744 Quaest.
1797 3687 1883 3735 vii.
1917 3701 1967 3750 Ρ.
1989 3685 2123 3748 365.]

276 3773 298 3797 θ
332 3762 568 3828 [Hieron.
604 3761 669 3810 ab
705 3759 932 3809 Oleastro
965 3758 1021 3806 in
1060 3754 1183 3805 Gen.
1213 3755 1268 3803 ii.
1421 3761 1455 3784 ¹²
1492 3751 1661 3814 [Cous.
1702 3751 1751 3801 S.
1781 3751 1912 3812 Aug.
1947 3750 2012 3800 de
2044 3750 2169 3799 Gen.
2207 3748 2272 3798 ad
2311 3749 2413 3798 Lit.

206 3828 342 3892 apud
379 3827 661 3877 comment.
686 3825 740 3873 in
771 3821 1093 3873 Pentateuch.
1118 3835 1167 3884 Ρ.
1193 3820 1269 3871 17.
1356 3818 1446 3867 lib.
1471 3817 1573 3865 viii.
1614 3829 1722 3878 cap.
1743 3815 1830 3864 vii.
1856 3818 1992 3890 (sect.
2017 3815 2115 3871 14.)
2152 3813 2194 3862 Ο
2233 3849 2265 3872 .,
2287 3817 2410 3862 tom.

206 3893 302 3943 col.
328 3895 373 3941 2.
400 3891 560 3954 Lugd.
584 3888 750 3952 1588]
1358 3895 1433 3931 ur.
1468 3881 1560 3930 col.
1586 3881 1697 3932 375.
1722 3879 1766 3929 Β
1781 3898 1795 3939 ;
1845 3884 1904 3928 ut
1931 3883 2068 3928 citat.
2108 3893 2139 3928 a
2250 3878 2304 3926 11.
2348 3877 2414 3927 de

274 3956 292 3989 ¹
335 3956 559 4020 [Cornel.
594 3953 865 4004 Jansenius
899 3951 1180 4001 comment.
1215 3949 1271 3998 in
1359 3946 1496 3996 Grat.
1519 3946 1671 4010 prim.
1695 3944 1850 3994 Hom.
1883 3957 1988 4005 esp.
2008 3942 2118 3991 xiii.
2155 3940 2266 4004 Op„
2288 3946 2412 3993 tom.

206 4021 453 4071 Concord.
490 4020 680 4080 Evang.
711 4033 818 4082 cap.
851 4016 1009 4067 cxliii.
1041 4030 1089 4078 p.
1126 4016 1268 4064 1039.
1356 4013 1422 4061 iv,
1460 4027 1507 4075 p.
1533 4013 1608 4059 13.
1634 4008 1718 4073 A.]

202 4087 299 4136 eol.
325 4089 370 4134 2.
397 4084 556 4147 bugd.
584 4083 749 4146 1597.]
1422 4084 1445 4107 ¹¹
1480 4075 1728 4141 [“Septus
1748 4073 1885 4122 enim
1909 4071 2131 4135 undique
2154 4069 2413 4146 romphaea

271 4160 296 4192 ⁸
361 4149 571 4199 Genebr.
593 4149 649 4197 in
672 4148 946 4208 chronogr.
963 4145 1053 4193 lib.
1077 4144 1110 4192 i.
1132 4158 1178 4205 p.
1200 4141 1267 4206 7.]
1354 4140 1560 4190 flamma
1580 4135 1884 4212 [flaminem]
1918 4134 1972 4184 id
1999 4141 2076 4185 est
2098 4150 2242 4184 muro
2259 4148 2411 4196 igneo

269 4213 295 4246 ¹¹
356 4214 397 4262 N
405 4215 585 4264 nolant.
621 4215 678 4262 in
712 4213 810 4262 Sex
840 4211 1051 4260 Diei-um
1084 4206 1268 4256 Mundi
1353 4205 1621 4262 accinctus,
1643 4204 1718 4252 ita
1737 4208 1796 4251 ut.
1825 4215 1934 4264 ejus
1965 4215 2080 4250 cum
2102 4200 2230 4248 eoelo
2263 4212 2409 4261 paene

202 4279 573 4342 Expheatione.
622 4278 732 4341 Op„
766 4291 814 4340 p.
851 4275 962 4326 607.
992 4274 1055 4322 A.
1087 4273 1266 4320 Venet.
1359 4268 1596 4330 ‘ungatur
1627 4263 2150 4317 inoendium.”—lsid.
2178 4262 2404 4325 Hispal.]

201 4347 350 4396 1567.
1398 4335 1508 4382 tim.
1546 4333 1654 4396 [seu
1693 4331 1830 4393 Orig.
1874 4327 1988 4457 lib}
2022 4329 2126 4379 xiv.
2166 4326 2328 4390 [σιμ]
2361 4330 2408 4376 4.

280 4408 291 4439 ¹
344 4343 550 4472 [JF'rane.
598 4406 780 4456 Suarez
824 4404 880 4452 in
934 4415 1039 4464 par.
1080 4399 1154 4448 iii.
1202 4398 1263 4449 D.
1353 4397 1470 4462 [leg.
1494 4401 1538 4448 3.
1566 4396 1679 4459 ΟΡ..
1699 4410 1747 4458 p.
1779 4399 1881 4444 119.
1907 4393 1963 4443 Β.

198 4473 412 4524 'l'homae
435 4473 621 4531 Quoest.
647 4471 736 4520 lix.
771 4467 965 4519 Art-si.
987 4463 1258 4527 disput-lv.
1414 4471 1436 4494 ⁰
1473 4460 1723 4524 [Alphon.
1778 4460 1969 4508 Tostat.
2023 4453 2294 4516 Abulens.]
2353 4455 2408 4503 in

197 4542 321 4587 sect.
350 4541 392 4586 1.
427 4543 549 4587 tom.
575 4537 628 4585 ii.
665 4550 749 4598 pp.
775 4536 919 4590 1126,
942 4528 1108 4593 1127]
1350 4526 1474 4575 Gen.
1505 4526 1571 4573 iv.
1621 4524 1766 4587 [fleg.
1807 4523 1881 4584 ii.)
1929 4521 2119 4578 Quaest.
2152 4523 2194 4569 9.
2243 4532 2290 4581 p.
2328 4519 2410 4568 13.

275 4603 291 4642 ³
342 4602 504 4666 [Blae.
539 4601 615 4650 de.
649 4599 825 4662 Vieg.]
862 4598 917 4646 in
953 4597 1109 4657 Apoc.
1143 4592 1257 4656 [xi.]
1348 4591 1457 4654 Op„
1481 4595 1603 4639 tom.
1628 4588 1661 4638 i.
1685 4603 1731 4651 Ρ.
1758 4590 1834 4637 85.
1860 4585 1942 4648 A]

2538 1974 2667 2036 258
