3165 4959
666 312 792 378 182
1292 325 1378 374 AD
1422 325 1809 374 canmNffls
1849 324 2250 374 ammaumI

728 479 954 542 Longius
969 479 1301 544 exspatiando
1322 483 1472 542 atque
1493 478 1768 542 evagando,
1783 477 1845 528 ad
1869 478 1971 528 alia
1985 478 2153 541 magis
2171 477 2336 529 adhuc
2357 478 2552 527 remota
2571 476 2876 540 digreditur.

794 596 808 611 .
843 596 856 608 .
892 597 903 610 .
942 561 1041 620 Qui
1064 562 1252 611 multas
1272 561 1486 624 paginas
1506 562 1763 610 consumit
1783 561 1839 609 in
1862 559 2207 610 describendis
2230 559 2479 609 Historiis
2503 558 2876 623 Imperatorum

796 645 849 690 et
876 640 1089 704 Regum,
1114 642 1204 704 qui
1236 657 1351 690 cum
1386 641 1722 691 Pontificibus
1755 641 1998 690 Romanis
2033 641 2333 689 inimicitias
2366 640 2880 703 gesserunt—[Bell.

798 723 948 786 Ap01.
979 737 1071 786 pro
1095 721 1264 787 Resp]
1289 737 1338 786 p.
1356 725 1433 773 58.
1471 723 1610 787 [Op.‚
1635 728 1759 772 tom.
1777 723 1864 772 vii.
1899 721 2012 771 0011.
2039 722 2148 773 736.
2171 721 2236 769 D.
2259 721 2373 773 727.
2395 720 2479 786 A.]

342 835 441 901 [Dc
463 838 621 899 potes-
755 821 1011 885 Lectori
1071 829 1291 885 tamen
1340 842 1678 904 nunquam
1729 821 2022 903 imponet
2070 819 2451 896 CardinaIiS,
2498 826 2575 882 ut
2626 819 2687 883 ei
2732 841 2882 903 per-

342 905 449 950 tate
485 900 644 976 Impe-

342 971 566 1014 ratorum
589 979 645 1013 ln

344 1029 513 1078 Ponti·

343 1092 497 1157 fleca]

439 2776 564 2839 139

670 925 959 1001 suadeat,
995 925 1109 989 ubi
1150 925 1426 988 maxime
1469 945 1610 988 rem
1653 924 1891 1007 premit
1929 925 2088 1001 Rex,
2133 924 2227 987 ibi
2268 922 2349 986 ad
2391 928 2632 986 remota
2659 924 2880 987 nescio

670 1050 814 1112 quae
845 1030 1212 1110 eoespatiarz‘.
1275 1029 1537 1091 Remota
1558 1049 1693 1091 non
1717 1033 1870 1090 sunt
1890 1027 2346 1108 Imperatorum
2373 1027 2653 1108 exmpla
2683 1034 2882 1109 atque

669 1133 927 1215 Reyum,
959 1134 1067 1214 qm·
1096 1134 1349 1211 nullum,
1381 1133 1470 1195 ad
1495 1134 1643 1210 hoec,
1676 1133 1746 1194 in
1787 1152 1854 1193 se
1884 1132 2283 1213 Pontzflcimn
2307 1131 2425 1211 jus
2457 1137 2840 1213 agnoverunt
2857 1157 2880 1203 ;

667 1240 910 1298 remota
949 1235 1257 1318 (inquam)
1296 1255 1431 1298 non
1471 1240 1646 1297 sunt.
1739 1235 2011 1297 Haerent
2051 1233 2229 1297 enim
2271 1233 2344 1297 in
2386 1254 2593 1297 causae
2620 1233 2882 1296 visceri-

670 1337 812 1416 bus,
863 1344 938 1401 ut
992 1338 1265 1402 doceant
1312 1338 1482 1401 hanc
1526 1336 1599 1402 in
1647 1338 1859 1421 Reges
1909 1343 2321 1420 potestatem,
2367 1358 2407 1399 a
2453 1336 2880 1401 Pontificibus

668 1442 891 1525 inique
947 1449 1322 1526 usurpatam
1350 1466 1371 1518 ς
1435 1462 1726 1525 pugnare
1787 1440 1963 1504 enim
2023 1461 2172 1504 cum
2234 1439 2542 1522 exemplis
2603 1440 2880 1522 Regum,

670 1544 881 1628 prisco
912 1545 1180 1622 saeculo;
1215 1566 1500 1628 quasque
1529 1545 1601 1606 in
1631 1542 1758 1606 illis
1788 1542 2135 1607 recitandis
2162 1542 2429 1626 paginas
2459 1541 2879 1624 consumpsit,

669 1647 841 1710 bene
885 1668 1108 1711 omnes
1147 1647 1374 1711 locatae
1404 1653 1577 1710 sunt.
1668 1646 1905 1724 Quare,
1938 1645 2020 1709 ad
2050 1644 2471 1729 abjurandam
2501 1652 2880 1727 usurpatam

672 1749 841 1814 hanc
884 1757 1270 1832 potestatem
1301 1749 1594 1814 subditos
1608 1774 1628 1827 3
1676 1748 1758 1813 ad
1789 1749 2237 1813 excutiendam
2266 1749 2434 1812 hanc
2461 1755 2877 1831 potestatem,

672 1852 1002 1935 Principes
1032 1852 1343 1916 hortatur.

739 1986 931 2047 Qualis,
967 1986 1186 2046 obsecro,
1219 1985 1330 2038 haec
1365 1986 1741 2049 argumentatio
1775 1989 1907 2036 esset
1923 2002 1937 2047 ς
1983 1984 2140 2035 Multi
2171 1983 2334 2047 Reges
2370 1982 2572 2032 nullum
2606 1981 2696 2047 jus
2731 1983 2788 2032 in
2826 1998 2880 2034 se

802 2069 985 2118 habere
1011 2067 1311 2117 Pontificem
1333 2067 1620 2118 Romanum
1642 2067 1983 2128 crediderunt,
2004 2066 2090 2117 sed
2116 2071 2292 2116 contra
2311 2066 2484 2129 potius
2514 2079 2648 2126 eum,
2671 2064 2880 2128 quando

802 2148 973 2206 libuit,
1009 2148 1381 2213 deposuerunt;
1430 2148 1566 2212 Ergo
1607 2149 1718 2198 Rex
1752 2149 2037 2212 Anglorum
2072 2149 2130 2197 in
2152 2147 2447 2212 juramento
2489 2160 2581 2196 suo
2612 2145 2882 2196 fidelitatis

803 2230 937 2279 nihil
958 2230 1117 2292 aliud,
1138 2231 1239 2281 nisi
1261 2231 1480 2289 civilem,
1504 2235 1558 2280 et
1590 2231 1920 2295 temporalem
1953 2229 2295 2280 obedientiam
2328 2228 2546 2292 requirit
2570 2230 2588 2278 ‘l
2653 2226 2792 2278 Nam
2815 2242 2880 2276 ne

804 2313 912 2376 ipse
945 2310 1151 2375 quidem
1183 2313 1483 2362 Aristoteles
1520 2311 1750 2362 medium
1785 2312 2063 2361 terminum
2098 2311 2154 2361 in
2190 2310 2285 2360 hac
2327 2308 2766 2372 argumentatione
2811 2323 2884 2358 re·

804 2394 966 2455 periet
1006 2393 1133 2458 [leg.
1169 2392 1623 2457 reperiret—Bell.
1648 2392 1801 2456 Apol.
1828 2407 1920 2457 pro
1953 2390 2122 2456 Resp]
2160 2407 2207 2457 p.
2236 2393 2314 2442 58.
2354 2390 2488 2455 [Op.,
2520 2394 2643 2440 tom.
2660 2390 2750 2440 vii.
2785 2390 2879 2440 col.

804 2475 914 2527 737.
940 2476 1005 2525 A.
1027 2473 1114 2539 B.]

759 2568 904 2631 Nec
946 2567 1161 2630 illudit
1192 2566 1453 2632 Lectori
1483 2565 1865 2643 CardinaIiS,
1904 2565 2014 2628 sed
2053 2564 2196 2643 sibi,
2230 2565 2386 2628 dum
2429 2564 2663 2628 miram
2697 2564 2877 2627 illam

676 2672 1232 2753 aryumentationis
1258 2670 1502 2733 larvam
1534 2669 1880 2733 concinnat
1926 2667 2048 2731 sibi
2093 2667 2374 2750 primum
2405 2667 2703 2745 suaviter,
2734 2676 2884 2749 post

676 2774 933 2838 fortiter
961 2774 1260 2839 debellat.
1350 2774 1476 2838 Illa
1511 2773 1686 2837 enim
1731 2771 2206 2854 argumentatio
2250 2770 2451 2834 stulta
2492 2777 2683 2848 esset,
2714 2770 2883 2833 addo

677 2880 878 2942 stulta
923 2887 1040 2957 est,
1087 2886 1153 2942 et
1199 2900 1276 2941 ex
1325 2877 1525 2941 stulto
1569 2874 1834 2940 cerebro
1880 2875 2173 2939 conficta.
2262 2875 2356 2938 At
2400 2874 2538 2937 haec
2588 2894 2879 2937 nervosa.

675 2981 874 3044 Multi
906 2983 1052 3043 olim
1082 2981 1281 3062 Reges
1309 2981 1544 3042 nullum
1554 2981 1672 3060 jus
1698 2981 1767 3041 in
1793 2999 1860 3042 se
1889 2979 2113 3041 habere
2141 2978 2509 3059 Pontificem
2533 2978 2884 3040 Romanum

677 3085 1094 3157 crediderunt,
1126 3084 1242 3146 sed
1267 3088 1486 3145 contra
1504 3084 1722 3162 potius
1750 3103 1906 3160 eum,
1932 3070 2184 3163 ‘quando
2215 3081 2415 3159 libuit,
2449 3081 2880 3162 deposuerunt.

678 3187 872 3267 ErgO,
905 3207 1089 3267 quam
1118 3206 1281 3249 nunc
1318 3188 1387 3248 in
1414 3186 1617 3267 Reyes
1646 3186 1872 3247 asserit
1900 3185 2022 3248 sibi
2048 3190 2441 3265 potestatem,
2473 3205 2547 3246 ea
2575 3190 2883 3265 mpetu

677 3296 790 3366 est,
850 3310 962 3353 nec
1020 3291 1166 3353 olim
1218 3311 1258 3353 a
1310 3290 1582 3372 Reyibus
1641 3291 1881 3371 aynita.
1971 3289 2057 3352 In
2108 3288 2230 3352 hac
2279 3308 2431 3351 vero
2483 3287 2703 3350 statim
2746 3288 2885 3368 (cm-

677 3391 1015 3455 Aristoteli
1057 3393 1366 3456 molestus
1413 3392 1497 3455 sit
1514 3392 1566 3473 ἲ)
1626 3392 1798 3475 'Pyro
1837 3389 2042 3473 quivis
2081 3389 2152 3452 in
2197 3387 2566 3452 Dialecticis
2611 3389 2884 3451 medium

675 3497 959 3577 reperiet.
1034 3496 1241 3569 ‘Quod
1280 3498 1427 3559 olim
1469 3497 1539 3559 in
1580 3515 1698 3557 usu
1742 3515 1866 3557 non
1889 3491 2025 3575 suit
2061 3494 2206 3576 (imo
2238 3493 2371 3573 eiu-9
2400 3492 2785 3554 emurch-ium
2814 3494 2884 3554 in

675 3599 835 3681 usu)
875 3600 949 3661 id
985 3620 1199 3663 recens
1237 3606 1349 3678 est,
1382 3605 1442 3662 et
1484 3604 1766 3662 recenter
1797 3602 2165 3678 usurpatum
2185 3623 2203 3657 .·
2254 3596 2548 3658 Potestas
2585 3597 2655 3657 in
2684 3596 2886 3677 Reyes

686 3701 895 3781 (quam
932 3702 1213 3764 vindieat
1238 3702 1385 3782 jam
1411 3700 1533 3763 sibi
1562 3697 1892 3781 Pontifex)
1931 3700 2077 3760 olim
2105 3699 2175 3760 in
2215 3717 2334 3760 usu
2375 3718 2499 3760 non
2536 3694 2696 3778 fuit,
2728 3697 2884 3760 adeo

562 3798 571 3805 ’
676 3825 799 3866 non
830 3802 989 3884 suit,
1022 3811 1095 3868 ut
1134 3805 1518 3867 contrarium
1563 3805 1697 3885 eius
1734 3804 1803 3865 in
1840 3822 1957 3865 usu
2004 3807 2135 3864 tum
2164 3798 2370 3883 suevit
2388 3825 2412 3873 ,·
2477 3798 2886 3881 (Pontificem

676 3907 851 3970 enim
882 3927 1029 3969 cum
1058 3907 1252 3971 libuit
1283 3906 1739 3990 deposuerunt)
1782 3906 2098 3986 Usmpata
2127 3925 2273 3987 erqo
2302 3909 2364 3967 et
2390 3923 2623 3967 recens.

762 4010 856 4074 At
885 4010 971 4088 id,
1004 3994 1257 4088 Lector,
1290 4009 1576 4074 observa.
1644 4008 1794 4073 Duo
1823 4015 2009 4071 erant
2037 4007 2350 4091 principio
2380 4005 2609 4088 capita.
2688 4005 2749 4067 1.
2781 4003 2886 4069 De

670 4112 1043 4195 juramento
1072 4112 1273 4176 civilis
1300 4112 1685 4176 obedientiae
1726 4111 1924 4175 licito.
2013 4113 2077 4173 2.
2125 4111 2227 4174 De
2256 4116 2578 4194 potestate
2606 4107 2676 4170 in
2705 4107 2885 4190 prin-

676 4213 849 4297 cipes
894 4214 1137 4292 illicita,
1186 4214 1336 4297 quia
1376 4220 1705 4297 usurpata.
1795 4213 2120 4275 Posterius
2165 4211 2289 4274 hoc
2337 4209 2699 4273 dissimulat
2738 4229 2884 4290 per-

675 4324 871 4397 petuo
902 4316 1282 4394 cardinalis,
1314 4315 1579 4379 abducit
1608 4322 1676 4379 te
1705 4336 1957 4398 semper
1985 4314 2065 4378 ad
2083 4315 2272 4396 prius
2291 4341 2311 4376 .·
2360 4314 2629 4396 Regem,
2659 4310 2773 4375 ubi
2807 4311 2888 4374 de

664 4419 1016 4495 posteriore
1060 4418 1234 4495 dicit,
1283 4419 1363 4481 de
1402 4420 1624 4498 priore
1667 4419 1860 4501 fingit
1903 4418 2133 4481 dicere.
2224 4418 2380 4481 Non
2417 4416 2540 4479 hoc
2570 4415 2649 4477 de
2678 4414 2885 4477 nihilo

676 4524 794 4577 est.
884 4520 1149 4599 Aliquid
1191 4522 1464 4582 monstri
1510 4523 1626 4584 alit
1670 4530 1952 4603 potestas
1997 4522 2109 4584 illa
2150 4522 2220 4583 in
2252 4522 2487 4602 Reges,
2516 4520 2612 4582 ita
2643 4517 2884 4600 refugit
