3165 4959
913 364 1280 416 stomoma
1321 367 1687 416 mronfflo.
2267 353 2353 418 47
2357 354 2395 415 5

283 520 395 585 Ad
423 518 803 587 Quintum&
892 520 1040 585 Non
1066 525 1154 605 fit
1187 524 1256 586 in
1284 524 1496 602 Brevi,
1528 525 1722 607 Reyis
1747 526 1847 587 vel
1871 525 2126 607 Reyinae
2152 526 2399 589 mentia.
2429 536 2552 601 [(5.)
2594 536 2673 586 Do

203 626 334 691 Sed
359 624 554 690 verba
590 624 704 687 illa
731 624 975 703 Brevis,
1020 646 1259 708 semper
1288 627 1649 709 affecerunt,
1680 629 1928 711 juyiter
1958 629 2341 692 mumistia
2356 638 2399 707 ¹,
2426 616 2647 715 ῗζῇἷξξῗ,
2669 664 2734 713 ob

196 728 554 812 praesertim
599 746 769 805 vero,
800 727 1049 808 juqiter
1086 736 1154 792 et
1196 750 1454 811 semper,
1487 731 1632 813 quis
1669 752 1804 795 non
1845 730 2039 809 videt,
2087 731 2168 794 ad
2210 730 2401 793 unius
2424 729 2720 804 persecutio-

200 832 356 896 anni
413 830 696 915 spatium
747 830 972 893 referri
1021 852 1157 895 non
1212 832 1452 914 posse?
1520 833 1739 914 (nimis
1784 841 2116 916 angustuS,
2165 833 2247 896 ad
2297 854 2404 897 eus
2426 793 2715 921 gagg-3231&

198 956 407 1014 voees,
428 935 678 1016 fuyiter
726 939 789 996 et
829 953 1087 1014 semper,
1131 956 1339 998 annus
1381 957 1551 998 unus
1603 943 1716 999 aut
1767 937 1976 1019 alter).
2068 936 2407 1020 Longioris

199 1040 507 1123 temporis
533 1059 729 1103 usura
757 1059 916 1120 opus
946 1059 1104 1115 esse,
1147 1046 1223 1102 ut
1252 1040 1495 1122 aliquid
1507 1041 1756 1122 juyiter
1783 1048 1851 1104 et
1878 1062 2119 1123 semper
2162 1042 2407 1107 factum

200 1143 471 1206 dicatur.
564 1140 743 1207 Quid
787 1139 843 1203 si
888 1147 1106 1204 autem
1138 1141 1440 1223 Pontifex
1469 1149 1599 1206 tam
1627 1164 1750 1205 non
1774 1142 1912 1225 suit
1934 1147 1968 1207 ‚2
2052 1146 2409 1210 Nullamne

199 1267 353 1329 ergo
400 1246 697 1310 moeroris
757 1251 1008 1327 partem
1069 1246 1393 1310 sustinent
1445 1247 1819 1309 Cardinales
1840 1250 1874 1309 ,2
1936 1268 2279 1313 omnemne
2336 1250 2409 1312 in

200 1349 569 1429 Pontificem
614 1347 918 1432 rejiciunt
933 1348 963 1409 ⁴?
1074 1349 1391 1412 Moestum
1437 1369 1590 1430 ergo
1632 1348 1851 1427 fuisee,
1895 1350 2186 1414 nondum
2237 1353 2437 1413 Pon-⁴

198 1450 447 1531 tificern,
496 1450 648 1534 quid
692 1450 911 1514 vetat?
974 1456 1240 1530 propter
1286 1452 1695 1530 calamitates,
1745 1473 1919 1534 quae,
1951 1452 2052 1515 vel
2091 1458 2407 1535 regnante

199 1554 413 1617 adhuc
443 1554 696 1637 Regina
738 1554 1174 1630 ΕΗΖΔΒΕΤΗΑ,
1204 1553 1306 1616 vel
1347 1574 1623 1636 regnum
1666 1554 1931 1617 ineunte
1973 1555 2171 1636 Rege,
2216 1556 2407 1616 susti·

198 1663 486 1720 nuerant.
583 1656 691 1721 Sic
722 1654 980 1737 quidem
1010 1661 1298 1738 oportet:
1344 1656 1609 1738 Alioqui
1637 1676 1759 1718 non
1789 1656 2128 1737 affecerunt
2158 1678 2409 1739 semper

200 1757 573 1839 Pontificem
611 1777 872 1820 moerore
908 1758 1320 1835 calamitates,
1353 1776 1507 1837 quas
1542 1758 1641 1818 illi
1679 1757 1925 1839 jugiter
1959 1759 2404 1822 sustinuerant.
2515 1769 2649 1831 344

198 1856 500 1919 Bimulus
544 1855 736 1918 modo
772 1854 1072 1917 Pontifex
1110 1862 1268 1932 erat,
1301 1875 1449 1917 cum
1493 1854 1774 1936 primum
1812 1854 1977 1917 illud
2006 1855 2213 1917 Breve
2255 1856 2407 1918 scri-

197 1958 405 2022 beret.
498 1958 754 2038 Semper
805 1962 1021 2019 autem
1079 1955 1169 2037 (id
1197 1956 1317 2037 est)
1369 1976 1566 2037 nuper
1586 1982 1605 2016 .·
1637 1955 1885 2037 juyiter
1935 1955 2025 2037 (id
2065 1956 2187 2038 est)
2245 1978 2407 2019 anno

198 2063 315 2123 hoc
344 2059 446 2124 vel
474 2059 808 2140 superiore,
841 2059 1119 2120 Pallium
1163 2064 1254 2121 est
1297 2058 1474 2122 breve
1503 2059 1689 2121 nimis
1706 2067 1746 2123 ⁸.
1837 2059 2242 2123 Mendacium
2282 2059 2409 2124 hoe

199 2162 453 2245 operire
481 2182 617 2225 non
644 2166 873 2243 potest.
1335 2213 1340 2217 ,

264 2279 329 2329 Ῑιι
351 2279 527 2328 libello
549 2277 734 2327 Latino
747 2276 887 2326 edito
899 2275 1206 2339 Rhotomagi
1229 2312 1242 2325 .
1270 2311 1284 2326 .
1310 2313 1323 2326 .
1347 2313 1359 2325 .
1377 2276 1631 2326 habentur
1643 2277 1816 2327 omnia
1837 2278 1942 2337 illa,
1964 2292 2076 2341 quae
2105 2278 2215 2329 Rex
2236 2283 2405 2343 negat.

331 2359 483 2425 [Bell.
505 2358 655 2422 Apol.
681 2372 774 2421 pro
796 2356 965 2421 Resp]
998 2372 1047 2421 p.
1071 2359 1184 2406 200.
1221 2356 1360 2421 [Op.,
1383 2361 1505 2406 tom.
1523 2358 1613 2406 vii.
1637 2359 1733 2407 eol.
1754 2360 1867 2407 816.
1893 2358 1979 2421 D.]

284 2458 398 2524 Ad
453 2459 742 2535 Sextum,
799 2456 1181 2540 Septimum,
1247 2462 1313 2520 et
1360 2456 1679 2520 Octavum
1700 2456 1736 2518 ².
1828 2456 1987 2520 Non
2043 2456 2151 2520 hic
2209 2465 2405 2540 negat
2430 2473 2554 2601 ἕω.)
2612 2475 2701 2539 (7,)

196 2559 533 2645 splendide
561 2559 932 2621 Mendacem
949 2568 980 2596 ¹²
1009 2579 1076 2620 se
1106 2557 1501 2633 cardinalis3
1547 2563 1806 2620 tantum
1837 2578 1903 2621 se
1932 2557 2059 2620 tria
2083 2558 2198 2622 illa
2224 2581 2405 2643 egre-
2451 2541 2518 2601 ⁸·)
2564 2541 2641 2592 De
2670 2542 2737 2592 ¹⁰·

195 2663 307 2747 gia
340 2661 682 2724 Mendacia
735 2681 849 2722 sua
891 2659 1183 2722 retulisse
1226 2680 1304 2722 ex
1332 2659 1815 2741 Rhotomayensi
1857 2659 2102 2734 libello;
2147 2668 2404 2725 tantum
2485 2604 2706 2719 δυῖἰιιιὲιι-

197 2764 575 2828 Mendacem
617 2762 836 2825 nescio
877 2782 1067 2844 quem
1107 2761 1501 2824 Breviculum
1546 2761 1731 2825 affert
1748 2771 1796 2839 ¹,
1847 2781 2035 2844 quem
2076 2783 2143 2824 se
2186 2771 2404 2827 narrat
2427 2734 2683 2859 ffiJQd'

196 2871 497 2930 secutum
528 2885 684 2928 esse.
776 2863 899 2926 Vir
925 2863 1133 2926 bonus
1161 2872 1463 2946 praestare
1494 2863 1706 2941 debet,
1738 2871 1814 2927 ut
1843 2886 1977 2929 non
2016 2864 2403 2928 mentiatur:

194 2968 504 3056 prudenS,
555 2987 638 3030 ne
691 2966 1094 3028 Mendacium
1133 2963 1324 3028 dicat.
1412 2966 1570 3030 Non
1615 2967 1790 3029 enim
1833 2967 1978 3030 ideo
2005 2966 2409 3030 Mendacium

196 3093 338 3135 non
369 3077 486 3148 est,
530 3069 682 3152 quia
718 3067 1109 3149 Rhotomagi
1151 3066 1568 3150 impressum:
1615 3089 1736 3131 nec
1779 3068 1925 3131 ideo
1952 3090 2119 3147 vera,
2154 3068 2305 3152 quia
2340 3069 2413 3132 in

195 3174 366 3236 libro
396 3172 508 3234 illo
537 3170 895 3244 habentur;
943 3168 1053 3230 sed
1083 3168 1230 3231 ideo
1261 3168 1437 3247 falsa,
1471 3169 1623 3252 quia
1645 3172 1785 3233 Rex
1808 3171 2168 3254 Legislator
2195 3179 2411 3255 negat.

195 3275 426 3356 Negat
455 3293 610 3348 vero⁶
649 3273 808 3349 Rex,
856 3268 1006 3352 quia
1050 3269 1121 3330 in
1166 3270 1398 3333 Edicto
1438 3272 1605 3334 nihil
1650 3294 1872 3336 eorum
1915 3274 2209 3353 habetur,
2256 3297 2413 3357 quo-

195 3397 350 3439 rum
410 3375 519 3438 ille
589 3373 865 3437 mendax
934 3372 1299 3434 Brevia-ulus
1356 3381 1471 3436 est.
1560 3375 1809 3438 Verum
1861 3376 2039 3459 justo
2103 3377 2228 3440 hoc
2289 3379 2416 3441 Dei

191 3475 449 3566 judicio
494 3475 746 3558 obtigit,
777 3480 853 3536 ut
885 3473 1266 3552 cardinalis,
1312 3473 1422 3556 qui
1461 3496 1625 3538 verae
1654 3477 1911 3538 Actioni
1954 3479 2021 3539 in
2049 3478 2417 3543 Proditores

196 3600 340 3642 non
384 3577 607 3653 credit,
647 3576 865 3639 credat
907 3576 1093 3637 Actis
1138 3575 1532 3637 mendacibus
1570 3596 1649 3639 ex
1693 3578 2024 3640 Breviculo
2056 3579 2417 3643 Mendaciie

185 3682 404 3762 plena.

266 3782 349 3830 Ac
372 3784 433 3829 ut
453 3779 607 3830 fidem
623 3793 790 3828 meam
814 3813 828 3828 .
851 3814 864 3828 .
889 3813 902 3827 .
924 3778 1152 3835 liberem,
1176 3782 1230 3827 et
1244 3779 1364 3842 qnia
1385 3777 1589 3828 libellus
1610 3779 1826 3842 exiguus
1848 3778 1959 3843 [leq.
1982 3779 2414 3846 elegantissimus]

336 3864 430 3918 eet,
452 3858 583 3908 dubo
605 3873 824 3922 operam,
847 3862 907 3907 ut
933 3858 1102 3921 primo
1132 3872 1328 3921 quoque
1354 3862 1580 3922 tempore
1614 3859 2115 3926 wudetun—[Bell.
2138 3861 2291 3926 Apol.
2321 3877 2414 3926 pro

337 3939 512 4004 neap]
547 3954 598 4003 p.
616 3942 728 3989 201.
766 3939 906 4003 [Op.,
925 3943 1049 3988 tom.
1073 3939 1161 3988 vii.
1184 3939 1276 3988 col.
1296 3938 1408 3991 817.
1432 3939 1527 4003 Δ.]

269 4090 292 4120 ‘¹
329 4087 485 4155 [vide
508 4087 746 4151 Respons.
772 4088 914 4137 'Porti
945 4102 994 4151 p.
1013 4090 1091 4138 28.
1126 4088 1263 4138 Edit.
1354 4091 1432 4139 30.
1469 4087 1608 4137 Edit.
1648 4087 1830 4148 Polit.;
1876 4093 1930 4138 et
1975 4087 2100 4139 Bell.
2139 4089 2251 4152 Op„
2288 4093 2413 4140 tom.

203 4155 397 4210 Polit.;
459 4157 513 4202 et
558 4152 686 4202 Bell.
734 4152 847 4215 Op„
891 4156 1013 4201 tom.
1036 4153 1124 4201 vii.
1171 4153 1264 4202 ool.
1352 4152 1440 4202 vii.
1476 4151 1568 4201 col.
1594 4155 1706 4202 650.
1734 4152 1790 4201 Β.
1816 4151 1904 4216 D.]

206 4223 322 4270 650.
347 4216 432 4281 Α.]
1423 4224 1448 4247 “
1514 4216 1587 4265 Of.
1616 4216 1739 4265 Hor.
1765 4216 1931 4265 Germ.
1955 4216 2052 4266 111.
2079 4218 2156 4266 11.
2181 4216 2283 4280 35]

270 4293 290 4316 ¹
323 4281 490 4359 [Brexr.
533 4279 571 4329 1.
625 4279 769 4329 Pauli
816 4279 882 4329 V.
936 4280 1070 4343 apud
1119 4279 1265 4343 Resp.
1416 4287 1441 4311 ¹
1540 4280 1699 4329 itulus
1735 4280 1871 4338 libri,
1901 4285 1962 4330 ut
1997 4296 2027 4330 a
2056 4280 2179 4329 Bell.
2212 4281 2413 4340 citatus,

203 4347 366 4405 Tortn,
407 4359 456 4407 p.
480 4346 589 4401 12.;
629 4349 682 4393 et
715 4341 842 4393 Bell.
878 4343 987 4408 Op„
1033 4349 1154 4394 tom.
1177 4346 1265 4394 vii.
1355 4342 1430 4394 ita
1487 4359 1541 4393 ae
1600 4344 1769 4402 habet,
1824 4348 1840 4371 ⁸
1864 4344 2155 4393 Breviculus
2197 4345 2411 4394 duorum

202 4411 296 4462 eol.
324 4411 435 4459 642.
460 4407 546 4471 A.]
1353 4422 1516 4471 nuper
1550 4408 1606 4457 in
1667 4408 1848 4457 ublicis
1869 4408 2091 4457 comitiis
2113 4409 2155 4456 A
2234 4408 2413 4459 lieenis

274 4482 292 4504 ⁸
328 4472 435 4534 [Ee.
461 4471 641 4520 xxviii.
666 4471 767 4535 20.]
1352 4472 1610 4532 actorum:
1707 4471 2019 4522 .—Rothom.
2046 4474 2187 4522 1606.

273 4540 289 4570 ¹
321 4533 477 4600 [vide
524 4535 762 4598 Respona.
813 4534 955 4584 ‘l'orti
999 4551 1081 4600 pp.
1121 4538 1266 4586 28-
