<?xml version="1.0" encoding="UTF-8"?>
<!DOCTYPE html PUBLIC "-//W3C//DTD XHTML 1.0 Transitional//EN"
    "http://www.w3.org/TR/xhtml1/DTD/xhtml1-transitional.dtd">
<html xmlns="http://www.w3.org/1999/xhtml" xml:lang="en" lang="en">
 <head>
  <title>
</title>
<meta http-equiv="Content-Type" content="text/html;charset=utf-8" />
  <meta name='ocr-system' content='tesseract 3.04.00' />
  <meta name='ocr-capabilities' content='ocr_page ocr_carea ocr_par ocr_line ocrx_word'/>
</head>
<body>
  <div class='ocr_page' id='page_1' title='image "./responsioadapol01andrgoog_0409.png"; bbox 0 0 3165 4959; ppageno 0'>
   <div class='ocr_carea' id='block_1_1' title="bbox 993 327 2484 392">
    <p class='ocr_par' dir='ltr' id='par_1_1' title="bbox 993 327 2484 392">
     <span class='ocr_line' id='line_1_1' title="bbox 993 327 2484 392; baseline 0.003 -7"><span class='ocrx_word' id='word_1_1' title='bbox 993 338 1355 386; x_wconf 70' lang='lat' dir='ltr'><strong>Aromcmu</strong></span> <span class='ocrx_word' id='word_1_2' title='bbox 1399 339 1763 388; x_wconf 70' lang='lat' dir='ltr'><strong>nssmNsm.</strong></span> <span class='ocrx_word' id='word_1_3' title='bbox 2353 327 2484 392; x_wconf 82' lang='lat'><strong>373</strong></span> 
     </span>
    </p>
   </div>
   <div class='ocr_carea' id='block_1_2' title="bbox 269 491 2479 981">
    <p class='ocr_par' dir='ltr' id='par_1_2' title="bbox 269 491 2479 981">
     <span class='ocr_line' id='line_1_2' title="bbox 277 491 2479 577; baseline 0.003 -25"><span class='ocrx_word' id='word_1_4' title='bbox 277 509 439 571; x_wconf 86' lang='lat' dir='ltr'><strong>quae,</strong></span> <span class='ocrx_word' id='word_1_5' title='bbox 486 497 552 553; x_wconf 89' lang='lat' dir='ltr'><strong>et</strong></span> <span class='ocrx_word' id='word_1_6' title='bbox 603 491 906 574; x_wconf 84' lang='lat' dir='ltr'>Episcopi</span> <span class='ocrx_word' id='word_1_7' title='bbox 953 494 1190 575; x_wconf 88' lang='lat' dir='ltr'><strong>reperti</strong></span> <span class='ocrx_word' id='word_1_8' title='bbox 1238 501 1410 569; x_wconf 86' lang='lat' dir='ltr'><strong>sunt,</strong></span> <span class='ocrx_word' id='word_1_9' title='bbox 1463 494 1573 577; x_wconf 90' lang='lat' dir='ltr'><strong>qui</strong></span> <span class='ocrx_word' id='word_1_10' title='bbox 1624 494 1695 557; x_wconf 92' lang='lat' dir='ltr'><strong>in</strong></span> <span class='ocrx_word' id='word_1_11' title='bbox 1742 494 1932 558; x_wconf 86' lang='lat' dir='ltr'><strong>laude</strong></span> <span class='ocrx_word' id='word_1_12' title='bbox 1980 516 2098 558; x_wconf 89' lang='lat' dir='ltr'><strong>sua</strong></span> <span class='ocrx_word' id='word_1_13' title='bbox 2142 503 2479 577; x_wconf 81' lang='lat' dir='ltr'><strong>ponerent,</strong></span> 
     </span>
     <span class='ocr_line' id='line_1_3' title="bbox 275 590 2479 681; baseline 0.004 -27"><span class='ocrx_word' id='word_1_14' title='bbox 275 590 444 673; x_wconf 90' lang='lat' dir='ltr'><strong>quod</strong></span> <span class='ocrx_word' id='word_1_15' title='bbox 473 613 683 676; x_wconf 91' lang='lat' dir='ltr'><strong>neque</strong></span> <span class='ocrx_word' id='word_1_16' title='bbox 711 594 925 677; x_wconf 87' lang='lat' dir='ltr'><strong>legere</strong></span> <span class='ocrx_word' id='word_1_17' title='bbox 956 602 1276 676; x_wconf 85' lang='lat' dir='ltr'><strong>curarent,</strong></span> <span class='ocrx_word' id='word_1_18' title='bbox 1308 617 1517 680; x_wconf 90' lang='lat' dir='ltr'><strong>neque</strong></span> <span class='ocrx_word' id='word_1_19' title='bbox 1545 596 1908 681; x_wconf 88' lang='lat' dir='ltr'><strong>intelligere</strong></span> <span class='ocrx_word' id='word_1_20' title='bbox 1919 606 1962 660; x_wconf 62' lang='grc' dir='ltr'><strong>θ.</strong></span> <span class='ocrx_word' id='word_1_21' title='bbox 2056 598 2479 662; x_wconf 89' lang='lat' dir='ltr'><strong>Sacerdotum</strong></span> 
     </span>
     <span class='ocr_line' id='line_1_4' title="bbox 272 693 2477 784; baseline 0.005 -31"><span class='ocrx_word' id='word_1_22' title='bbox 272 712 421 755; x_wconf 86' lang='lat' dir='ltr'><strong>vero</strong></span> <span class='ocrx_word' id='word_1_23' title='bbox 466 693 572 756; x_wconf 85' lang='grc'><strong>1110</strong></span> <span class='ocrx_word' id='word_1_24' title='bbox 620 694 880 759; x_wconf 80' lang='lat' dir='ltr'><strong>inscitia</strong></span> <span class='ocrx_word' id='word_1_25' title='bbox 919 702 1123 774; x_wconf 90' lang='lat' dir='ltr'><strong>tanta,</strong></span> <span class='ocrx_word' id='word_1_26' title='bbox 1170 704 1246 761; x_wconf 89' lang='lat' dir='ltr'><strong>ut</strong></span> <span class='ocrx_word' id='word_1_27' title='bbox 1292 697 1629 780; x_wconf 84' lang='lat' dir='ltr'><strong>proverbio</strong></span> <span class='ocrx_word' id='word_1_28' title='bbox 1677 698 1891 762; x_wconf 92' lang='lat' dir='ltr'><strong>locum</strong></span> <span class='ocrx_word' id='word_1_29' title='bbox 1938 697 2164 762; x_wconf 88' lang='lat' dir='ltr'><strong>fecerit</strong></span> <span class='ocrx_word' id='word_1_30' title='bbox 2181 697 2232 762; x_wconf 75' lang='lat' dir='ltr'><strong>f:</strong></span> <span class='ocrx_word' id='word_1_31' title='bbox 2295 700 2477 784; x_wconf 86' lang='lat' dir='ltr'><strong>cujus</strong></span> 
     </span>
     <span class='ocr_line' id='line_1_5' title="bbox 269 795 2477 885; baseline 0.004 -29"><span class='ocrx_word' id='word_1_32' title='bbox 269 814 421 856; x_wconf 88' lang='lat' dir='ltr'><strong>cum</strong></span> <span class='ocrx_word' id='word_1_33' title='bbox 450 795 746 860; x_wconf 86' lang='lat' dir='ltr'><strong>conscius</strong></span> <span class='ocrx_word' id='word_1_34' title='bbox 786 804 958 861; x_wconf 87' lang='lat' dir='ltr'><strong>esset</strong></span> <span class='ocrx_word' id='word_1_35' title='bbox 989 798 1366 877; x_wconf 86' lang='lat' dir='ltr'><strong>Cardinalis,</strong></span> <span class='ocrx_word' id='word_1_36' title='bbox 1400 806 1594 882; x_wconf 84' lang='lat' dir='ltr'><strong>atque</strong></span> <span class='ocrx_word' id='word_1_37' title='bbox 1628 799 1801 863; x_wconf 90' lang='lat' dir='ltr'><strong>illius</strong></span> <span class='ocrx_word' id='word_1_38' title='bbox 1832 801 2025 883; x_wconf 87' lang='lat' dir='ltr'><strong>paulo</strong></span> <span class='ocrx_word' id='word_1_39' title='bbox 2061 821 2211 863; x_wconf 90' lang='lat' dir='ltr'><strong>eum</strong></span> <span class='ocrx_word' id='word_1_40' title='bbox 2239 822 2477 885; x_wconf 87' lang='lat' dir='ltr'><strong>suppu-</strong></span> 
     </span>
     <span class='ocr_line' id='line_1_6' title="bbox 269 890 2336 981; baseline 0.004 -28"><span class='ocrx_word' id='word_1_41' title='bbox 269 890 473 969; x_wconf 89' lang='lat' dir='ltr'><strong>deret‚</strong></span> <span class='ocrx_word' id='word_1_42' title='bbox 506 893 712 977; x_wconf 75' lang='lat' dir='ltr'><strong>sciens</strong></span> <span class='ocrx_word' id='word_1_43' title='bbox 753 895 986 978; x_wconf 90' lang='lat' dir='ltr'><strong>(credo)</strong></span> <span class='ocrx_word' id='word_1_44' title='bbox 1026 897 1345 960; x_wconf 80' lang='lat' dir='ltr'><strong>maculam</strong></span> <span class='ocrx_word' id='word_1_45' title='bbox 1374 897 1543 961; x_wconf 90' lang='lat' dir='ltr'><strong>hanc</strong></span> <span class='ocrx_word' id='word_1_46' title='bbox 1570 897 1980 980; x_wconf 82' lang='lat' dir='ltr'><strong>prudensque</strong></span> <span class='ocrx_word' id='word_1_47' title='bbox 2008 898 2336 981; x_wconf 76' lang='lat' dir='ltr'><strong>praeteriit.</strong></span> 
     </span>
    </p>
   </div>
   <div class='ocr_carea' id='block_1_3' title="bbox 334 1008 2473 1247">
    <p class='ocr_par' dir='ltr' id='par_1_3' title="bbox 334 1008 2473 1247">
     <span class='ocr_line' id='line_1_7' title="bbox 334 1008 2473 1079; baseline 0.005 -22"><span class='ocrx_word' id='word_1_48' title='bbox 334 1008 390 1058; x_wconf 83' lang='lat' dir='ltr'><strong>si</strong></span> <span class='ocrx_word' id='word_1_49' title='bbox 412 1024 546 1061; x_wconf 90' lang='lat' dir='ltr'><strong>anno</strong></span> <span class='ocrx_word' id='word_1_50' title='bbox 568 1013 696 1063; x_wconf 83' lang='grc'><strong>1562</strong></span> <span class='ocrx_word' id='word_1_51' title='bbox 730 1013 992 1077; x_wconf 73' lang='lat' dir='ltr'><strong>Scriptura</strong></span> <span class='ocrx_word' id='word_1_52' title='bbox 1027 1015 1293 1065; x_wconf 80' lang='lat' dir='ltr'><strong>interfecta</strong></span> <span class='ocrx_word' id='word_1_53' title='bbox 1312 1020 1405 1073; x_wconf 82' lang='lat' dir='ltr'><strong>est,</strong></span> <span class='ocrx_word' id='word_1_54' title='bbox 1428 1030 1548 1079; x_wconf 78' lang='lat' dir='ltr'><strong>ergo</strong></span> <span class='ocrx_word' id='word_1_55' title='bbox 1571 1031 1603 1065; x_wconf 91' lang='lat' dir='ltr'><strong>a</strong></span> <span class='ocrx_word' id='word_1_56' title='bbox 1626 1015 1848 1066; x_wconf 87' lang='lat' dir='ltr'><strong>Luthero</strong></span> <span class='ocrx_word' id='word_1_57' title='bbox 1889 1018 2007 1066; x_wconf 89' lang='lat' dir='ltr'><strong>ante</strong></span> <span class='ocrx_word' id='word_1_58' title='bbox 2035 1031 2067 1067; x_wconf 81' lang='lat' dir='ltr'><strong>a</strong></span> <span class='ocrx_word' id='word_1_59' title='bbox 2087 1018 2302 1067; x_wconf 88' lang='lat' dir='ltr'><strong>mortuis</strong></span> <span class='ocrx_word' id='word_1_60' title='bbox 2339 1032 2473 1068; x_wconf 85' lang='lat' dir='ltr'><strong>revo-</strong></span> 
     </span>
     <span class='ocr_line' id='line_1_8' title="bbox 398 1096 2470 1162; baseline 0.004 -21"><span class='ocrx_word' id='word_1_61' title='bbox 398 1096 509 1141; x_wconf 84' lang='lat' dir='ltr'><strong>cata</strong></span> <span class='ocrx_word' id='word_1_62' title='bbox 522 1097 614 1153; x_wconf 86' lang='lat' dir='ltr'><strong>est,</strong></span> <span class='ocrx_word' id='word_1_63' title='bbox 630 1109 782 1157; x_wconf 89' lang='lat' dir='ltr'><strong>quam</strong></span> <span class='ocrx_word' id='word_1_64' title='bbox 803 1096 869 1145; x_wconf 88' lang='lat' dir='ltr'><strong>ab</strong></span> <span class='ocrx_word' id='word_1_65' title='bbox 891 1096 1213 1147; x_wconf 72' lang='lat' dir='ltr'><strong>Antichristo</strong></span> <span class='ocrx_word' id='word_1_66' title='bbox 1235 1097 1617 1148; x_wconf 83' lang='lat' dir='ltr'><strong>interficeretur.</strong></span> <span class='ocrx_word' id='word_1_67' title='bbox 1639 1134 1653 1147; x_wconf 92' lang='lat'><strong>.</strong></span> <span class='ocrx_word' id='word_1_68' title='bbox 1676 1135 1689 1147; x_wconf 92' lang='lat'><strong>.</strong></span> <span class='ocrx_word' id='word_1_69' title='bbox 1713 1134 1725 1147; x_wconf 88' lang='lat'><strong>.</strong></span> <span class='ocrx_word' id='word_1_70' title='bbox 1751 1099 1914 1162; x_wconf 85' lang='lat' dir='ltr'><strong>Atqui</strong></span> <span class='ocrx_word' id='word_1_71' title='bbox 1929 1098 2024 1150; x_wconf 91' lang='grc'><strong>1100</strong></span> <span class='ocrx_word' id='word_1_72' title='bbox 2045 1115 2160 1150; x_wconf 80' lang='lat' dir='ltr'><strong>vere</strong></span> <span class='ocrx_word' id='word_1_73' title='bbox 2181 1101 2470 1151; x_wconf 87' lang='lat' dir='ltr'><strong>inauditum</strong></span> 
     </span>
     <span class='ocr_line' id='line_1_9' title="bbox 398 1175 2470 1247; baseline 0.005 -25"><span class='ocrx_word' id='word_1_74' title='bbox 398 1175 699 1225; x_wconf 86' lang='lat' dir='ltr'><strong>miraculum</strong></span> <span class='ocrx_word' id='word_1_75' title='bbox 722 1177 1031 1243; x_wconf 63' lang='lat' dir='ltr'><strong>est-[Bell.</strong></span> <span class='ocrx_word' id='word_1_76' title='bbox 1047 1179 1196 1242; x_wconf 89' lang='lat' dir='ltr'><strong>Apol.</strong></span> <span class='ocrx_word' id='word_1_77' title='bbox 1212 1193 1305 1243; x_wconf 92' lang='lat' dir='ltr'><strong>pro</strong></span> <span class='ocrx_word' id='word_1_78' title='bbox 1322 1178 1500 1243; x_wconf 87' lang='lat' dir='ltr'><strong>Resp.]</strong></span> <span class='ocrx_word' id='word_1_79' title='bbox 1526 1195 1578 1244; x_wconf 91' lang='lat' dir='ltr'><strong>p.</strong></span> <span class='ocrx_word' id='word_1_80' title='bbox 1598 1182 1707 1230; x_wconf 82' lang='lat'><strong>149.</strong></span> <span class='ocrx_word' id='word_1_81' title='bbox 1734 1179 1875 1245; x_wconf 87' lang='lat' dir='ltr'><strong>[Op.‚</strong></span> <span class='ocrx_word' id='word_1_82' title='bbox 1893 1186 2016 1230; x_wconf 89' lang='lat' dir='ltr'><strong>tom.</strong></span> <span class='ocrx_word' id='word_1_83' title='bbox 2032 1181 2120 1231; x_wconf 78' lang='lat' dir='ltr'><strong>vii.</strong></span> <span class='ocrx_word' id='word_1_84' title='bbox 2145 1183 2239 1232; x_wconf 86' lang='lat' dir='ltr'><strong>eol.</strong></span> <span class='ocrx_word' id='word_1_85' title='bbox 2260 1183 2371 1235; x_wconf 86' lang='grc'><strong>788.</strong></span> <span class='ocrx_word' id='word_1_86' title='bbox 2393 1182 2470 1247; x_wconf 94' lang='grc'><strong>0.]</strong></span> 
     </span>
    </p>
   </div>
   <div class='ocr_carea' id='block_1_4' title="bbox 356 1265 2774 1357">
    <p class='ocr_par' dir='ltr' id='par_1_4' title="bbox 356 1265 2774 1357">
     <span class='ocr_line' id='line_1_10' title="bbox 356 1265 2774 1357; baseline 0.006 -30"><span class='ocrx_word' id='word_1_87' title='bbox 356 1265 399 1327; x_wconf 91' lang='lat' dir='ltr'><strong>J</strong></span> <span class='ocrx_word' id='word_1_88' title='bbox 403 1288 506 1328; x_wconf 88' lang='lat' dir='ltr'><strong>am</strong></span> <span class='ocrx_word' id='word_1_89' title='bbox 549 1267 729 1331; x_wconf 88' lang='lat' dir='ltr'><strong>locus</strong></span> <span class='ocrx_word' id='word_1_90' title='bbox 770 1269 849 1332; x_wconf 90' lang='lat' dir='ltr'><strong>de</strong></span> <span class='ocrx_word' id='word_1_91' title='bbox 886 1270 1181 1332; x_wconf 75' lang='lat' dir='ltr'><strong>Generali</strong></span> <span class='ocrx_word' id='word_1_92' title='bbox 1215 1270 1489 1333; x_wconf 73' lang='lat' dir='ltr'><strong>Censura</strong></span> <span class='ocrx_word' id='word_1_93' title='bbox 1509 1280 1555 1348; x_wconf 74' lang='lat'><strong>8,</strong></span> <span class='ocrx_word' id='word_1_94' title='bbox 1591 1272 1740 1354; x_wconf 90' lang='lat' dir='ltr'><strong>(qua</strong></span> <span class='ocrx_word' id='word_1_95' title='bbox 1769 1272 1992 1335; x_wconf 83' lang='lat' dir='ltr'><strong>Testes</strong></span> <span class='ocrx_word' id='word_1_96' title='bbox 2020 1271 2091 1335; x_wconf 90' lang='lat' dir='ltr'><strong>hi</strong></span> <span class='ocrx_word' id='word_1_97' title='bbox 2121 1272 2250 1337; x_wconf 93' lang='lat' dir='ltr'><strong>duo</strong></span> <span class='ocrx_word' id='word_1_98' title='bbox 2270 1275 2469 1357; x_wconf 87' lang='lat' dir='ltr'><strong>jugu-</strong></span> <span class='ocrx_word' id='word_1_99' title='bbox 2497 1289 2596 1354; x_wconf 80' lang='lat' dir='ltr'><strong>[De</strong></span> <span class='ocrx_word' id='word_1_100' title='bbox 2620 1290 2774 1343; x_wconf 70' lang='lat' dir='ltr'><strong>Gene-</strong></span> 
     </span>
    </p>
   </div>
   <div class='ocr_carea' id='block_1_5' title="bbox 235 1367 2469 3505">
    <p class='ocr_par' dir='ltr' id='par_1_5' title="bbox 235 1367 2469 3505">
     <span class='ocr_line' id='line_1_11' title="bbox 266 1367 2469 1456; baseline 0.005 -27"><span class='ocrx_word' id='word_1_101' title='bbox 266 1367 385 1430; x_wconf 85' lang='lat' dir='ltr'><strong>lati</strong></span> <span class='ocrx_word' id='word_1_102' title='bbox 422 1368 750 1453; x_wconf 88' lang='lat' dir='ltr'><strong>dicuntur)</strong></span> <span class='ocrx_word' id='word_1_103' title='bbox 785 1370 949 1433; x_wconf 86' lang='lat' dir='ltr'><strong>nihil</strong></span> <span class='ocrx_word' id='word_1_104' title='bbox 978 1378 1118 1435; x_wconf 87' lang='lat' dir='ltr'><strong>erat</strong></span> <span class='ocrx_word' id='word_1_105' title='bbox 1149 1392 1264 1435; x_wconf 87' lang='lat' dir='ltr'><strong>cur</strong></span> <span class='ocrx_word' id='word_1_106' title='bbox 1294 1371 1700 1436; x_wconf 90' lang='lat' dir='ltr'><strong>Cardinalem</strong></span> <span class='ocrx_word' id='word_1_107' title='bbox 1729 1373 1799 1436; x_wconf 92' lang='lat' dir='ltr'><strong>in</strong></span> <span class='ocrx_word' id='word_1_108' title='bbox 1820 1374 2040 1456; x_wconf 83' lang='lat' dir='ltr'><strong>jocum</strong></span> <span class='ocrx_word' id='word_1_109' title='bbox 2069 1376 2339 1440; x_wconf 89' lang='lat' dir='ltr'><strong>solveret</strong></span> <span class='ocrx_word' id='word_1_110' title='bbox 2370 1378 2469 1440; x_wconf 91' lang='lat' dir='ltr'><strong>vel</strong></span> 
     </span>
     <span class='ocr_line' id='line_1_12' title="bbox 261 1471 963 1538; baseline 0.006 -5"><span class='ocrx_word' id='word_1_111' title='bbox 261 1471 551 1535; x_wconf 86' lang='lat' dir='ltr'><strong>facetum</strong></span> <span class='ocrx_word' id='word_1_112' title='bbox 580 1473 675 1536; x_wconf 90' lang='lat' dir='ltr'><strong>ita</strong></span> <span class='ocrx_word' id='word_1_113' title='bbox 702 1472 963 1538; x_wconf 84' lang='lat' dir='ltr'><strong>faceret.</strong></span> 
     </span>
     <span class='ocr_line' id='line_1_13' title="bbox 258 1576 2466 1657; baseline 0.004 -22"><span class='ocrx_word' id='word_1_114' title='bbox 258 1595 397 1636; x_wconf 89' lang='lat' dir='ltr'><strong>una</strong></span> <span class='ocrx_word' id='word_1_115' title='bbox 425 1581 635 1654; x_wconf 70' lang='lat' dir='ltr'><strong>vetate,</strong></span> <span class='ocrx_word' id='word_1_116' title='bbox 665 1577 767 1639; x_wconf 86' lang='lat' dir='ltr'><strong>vel</strong></span> <span class='ocrx_word' id='word_1_117' title='bbox 795 1598 928 1641; x_wconf 94' lang='lat' dir='ltr'><strong>uno</strong></span> <span class='ocrx_word' id='word_1_118' title='bbox 956 1576 1221 1641; x_wconf 83' lang='lat' dir='ltr'><strong>vulnere</strong></span> <span class='ocrx_word' id='word_1_119' title='bbox 1239 1577 1432 1640; x_wconf 88' lang='lat' dir='ltr'><strong>unius</strong></span> <span class='ocrx_word' id='word_1_120' title='bbox 1467 1578 1766 1657; x_wconf 88' lang='lat' dir='ltr'><strong>hominis,</strong></span> <span class='ocrx_word' id='word_1_121' title='bbox 1791 1580 2214 1644; x_wconf 90' lang='lat' dir='ltr'><strong>conciderunt</strong></span> <span class='ocrx_word' id='word_1_122' title='bbox 2243 1582 2466 1645; x_wconf 83' lang='lat' dir='ltr'><strong>Testes</strong></span> 
     </span>
     <span class='ocr_line' id='line_1_14' title="bbox 255 1676 2467 1764; baseline 0.004 -25"><span class='ocrx_word' id='word_1_123' title='bbox 255 1676 376 1754; x_wconf 90' lang='lat' dir='ltr'><strong>illi,</strong></span> <span class='ocrx_word' id='word_1_124' title='bbox 419 1679 561 1760; x_wconf 90' lang='lat' dir='ltr'><strong>(nec</strong></span> <span class='ocrx_word' id='word_1_125' title='bbox 605 1677 675 1742; x_wconf 94' lang='lat' dir='ltr'><strong>id</strong></span> <span class='ocrx_word' id='word_1_126' title='bbox 728 1680 892 1762; x_wconf 87' lang='lat' dir='ltr'><strong>Regi</strong></span> <span class='ocrx_word' id='word_1_127' title='bbox 942 1700 1233 1762; x_wconf 92' lang='lat' dir='ltr'><strong>unquam</strong></span> <span class='ocrx_word' id='word_1_128' title='bbox 1280 1680 1352 1742; x_wconf 92' lang='lat' dir='ltr'><strong>in</strong></span> <span class='ocrx_word' id='word_1_129' title='bbox 1393 1689 1684 1744; x_wconf 87' lang='lat' dir='ltr'><strong>mentem</strong></span> <span class='ocrx_word' id='word_1_130' title='bbox 1724 1682 1924 1764; x_wconf 87' lang='lat' dir='ltr'><strong>venit)</strong></span> <span class='ocrx_word' id='word_1_131' title='bbox 1970 1689 2230 1746; x_wconf 88' lang='lat' dir='ltr'><strong>tantum</strong></span> <span class='ocrx_word' id='word_1_132' title='bbox 2274 1684 2467 1747; x_wconf 89' lang='lat' dir='ltr'><strong>mori-</strong></span> 
     </span>
     <span class='ocr_line' id='line_1_15' title="bbox 260 1778 2463 1863; baseline 0.003 -21"><span class='ocrx_word' id='word_1_133' title='bbox 260 1778 468 1842; x_wconf 89' lang='lat' dir='ltr'><strong>bundi</strong></span> <span class='ocrx_word' id='word_1_134' title='bbox 510 1779 876 1863; x_wconf 87' lang='lat' dir='ltr'><strong>jacuerunt,</strong></span> <span class='ocrx_word' id='word_1_135' title='bbox 909 1781 1021 1844; x_wconf 92' lang='lat' dir='ltr'><strong>diu</strong></span> <span class='ocrx_word' id='word_1_136' title='bbox 1069 1788 1135 1845; x_wconf 90' lang='lat' dir='ltr'><strong>et</strong></span> <span class='ocrx_word' id='word_1_137' title='bbox 1178 1782 1553 1846; x_wconf 87' lang='lat' dir='ltr'><strong>vulneribus</strong></span> <span class='ocrx_word' id='word_1_138' title='bbox 1600 1783 1841 1863; x_wconf 88' lang='lat' dir='ltr'><strong>multis,</strong></span> <span class='ocrx_word' id='word_1_139' title='bbox 1891 1784 1977 1847; x_wconf 88' lang='lat' dir='ltr'><strong>ad</strong></span> <span class='ocrx_word' id='word_1_140' title='bbox 2026 1805 2248 1849; x_wconf 87' lang='lat' dir='ltr'><strong>necem</strong></span> <span class='ocrx_word' id='word_1_141' title='bbox 2288 1785 2463 1849; x_wconf 88' lang='lat' dir='ltr'><strong>dati:</strong></span> 
     </span>
     <span class='ocr_line' id='line_1_16' title="bbox 258 1882 2463 1969; baseline 0.004 -26"><span class='ocrx_word' id='word_1_142' title='bbox 258 1882 570 1964; x_wconf 85' lang='lat' dir='ltr'><strong>quamdiu</strong></span> <span class='ocrx_word' id='word_1_143' title='bbox 601 1883 887 1965; x_wconf 88' lang='lat' dir='ltr'><strong>(scilicet)</strong></span> <span class='ocrx_word' id='word_1_144' title='bbox 920 1883 1294 1948; x_wconf 88' lang='lat' dir='ltr'><strong>diuturnam</strong></span> <span class='ocrx_word' id='word_1_145' title='bbox 1324 1885 1495 1968; x_wconf 91' lang='lat' dir='ltr'><strong>passi</strong></span> <span class='ocrx_word' id='word_1_146' title='bbox 1523 1886 1854 1966; x_wconf 82' lang='lat' dir='ltr'><strong>saevitiam,</strong></span> <span class='ocrx_word' id='word_1_147' title='bbox 1876 1886 1994 1950; x_wconf 91' lang='lat' dir='ltr'><strong>sub</strong></span> <span class='ocrx_word' id='word_1_148' title='bbox 2017 1907 2463 1969; x_wconf 82' lang='lat' dir='ltr'><strong>percussorum</strong></span> 
     </span>
     <span class='ocr_line' id='line_1_17' title="bbox 255 1984 2460 2071; baseline 0.004 -26"><span class='ocrx_word' id='word_1_149' title='bbox 255 1984 562 2047; x_wconf 87' lang='lat' dir='ltr'><strong>manibus</strong></span> <span class='ocrx_word' id='word_1_150' title='bbox 607 1986 891 2070; x_wconf 85' lang='lat' dir='ltr'><strong>oppressi</strong></span> <span class='ocrx_word' id='word_1_151' title='bbox 947 1993 1353 2070; x_wconf 88' lang='lat' dir='ltr'><strong>gemuerunt.</strong></span> <span class='ocrx_word' id='word_1_152' title='bbox 1443 1989 1665 2071; x_wconf 82' lang='lat' dir='ltr'><strong>Atque</strong></span> <span class='ocrx_word' id='word_1_153' title='bbox 1723 1989 1868 2068; x_wconf 91' lang='lat' dir='ltr'><strong>hoc,</strong></span> <span class='ocrx_word' id='word_1_154' title='bbox 1923 1989 2160 2053; x_wconf 90' lang='lat' dir='ltr'><strong>ictibus</strong></span> <span class='ocrx_word' id='word_1_155' title='bbox 2212 1989 2460 2069; x_wconf 92' lang='lat' dir='ltr'><strong>multis,</strong></span> 
     </span>
     <span class='ocr_line' id='line_1_18' title="bbox 255 2086 2464 2175; baseline 0.003 -26"><span class='ocrx_word' id='word_1_156' title='bbox 255 2086 616 2151; x_wconf 90' lang='lat' dir='ltr'><strong>multorum</strong></span> <span class='ocrx_word' id='word_1_157' title='bbox 652 2089 746 2170; x_wconf 91' lang='lat' dir='ltr'><strong>(in</strong></span> <span class='ocrx_word' id='word_1_158' title='bbox 775 2089 1007 2172; x_wconf 90' lang='lat' dir='ltr'><strong>quibus</strong></span> <span class='ocrx_word' id='word_1_159' title='bbox 1036 2088 1277 2153; x_wconf 89' lang='lat' dir='ltr'><strong>instare</strong></span> <span class='ocrx_word' id='word_1_160' title='bbox 1307 2092 1612 2174; x_wconf 86' lang='lat' dir='ltr'><strong>poterat),</strong></span> <span class='ocrx_word' id='word_1_161' title='bbox 1645 2091 1888 2175; x_wconf 80' lang='lat' dir='ltr'><strong>placuit</strong></span> <span class='ocrx_word' id='word_1_162' title='bbox 1924 2100 2142 2156; x_wconf 90' lang='lat' dir='ltr'><strong>autem</strong></span> <span class='ocrx_word' id='word_1_163' title='bbox 2179 2093 2464 2155; x_wconf 77' lang='lat' dir='ltr'><strong>Censuroe</strong></span> 
     </span>
     <span class='ocr_line' id='line_1_19' title="bbox 252 2188 2462 2277; baseline 0.003 -26"><span class='ocrx_word' id='word_1_164' title='bbox 252 2188 440 2267; x_wconf 92' lang='lat' dir='ltr'><strong>illud,</strong></span> <span class='ocrx_word' id='word_1_165' title='bbox 471 2197 783 2273; x_wconf 88' lang='lat' dir='ltr'><strong>tanquam</strong></span> <span class='ocrx_word' id='word_1_166' title='bbox 827 2214 1034 2255; x_wconf 91' lang='lat' dir='ltr'><strong>unum</strong></span> <span class='ocrx_word' id='word_1_167' title='bbox 1075 2214 1111 2255; x_wconf 90' lang='lat' dir='ltr'><strong>e</strong></span> <span class='ocrx_word' id='word_1_168' title='bbox 1157 2192 1540 2271; x_wconf 84' lang='lat' dir='ltr'><strong>novissimis,</strong></span> <span class='ocrx_word' id='word_1_169' title='bbox 1590 2194 1976 2258; x_wconf 90' lang='lat' dir='ltr'><strong>nominatim</strong></span> <span class='ocrx_word' id='word_1_170' title='bbox 2022 2214 2299 2277; x_wconf 84' lang='lat' dir='ltr'><strong>ponere:</strong></span> <span class='ocrx_word' id='word_1_171' title='bbox 2347 2195 2462 2258; x_wconf 91' lang='lat' dir='ltr'><strong>sed</strong></span> 
     </span>
     <span class='ocr_line' id='line_1_20' title="bbox 253 2292 2461 2378; baseline 0.004 -24"><span class='ocrx_word' id='word_1_172' title='bbox 253 2292 341 2354; x_wconf 83' lang='lat' dir='ltr'><strong>ad</strong></span> <span class='ocrx_word' id='word_1_173' title='bbox 370 2294 556 2377; x_wconf 91' lang='lat' dir='ltr'><strong>cujus</strong></span> <span class='ocrx_word' id='word_1_174' title='bbox 588 2295 973 2377; x_wconf 86' lang='lat' dir='ltr'><strong>exemplum,</strong></span> <span class='ocrx_word' id='word_1_175' title='bbox 1005 2294 1248 2378; x_wconf 87' lang='lat' dir='ltr'><strong>aliquot</strong></span> <span class='ocrx_word' id='word_1_176' title='bbox 1285 2302 1438 2359; x_wconf 89' lang='lat' dir='ltr'><strong>ante</strong></span> <span class='ocrx_word' id='word_1_177' title='bbox 1483 2296 1753 2374; x_wconf 85' lang='lat' dir='ltr'><strong>saeculis,</strong></span> <span class='ocrx_word' id='word_1_178' title='bbox 1786 2296 1981 2360; x_wconf 88' lang='lat' dir='ltr'><strong>simili</strong></span> <span class='ocrx_word' id='word_1_179' title='bbox 2021 2297 2092 2360; x_wconf 92' lang='lat' dir='ltr'><strong>in</strong></span> <span class='ocrx_word' id='word_1_180' title='bbox 2129 2319 2237 2361; x_wconf 92' lang='lat' dir='ltr'><strong>eos</strong></span> <span class='ocrx_word' id='word_1_181' title='bbox 2267 2297 2461 2362; x_wconf 91' lang='lat' dir='ltr'><strong>modo</strong></span> 
     </span>
     <span class='ocr_line' id='line_1_21' title="bbox 251 2395 2461 2483; baseline 0.003 -27"><span class='ocrx_word' id='word_1_182' title='bbox 251 2395 549 2457; x_wconf 83' lang='lat' dir='ltr'><strong>saevitum</strong></span> <span class='ocrx_word' id='word_1_183' title='bbox 580 2396 795 2459; x_wconf 88' lang='lat' dir='ltr'><strong>fuerit.</strong></span> <span class='ocrx_word' id='word_1_184' title='bbox 885 2396 1047 2460; x_wconf 91' lang='lat' dir='ltr'><strong>Ideo</strong></span> <span class='ocrx_word' id='word_1_185' title='bbox 1077 2405 1294 2461; x_wconf 86' lang='lat' dir='ltr'><strong>autem</strong></span> <span class='ocrx_word' id='word_1_186' title='bbox 1324 2397 1591 2482; x_wconf 85' lang='lat' dir='ltr'><strong>placuit,</strong></span> <span class='ocrx_word' id='word_1_187' title='bbox 1617 2396 1789 2481; x_wconf 91' lang='lat' dir='ltr'><strong>quod</strong></span> <span class='ocrx_word' id='word_1_188' title='bbox 1817 2399 2130 2483; x_wconf 85' lang='lat' dir='ltr'><strong>placuerit</strong></span> <span class='ocrx_word' id='word_1_189' title='bbox 2159 2398 2249 2461; x_wconf 89' lang='lat' dir='ltr'><strong>ibi</strong></span> <span class='ocrx_word' id='word_1_190' title='bbox 2278 2399 2461 2464; x_wconf 89' lang='lat' dir='ltr'><strong>valde</strong></span> 
     </span>
     <span class='ocr_line' id='line_1_22' title="bbox 249 2499 2454 2585; baseline 0.003 -26"><span class='ocrx_word' id='word_1_191' title='bbox 249 2518 398 2576; x_wconf 85' lang='lat' dir='ltr'><strong>vox,</strong></span> <span class='ocrx_word' id='word_1_192' title='bbox 430 2506 497 2560; x_wconf 88' lang='lat' dir='ltr'><strong>et</strong></span> <span class='ocrx_word' id='word_1_193' title='bbox 524 2506 873 2582; x_wconf 87' lang='lat' dir='ltr'><strong>usurpetur</strong></span> <span class='ocrx_word' id='word_1_194' title='bbox 902 2499 1196 2578; x_wconf 86' lang='lat' dir='ltr'><strong>subinde,</strong></span> <span class='ocrx_word' id='word_1_195' title='bbox 1224 2501 1515 2563; x_wconf 80' lang='lat' dir='ltr'><strong>Censorio</strong></span> <span class='ocrx_word' id='word_1_196' title='bbox 1544 2521 1834 2564; x_wconf 79' lang='lat' dir='ltr'><strong>mucrone</strong></span> <span class='ocrx_word' id='word_1_197' title='bbox 1844 2500 2248 2583; x_wconf 69' lang='lat' dir='ltr'><strong>juyulandih,</strong></span> <span class='ocrx_word' id='word_1_198' title='bbox 2275 2503 2454 2585; x_wconf 88' lang='lat' dir='ltr'><strong>quasi</strong></span> 
     </span>
     <span class='ocr_line' id='line_1_23' title="bbox 238 2600 2456 2687; baseline 0.003 -25"><span class='ocrx_word' id='word_1_199' title='bbox 238 2600 553 2684; x_wconf 84' lang='lat' dir='ltr'><strong>jugulum</strong></span> <span class='ocrx_word' id='word_1_200' title='bbox 602 2601 815 2684; x_wconf 88' lang='lat' dir='ltr'><strong>ipsum</strong></span> <span class='ocrx_word' id='word_1_201' title='bbox 847 2608 1066 2683; x_wconf 84' lang='lat' dir='ltr'><strong>petere</strong></span> <span class='ocrx_word' id='word_1_202' title='bbox 1102 2604 1241 2687; x_wconf 88' lang='lat' dir='ltr'><strong>jam</strong></span> <span class='ocrx_word' id='word_1_203' title='bbox 1283 2602 1355 2667; x_wconf 92' lang='lat' dir='ltr'><strong>in</strong></span> <span class='ocrx_word' id='word_1_204' title='bbox 1391 2603 1608 2666; x_wconf 91' lang='lat' dir='ltr'><strong>animo</strong></span> <span class='ocrx_word' id='word_1_205' title='bbox 1639 2603 1976 2667; x_wconf 87' lang='lat' dir='ltr'><strong>haberent.</strong></span> <span class='ocrx_word' id='word_1_206' title='bbox 2068 2603 2156 2666; x_wconf 88' lang='lat' dir='ltr'><strong>Et</strong></span> <span class='ocrx_word' id='word_1_207' title='bbox 2194 2603 2277 2667; x_wconf 90' lang='lat' dir='ltr'><strong>ad</strong></span> <span class='ocrx_word' id='word_1_208' title='bbox 2315 2625 2456 2668; x_wconf 90' lang='lat' dir='ltr'><strong>eam</strong></span> 
     </span>
     <span class='ocr_line' id='line_1_24' title="bbox 246 2703 2454 2790; baseline 0.003 -25"><span class='ocrx_word' id='word_1_209' title='bbox 246 2703 516 2787; x_wconf 85' lang='lat' dir='ltr'><strong>quidem</strong></span> <span class='ocrx_word' id='word_1_210' title='bbox 563 2726 701 2768; x_wconf 89' lang='lat' dir='ltr'><strong>rem</strong></span> <span class='ocrx_word' id='word_1_211' title='bbox 731 2706 1040 2789; x_wconf 89' lang='lat' dir='ltr'><strong>prodiisse</strong></span> <span class='ocrx_word' id='word_1_212' title='bbox 1082 2707 1420 2769; x_wconf 60' lang='lat' dir='ltr'><strong>Cen-euram</strong></span> <span class='ocrx_word' id='word_1_213' title='bbox 1448 2706 1639 2782; x_wconf 86' lang='lat' dir='ltr'><strong>hanc,</strong></span> <span class='ocrx_word' id='word_1_214' title='bbox 1686 2705 1818 2783; x_wconf 92' lang='lat' dir='ltr'><strong>sed,</strong></span> <span class='ocrx_word' id='word_1_215' title='bbox 1861 2706 1943 2769; x_wconf 91' lang='lat' dir='ltr'><strong>ad</strong></span> <span class='ocrx_word' id='word_1_216' title='bbox 1994 2706 2166 2789; x_wconf 90' lang='lat' dir='ltr'><strong>quod</strong></span> <span class='ocrx_word' id='word_1_217' title='bbox 2196 2707 2454 2790; x_wconf 89' lang='lat' dir='ltr'><strong>prodiit,</strong></span> 
     </span>
     <span class='ocr_line' id='line_1_25' title="bbox 243 2805 2458 2890; baseline 0.002 -23"><span class='ocrx_word' id='word_1_218' title='bbox 243 2826 385 2868; x_wconf 90' lang='lat' dir='ltr'><strong>non</strong></span> <span class='ocrx_word' id='word_1_219' title='bbox 433 2805 661 2869; x_wconf 89' lang='lat' dir='ltr'><strong>itidem</strong></span> <span class='ocrx_word' id='word_1_220' title='bbox 704 2807 1061 2890; x_wconf 85' lang='lat' dir='ltr'><strong>perfecisse.</strong></span> <span class='ocrx_word' id='word_1_221' title='bbox 1154 2807 1507 2885; x_wconf 70' lang='lat' dir='ltr'><strong>Successus,</strong></span> <span class='ocrx_word' id='word_1_222' title='bbox 1556 2808 1627 2870; x_wconf 88' lang='lat' dir='ltr'><strong>in</strong></span> <span class='ocrx_word' id='word_1_223' title='bbox 1676 2828 1753 2871; x_wconf 92' lang='lat' dir='ltr'><strong>eo</strong></span> <span class='ocrx_word' id='word_1_224' title='bbox 1799 2807 2000 2886; x_wconf 82' lang='lat' dir='ltr'><strong>vobis,</strong></span> <span class='ocrx_word' id='word_1_225' title='bbox 2045 2829 2177 2871; x_wconf 90' lang='lat' dir='ltr'><strong>non</strong></span> <span class='ocrx_word' id='word_1_226' title='bbox 2215 2811 2458 2872; x_wconf 70' lang='lat' dir='ltr'><strong>animus</strong></span> 
     </span>
     <span class='ocr_line' id='line_1_26' title="bbox 242 2909 2452 2994; baseline 0.001 -22"><span class='ocrx_word' id='word_1_227' title='bbox 242 2909 472 2972; x_wconf 84' lang='lat' dir='ltr'><strong>defuit.</strong></span> <span class='ocrx_word' id='word_1_228' title='bbox 565 2910 608 2972; x_wconf 91' lang='lat' dir='ltr'><strong>J</strong></span> <span class='ocrx_word' id='word_1_229' title='bbox 610 2932 734 2989; x_wconf 86' lang='lat' dir='ltr'><strong>am,</strong></span> <span class='ocrx_word' id='word_1_230' title='bbox 765 2917 842 2973; x_wconf 92' lang='lat' dir='ltr'><strong>ut</strong></span> <span class='ocrx_word' id='word_1_231' title='bbox 872 2911 1110 2989; x_wconf 83' lang='lat' dir='ltr'><strong>caesim,</strong></span> <span class='ocrx_word' id='word_1_232' title='bbox 1141 2932 1277 2974; x_wconf 91' lang='lat' dir='ltr'><strong>non</strong></span> <span class='ocrx_word' id='word_1_233' title='bbox 1305 2911 1637 2994; x_wconf 85' lang='lat' dir='ltr'><strong>punctim:</strong></span> <span class='ocrx_word' id='word_1_234' title='bbox 1685 2918 1752 2975; x_wconf 89' lang='lat' dir='ltr'><strong>et</strong></span> <span class='ocrx_word' id='word_1_235' title='bbox 1782 2933 1822 2974; x_wconf 91' lang='lat' dir='ltr'><strong>a</strong></span> <span class='ocrx_word' id='word_1_236' title='bbox 1849 2912 2096 2989; x_wconf 75' lang='lat' dir='ltr'><strong>multiS,</strong></span> <span class='ocrx_word' id='word_1_237' title='bbox 2128 2932 2261 2976; x_wconf 93' lang='lat' dir='ltr'><strong>non</strong></span> <span class='ocrx_word' id='word_1_238' title='bbox 2283 2933 2452 2976; x_wconf 90' lang='lat' dir='ltr'><strong>uno:</strong></span> 
     </span>
     <span class='ocr_line' id='line_1_27' title="bbox 242 3011 2455 3092; baseline 0.002 -18"><span class='ocrx_word' id='word_1_239' title='bbox 242 3019 315 3075; x_wconf 88' lang='lat' dir='ltr'><strong>et</strong></span> <span class='ocrx_word' id='word_1_240' title='bbox 346 3011 477 3090; x_wconf 92' lang='lat' dir='ltr'><strong>diu,</strong></span> <span class='ocrx_word' id='word_1_241' title='bbox 507 3033 641 3076; x_wconf 90' lang='lat' dir='ltr'><strong>non</strong></span> <span class='ocrx_word' id='word_1_242' title='bbox 671 3021 1021 3092; x_wconf 83' lang='grc'><strong>1001001110,</strong></span> <span class='ocrx_word' id='word_1_243' title='bbox 1054 3014 1346 3077; x_wconf 70' lang='lat' dir='ltr'><strong>&#39;restium</strong></span> <span class='ocrx_word' id='word_1_244' title='bbox 1393 3014 1786 3078; x_wconf 90' lang='lat' dir='ltr'><strong>internecio:</strong></span> <span class='ocrx_word' id='word_1_245' title='bbox 1833 3014 1947 3092; x_wconf 90' lang='lat' dir='ltr'><strong>ita,</strong></span> <span class='ocrx_word' id='word_1_246' title='bbox 1992 3034 2114 3077; x_wconf 91' lang='lat' dir='ltr'><strong>nec</strong></span> <span class='ocrx_word' id='word_1_247' title='bbox 2145 3014 2227 3077; x_wconf 85' lang='lat' dir='ltr'><strong>ad</strong></span> <span class='ocrx_word' id='word_1_248' title='bbox 2254 3014 2455 3078; x_wconf 82' lang='lat' dir='ltr'><strong>vitam</strong></span> 
     </span>
     <span class='ocr_line' id='line_1_28' title="bbox 242 3115 2453 3200; baseline 0.002 -24"><span class='ocrx_word' id='word_1_249' title='bbox 242 3115 467 3177; x_wconf 89' lang='lat' dir='ltr'><strong>statim</strong></span> <span class='ocrx_word' id='word_1_250' title='bbox 498 3115 838 3191; x_wconf 87' lang='lat' dir='ltr'><strong>revocati0‚</strong></span> <span class='ocrx_word' id='word_1_251' title='bbox 869 3136 991 3179; x_wconf 93' lang='lat' dir='ltr'><strong>nec</strong></span> <span class='ocrx_word' id='word_1_252' title='bbox 1044 3115 1241 3179; x_wconf 88' lang='lat' dir='ltr'><strong>unius</strong></span> <span class='ocrx_word' id='word_1_253' title='bbox 1286 3137 1501 3200; x_wconf 91' lang='lat' dir='ltr'><strong>opera,</strong></span> <span class='ocrx_word' id='word_1_254' title='bbox 1549 3117 1651 3179; x_wconf 82' lang='lat' dir='ltr'><strong>vel</strong></span> <span class='ocrx_word' id='word_1_255' title='bbox 1698 3116 1984 3194; x_wconf 86' lang='lat' dir='ltr'><strong>alterius,</strong></span> <span class='ocrx_word' id='word_1_256' title='bbox 2032 3117 2144 3180; x_wconf 87' lang='lat' dir='ltr'><strong>sed</strong></span> <span class='ocrx_word' id='word_1_257' title='bbox 2182 3123 2247 3180; x_wconf 96' lang='lat' dir='ltr'><strong>et</strong></span> <span class='ocrx_word' id='word_1_258' title='bbox 2286 3125 2453 3181; x_wconf 86' lang='lat' dir='ltr'><strong>tem-</strong></span> 
     </span>
     <span class='ocr_line' id='line_1_29' title="bbox 240 3218 2452 3304; baseline 0.002 -25"><span class='ocrx_word' id='word_1_259' title='bbox 240 3218 419 3299; x_wconf 88' lang='lat' dir='ltr'><strong>poris</strong></span> <span class='ocrx_word' id='word_1_260' title='bbox 447 3238 581 3281; x_wconf 91' lang='lat' dir='ltr'><strong>non</strong></span> <span class='ocrx_word' id='word_1_261' title='bbox 612 3218 825 3300; x_wconf 82' lang='lat' dir='ltr'><strong>exigui</strong></span> <span class='ocrx_word' id='word_1_262' title='bbox 846 3218 1220 3281; x_wconf 87' lang='lat' dir='ltr'><strong>interventu</strong></span> <span class='ocrx_word' id='word_1_263' title='bbox 1250 3240 1408 3302; x_wconf 87' lang='lat' dir='ltr'><strong>opus</strong></span> <span class='ocrx_word' id='word_1_264' title='bbox 1439 3225 1597 3295; x_wconf 85' lang='lat' dir='ltr'><strong>erat,</strong></span> <span class='ocrx_word' id='word_1_265' title='bbox 1618 3225 1684 3282; x_wconf 89' lang='lat' dir='ltr'><strong>et</strong></span> <span class='ocrx_word' id='word_1_266' title='bbox 1707 3219 2060 3283; x_wconf 89' lang='lat' dir='ltr'><strong>multorum</strong></span> <span class='ocrx_word' id='word_1_267' title='bbox 2080 3219 2452 3304; x_wconf 83' lang='lat' dir='ltr'><strong>Martyrum</strong></span> 
     </span>
     <span class='ocr_line' id='line_1_30' title="bbox 241 3319 2450 3402; baseline 0.001 -20"><span class='ocrx_word' id='word_1_268' title='bbox 241 3319 560 3401; x_wconf 88' lang='lat' dir='ltr'><strong>sanguine</strong></span> <span class='ocrx_word' id='word_1_269' title='bbox 611 3340 688 3383; x_wconf 91' lang='lat' dir='ltr'><strong>ea</strong></span> <span class='ocrx_word' id='word_1_270' title='bbox 737 3341 840 3383; x_wconf 90' lang='lat' dir='ltr'><strong>res</strong></span> <span class='ocrx_word' id='word_1_271' title='bbox 888 3321 1088 3383; x_wconf 89' lang='lat' dir='ltr'><strong>stetit.</strong></span> <span class='ocrx_word' id='word_1_272' title='bbox 1199 3321 1518 3384; x_wconf 78' lang='lat' dir='ltr'><strong>Miraculo</strong></span> <span class='ocrx_word' id='word_1_273' title='bbox 1574 3327 1795 3384; x_wconf 86' lang='lat' dir='ltr'><strong>tamen</strong></span> <span class='ocrx_word' id='word_1_274' title='bbox 1839 3322 2058 3384; x_wconf 89' lang='lat' dir='ltr'><strong>nullus</strong></span> <span class='ocrx_word' id='word_1_275' title='bbox 2100 3322 2209 3386; x_wconf 87' lang='grc'><strong>1110</strong></span> <span class='ocrx_word' id='word_1_276' title='bbox 2252 3323 2450 3402; x_wconf 88' lang='lat' dir='ltr'><strong>locus,</strong></span> 
     </span>
     <span class='ocr_line' id='line_1_31' title="bbox 235 3421 2449 3505; baseline 0.002 -22"><span class='ocrx_word' id='word_1_277' title='bbox 235 3442 379 3485; x_wconf 92' lang='lat' dir='ltr'><strong>non</strong></span> <span class='ocrx_word' id='word_1_278' title='bbox 409 3421 635 3503; x_wconf 73' lang='lat' dir='ltr'><strong>magia,</strong></span> <span class='ocrx_word' id='word_1_279' title='bbox 658 3443 851 3505; x_wconf 83' lang='lat' dir='ltr'><strong>quam</strong></span> <span class='ocrx_word' id='word_1_280' title='bbox 880 3422 954 3501; x_wconf 89' lang='lat' dir='ltr'><strong>si,</strong></span> <span class='ocrx_word' id='word_1_281' title='bbox 988 3422 1099 3504; x_wconf 93' lang='lat' dir='ltr'><strong>qui</strong></span> <span class='ocrx_word' id='word_1_282' title='bbox 1128 3421 1241 3484; x_wconf 91' lang='lat' dir='ltr'><strong>diu</strong></span> <span class='ocrx_word' id='word_1_283' title='bbox 1272 3443 1308 3485; x_wconf 89' lang='lat' dir='ltr'><strong>e</strong></span> <span class='ocrx_word' id='word_1_284' title='bbox 1339 3423 1565 3487; x_wconf 89' lang='lat' dir='ltr'><strong>morbo</strong></span> <span class='ocrx_word' id='word_1_285' title='bbox 1596 3422 1922 3499; x_wconf 85' lang='lat' dir='ltr'><strong>decubuit,</strong></span> <span class='ocrx_word' id='word_1_286' title='bbox 1943 3422 2193 3487; x_wconf 90' lang='lat' dir='ltr'><strong>diutine</strong></span> <span class='ocrx_word' id='word_1_287' title='bbox 2222 3423 2449 3488; x_wconf 90' lang='lat' dir='ltr'><strong>itidem</strong></span> 
     </span>
    </p>
   </div>
   <div class='ocr_carea' id='block_1_6' title="bbox 2493 1355 2798 1471">
    <p class='ocr_par' dir='ltr' id='par_1_6' title="bbox 2493 1355 2798 1471">
     <span class='ocr_line' id='line_1_32' title="bbox 2495 1355 2798 1406; baseline 0.013 -3"><span class='ocrx_word' id='word_1_288' title='bbox 2495 1355 2589 1404; x_wconf 79' lang='lat' dir='ltr'><strong>rali</strong></span> <span class='ocrx_word' id='word_1_289' title='bbox 2614 1355 2798 1406; x_wconf 85' lang='lat' dir='ltr'><strong>Censu-</strong></span> 
     </span>
     <span class='ocr_line' id='line_1_33' title="bbox 2493 1419 2767 1471; baseline 0.011 -3"><span class='ocrx_word' id='word_1_290' title='bbox 2493 1433 2549 1468; x_wconf 80' lang='lat' dir='ltr'><strong>ra</strong></span> <span class='ocrx_word' id='word_1_291' title='bbox 2573 1419 2767 1471; x_wconf 85' lang='lat' dir='ltr'><strong>Versio·</strong></span> 
     </span>
    </p>
   </div>
   <div class='ocr_carea' id='block_1_7' title="bbox 1055 1474 2728 1612">
    <p class='ocr_par' dir='ltr' id='par_1_7' title="bbox 1055 1474 2728 1612">
     <span class='ocr_line' id='line_1_34' title="bbox 1055 1474 2728 1612; baseline 0.003 -75"><span class='ocrx_word' id='word_1_292' title='bbox 1055 1474 1314 1558; x_wconf 85' lang='lat' dir='ltr'><strong>Duplex</strong></span> <span class='ocrx_word' id='word_1_293' title='bbox 1344 1496 1421 1538; x_wconf 96' lang='lat' dir='ltr'><strong>eo</strong></span> <span class='ocrx_word' id='word_1_294' title='bbox 1449 1475 1593 1539; x_wconf 91' lang='lat' dir='ltr'><strong>loco</strong></span> <span class='ocrx_word' id='word_1_295' title='bbox 1623 1496 1819 1541; x_wconf 88' lang='lat' dir='ltr'><strong>error.</strong></span> <span class='ocrx_word' id='word_1_296' title='bbox 1909 1478 2090 1541; x_wconf 90' lang='lat' dir='ltr'><strong>Nam</strong></span> <span class='ocrx_word' id='word_1_297' title='bbox 2126 1499 2336 1561; x_wconf 92' lang='lat' dir='ltr'><strong>neque</strong></span> <span class='ocrx_word' id='word_1_298' title='bbox 2366 1480 2467 1543; x_wconf 84' lang='lat' dir='ltr'><strong>vel</strong></span> <span class='ocrx_word' id='word_1_299' title='bbox 2492 1484 2728 1612; x_wconf 52' lang='grc' dir='ltr'><strong>ἒὲιέιΡῗῗ-</strong></span> 
     </span>
    </p>
   </div>
   <div class='ocr_carea' id='block_1_8' title="bbox 238 3555 1303 4577">
    <p class='ocr_par' dir='ltr' id='par_1_8' title="bbox 238 3555 1303 3876">
     <span class='ocr_line' id='line_1_35' title="bbox 302 3555 1295 3619; baseline 0 -14"><span class='ocrx_word' id='word_1_300' title='bbox 302 3564 325 3588; x_wconf 74' lang='lat'><strong>⁰</strong></span> <span class='ocrx_word' id='word_1_301' title='bbox 365 3555 614 3619; x_wconf 77' lang='lat' dir='ltr'><strong>[Respicit</strong></span> <span class='ocrx_word' id='word_1_302' title='bbox 657 3556 820 3607; x_wconf 81' lang='lat' dir='ltr'><strong>forsan</strong></span> <span class='ocrx_word' id='word_1_303' title='bbox 858 3556 1052 3606; x_wconf 88' lang='lat' dir='ltr'><strong>dictum</strong></span> <span class='ocrx_word' id='word_1_304' title='bbox 1090 3557 1295 3618; x_wconf 84' lang='lat' dir='ltr'><strong>Georgii</strong></span> 
     </span>
     <span class='ocr_line' id='line_1_36' title="bbox 239 3620 1297 3682; baseline 0.001 -13"><span class='ocrx_word' id='word_1_305' title='bbox 239 3620 521 3682; x_wconf 79' lang='lat' dir='ltr'><strong>Creighton</strong></span> <span class='ocrx_word' id='word_1_306' title='bbox 587 3621 630 3670; x_wconf 83' lang='grc' dir='ltr'>Ε</span> <span class='ocrx_word' id='word_1_307' title='bbox 668 3621 752 3671; x_wconf 81' lang='lat' dir='ltr'><strong>isc.</strong></span> <span class='ocrx_word' id='word_1_308' title='bbox 804 3620 1139 3670; x_wconf 81' lang='lat' dir='ltr'><strong>Dunkeld.—</strong></span> <span class='ocrx_word' id='word_1_309' title='bbox 1166 3620 1297 3670; x_wconf 87' lang='lat' dir='ltr'><strong>Vide</strong></span> 
     </span>
     <span class='ocr_line' id='line_1_37' title="bbox 240 3685 1303 3748; baseline -0.001 -14"><span class='ocrx_word' id='word_1_310' title='bbox 240 3690 253 3711; x_wconf 79' lang='lat'>⁸</span> <span class='ocrx_word' id='word_1_311' title='bbox 271 3685 605 3748; x_wconf 73' lang='lat' dir='ltr'><strong>Spotswood&#39;s</strong></span> <span class='ocrx_word' id='word_1_312' title='bbox 690 3686 771 3734; x_wconf 81' lang='lat' dir='ltr'><strong>ist.</strong></span> <span class='ocrx_word' id='word_1_313' title='bbox 802 3686 859 3734; x_wconf 80' lang='lat' dir='ltr'><strong>of</strong></span> <span class='ocrx_word' id='word_1_314' title='bbox 886 3685 975 3734; x_wconf 86' lang='lat' dir='ltr'><strong>the</strong></span> <span class='ocrx_word' id='word_1_315' title='bbox 1010 3685 1212 3734; x_wconf 87' lang='lat' dir='ltr'><strong>Church</strong></span> <span class='ocrx_word' id='word_1_316' title='bbox 1247 3685 1303 3733; x_wconf 87' lang='lat' dir='ltr'><strong>of</strong></span> 
     </span>
     <span class='ocr_line' id='line_1_38' title="bbox 238 3746 1293 3876; baseline 0.001 -79"><span class='ocrx_word' id='word_1_317' title='bbox 238 3746 512 3876; x_wconf 43' lang='lat' dir='ltr'><strong>Scotlssqd!</strong></span> <span class='ocrx_word' id='word_1_318' title='bbox 561 3749 648 3798; x_wconf 90' lang='lat' dir='ltr'><strong>lib.</strong></span> <span class='ocrx_word' id='word_1_319' title='bbox 687 3750 740 3798; x_wconf 91' lang='lat' dir='ltr'><strong>ii.</strong></span> <span class='ocrx_word' id='word_1_320' title='bbox 792 3748 857 3799; x_wconf 87' lang='lat' dir='ltr'><strong>ad</strong></span> <span class='ocrx_word' id='word_1_321' title='bbox 907 3764 987 3799; x_wconf 89' lang='lat' dir='ltr'><strong>an.</strong></span> <span class='ocrx_word' id='word_1_322' title='bbox 1032 3751 1167 3800; x_wconf 84' lang='grc'><strong>1538.</strong></span> <span class='ocrx_word' id='word_1_323' title='bbox 1210 3763 1293 3813; x_wconf 88' lang='lat' dir='ltr'><strong>pp.</strong></span> 
     </span>
    </p>

    <p class='ocr_par' dir='ltr' id='par_1_9' title="bbox 302 3876 1295 3941">
     <span class='ocr_line' id='line_1_39' title="bbox 302 3876 1295 3941; baseline 0.002 -16"><span class='ocrx_word' id='word_1_324' title='bbox 302 3877 319 3908; x_wconf 79' lang='lat'><strong><em>¹</em></strong></span> <span class='ocrx_word' id='word_1_325' title='bbox 378 3877 430 3941; x_wconf 74' lang='lat'><strong>[⁰</strong></span> <span class='ocrx_word' id='word_1_326' title='bbox 458 3877 717 3927; x_wconf 88' lang='lat' dir='ltr'><strong>Indoctior</strong></span> <span class='ocrx_word' id='word_1_327' title='bbox 771 3877 1063 3928; x_wconf 81' lang='lat' dir='ltr'><strong>Monaeho.’&#39;</strong></span> <span class='ocrx_word' id='word_1_328' title='bbox 1161 3876 1295 3927; x_wconf 87' lang='lat' dir='ltr'><strong>Vide</strong></span> 
     </span>
    </p>

    <p class='ocr_par' dir='ltr' id='par_1_10' title="bbox 239 3941 1300 4577">
     <span class='ocr_line' id='line_1_40' title="bbox 303 3941 1295 4070; baseline 0 -16"><span class='ocrx_word' id='word_1_329' title='bbox 303 4014 329 4046; x_wconf 71' lang='lat'><strong>⁸</strong></span> <span class='ocrx_word' id='word_1_330' title='bbox 378 4006 557 4068; x_wconf 88' lang='lat' dir='ltr'><strong>[Anno</strong></span> <span class='ocrx_word' id='word_1_331' title='bbox 601 3957 725 4057; x_wconf 62' lang='grc'><strong>15154</strong></span> <span class='ocrx_word' id='word_1_332' title='bbox 778 3941 972 4070; x_wconf 63' lang='lat' dir='ltr'><strong>priidiit</strong></span> <span class='ocrx_word' id='word_1_333' title='bbox 1018 4006 1162 4067; x_wconf 87' lang='lat' dir='ltr'><strong>liber,</strong></span> <span class='ocrx_word' id='word_1_334' title='bbox 1214 4006 1295 4055; x_wconf 89' lang='lat' dir='ltr'><strong>eui</strong></span> 
     </span>
     <span class='ocr_line' id='line_1_41' title="bbox 240 4069 1298 4128; baseline 0.001 -10"><span class='ocrx_word' id='word_1_335' title='bbox 240 4070 439 4128; x_wconf 81' lang='lat' dir='ltr'><strong>titulus,</strong></span> <span class='ocrx_word' id='word_1_336' title='bbox 494 4074 509 4096; x_wconf 91' lang='lat'>‘</span> <span class='ocrx_word' id='word_1_337' title='bbox 533 4069 755 4120; x_wconf 78' lang='lat' dir='ltr'><strong>Censura</strong></span> <span class='ocrx_word' id='word_1_338' title='bbox 809 4070 1067 4120; x_wconf 81' lang='lat' dir='ltr'><strong>Generalis</strong></span> <span class='ocrx_word' id='word_1_339' title='bbox 1121 4074 1298 4120; x_wconf 87' lang='lat' dir='ltr'><strong>contra</strong></span> 
     </span>
     <span class='ocr_line' id='line_1_42' title="bbox 240 4134 1297 4197; baseline 0.002 -15"><span class='ocrx_word' id='word_1_340' title='bbox 240 4148 429 4183; x_wconf 84' lang='lat' dir='ltr'><strong>errores</strong></span> <span class='ocrx_word' id='word_1_341' title='bbox 470 4134 654 4197; x_wconf 82' lang='lat' dir='ltr'><strong>quibus</strong></span> <span class='ocrx_word' id='word_1_342' title='bbox 695 4141 918 4184; x_wconf 79' lang='lat' dir='ltr'><strong>recentes</strong></span> <span class='ocrx_word' id='word_1_343' title='bbox 961 4135 1187 4184; x_wconf 72' lang='lat' dir='ltr'><strong>haeretici</strong></span> <span class='ocrx_word' id='word_1_344' title='bbox 1226 4149 1297 4184; x_wconf 86' lang='lat' dir='ltr'><strong>sa-</strong></span> 
     </span>
     <span class='ocr_line' id='line_1_43' title="bbox 239 4198 1300 4263; baseline 0.001 -17"><span class='ocrx_word' id='word_1_345' title='bbox 239 4213 375 4247; x_wconf 87' lang='lat' dir='ltr'><strong>cram</strong></span> <span class='ocrx_word' id='word_1_346' title='bbox 409 4199 709 4260; x_wconf 83' lang='lat' dir='ltr'><strong>scripturam</strong></span> <span class='ocrx_word' id='word_1_347' title='bbox 743 4203 1076 4263; x_wconf 83' lang='lat' dir='ltr'><strong>asperserunt.</strong></span> <span class='ocrx_word' id='word_1_348' title='bbox 1110 4198 1249 4248; x_wconf 85' lang='lat' dir='ltr'><strong>edita</strong></span> <span class='ocrx_word' id='word_1_349' title='bbox 1268 4214 1300 4247; x_wconf 89' lang='lat' dir='ltr'><strong>a</strong></span> 
     </span>
     <span class='ocr_line' id='line_1_44' title="bbox 240 4262 1299 4326; baseline 0.002 -17"><span class='ocrx_word' id='word_1_350' title='bbox 240 4277 474 4325; x_wconf 82' lang='lat' dir='ltr'><strong>supremo</strong></span> <span class='ocrx_word' id='word_1_351' title='bbox 509 4263 695 4313; x_wconf 86' lang='lat' dir='ltr'><strong>Senatu</strong></span> <span class='ocrx_word' id='word_1_352' title='bbox 736 4263 1091 4326; x_wconf 83' lang='lat' dir='ltr'><strong>Inquisitionis</strong></span> <span class='ocrx_word' id='word_1_353' title='bbox 1132 4262 1299 4312; x_wconf 80' lang='lat' dir='ltr'><strong>adver-</strong></span> 
     </span>
     <span class='ocr_line' id='line_1_45' title="bbox 240 4327 1297 4391; baseline 0.004 -19"><span class='ocrx_word' id='word_1_354' title='bbox 240 4341 323 4375; x_wconf 81' lang='lat' dir='ltr'><strong>sus</strong></span> <span class='ocrx_word' id='word_1_355' title='bbox 354 4327 644 4377; x_wconf 72' lang='lat' dir='ltr'><strong>haeretieam</strong></span> <span class='ocrx_word' id='word_1_356' title='bbox 680 4328 985 4391; x_wconf 83' lang='lat' dir='ltr'><strong>pravitatem</strong></span> <span class='ocrx_word' id='word_1_357' title='bbox 1020 4333 1074 4376; x_wconf 89' lang='lat' dir='ltr'><strong>et</strong></span> <span class='ocrx_word' id='word_1_358' title='bbox 1107 4332 1297 4389; x_wconf 58' lang='lat' dir='ltr'><strong>aposta</strong></span> 
     </span>
     <span class='ocr_line' id='line_1_46' title="bbox 240 4391 1295 4454; baseline 0.001 -16"><span class='ocrx_word' id='word_1_359' title='bbox 240 4391 366 4439; x_wconf 82' lang='lat' dir='ltr'><strong>siam</strong></span> <span class='ocrx_word' id='word_1_360' title='bbox 401 4392 458 4440; x_wconf 89' lang='lat' dir='ltr'><strong>in</strong></span> <span class='ocrx_word' id='word_1_361' title='bbox 496 4391 761 4454; x_wconf 79' lang='lat' dir='ltr'><strong>Hispania,</strong></span> <span class='ocrx_word' id='word_1_362' title='bbox 797 4397 851 4441; x_wconf 89' lang='lat' dir='ltr'><strong>et</strong></span> <span class='ocrx_word' id='word_1_363' title='bbox 884 4391 1000 4440; x_wconf 80' lang='lat' dir='ltr'><strong>aliis</strong></span> <span class='ocrx_word' id='word_1_364' title='bbox 1035 4392 1220 4453; x_wconf 72' lang='lat' dir='ltr'><strong>regaie,</strong></span> <span class='ocrx_word' id='word_1_365' title='bbox 1243 4395 1295 4440; x_wconf 89' lang='lat' dir='ltr'><strong>et</strong></span> 
     </span>
     <span class='ocr_line' id='line_1_47' title="bbox 243 4454 1296 4505; baseline 0.001 -2"><span class='ocrx_word' id='word_1_366' title='bbox 243 4454 484 4505; x_wconf 87' lang='lat' dir='ltr'><strong>dominiis</strong></span> <span class='ocrx_word' id='word_1_367' title='bbox 520 4455 758 4505; x_wconf 61' lang='lat' dir='ltr'><strong>Caesareae</strong></span> <span class='ocrx_word' id='word_1_368' title='bbox 801 4456 1081 4505; x_wconf 84' lang='lat' dir='ltr'><strong>Ma&#39;estatis</strong></span> <span class='ocrx_word' id='word_1_369' title='bbox 1118 4456 1296 4504; x_wconf 81' lang='lat' dir='ltr'><strong>consti-</strong></span> 
     </span>
     <span class='ocr_line' id='line_1_48' title="bbox 243 4519 1296 4577; baseline 0.001 -11"><span class='ocrx_word' id='word_1_370' title='bbox 243 4523 364 4569; x_wconf 78' lang='lat' dir='ltr'><strong>tuto.</strong></span> <span class='ocrx_word' id='word_1_371' title='bbox 437 4519 642 4577; x_wconf 52' lang='lat' dir='ltr'><strong>pineae„</strong></span> <span class='ocrx_word' id='word_1_372' title='bbox 700 4536 761 4570; x_wconf 80' lang='lat' dir='ltr'><strong>cx</strong></span> <span class='ocrx_word' id='word_1_373' title='bbox 808 4523 850 4569; x_wconf 86' lang='grc' dir='ltr'><strong>Ο</strong></span> <span class='ocrx_word' id='word_1_374' title='bbox 906 4520 1020 4569; x_wconf 82' lang='lat' dir='ltr'><strong>cina</strong></span> <span class='ocrx_word' id='word_1_375' title='bbox 1081 4519 1296 4569; x_wconf 75' lang='lat' dir='ltr'><strong>Francis.</strong></span> 
     </span>
    </p>
   </div>
   <div class='ocr_carea' id='block_1_9' title="bbox 240 3940 618 4004">
    <p class='ocr_par' dir='ltr' id='par_1_11' title="bbox 240 3940 618 4004">
     <span class='ocr_line' id='line_1_49' title="bbox 240 3940 618 4004; baseline -0.003 -14"><span class='ocrx_word' id='word_1_376' title='bbox 240 3940 432 3991; x_wconf 82' lang='lat' dir='ltr'><strong>Erasm.</strong></span> <span class='ocrx_word' id='word_1_377' title='bbox 457 3941 618 4004; x_wconf 78' lang='lat' dir='ltr'><strong>Adag.</strong></span> 
     </span>
    </p>
   </div>
   <div class='ocr_carea' id='block_1_10' title="bbox 1383 3556 2452 4514">
    <p class='ocr_par' dir='ltr' id='par_1_12' title="bbox 1383 3556 2452 4389">
     <span class='ocr_line' id='line_1_50' title="bbox 1384 3556 2448 3620; baseline 0.001 -15"><span class='ocrx_word' id='word_1_378' title='bbox 1384 3556 1653 3606; x_wconf 77' lang='lat' dir='ltr'><strong>Perdinan.</strong></span> <span class='ocrx_word' id='word_1_379' title='bbox 1695 3556 1975 3606; x_wconf 89' lang='lat' dir='ltr'><strong>Corduben.</strong></span> <span class='ocrx_word' id='word_1_380' title='bbox 2015 3572 2130 3606; x_wconf 90' lang='lat' dir='ltr'><strong>cum</strong></span> <span class='ocrx_word' id='word_1_381' title='bbox 2177 3557 2448 3620; x_wconf 79' lang='lat' dir='ltr'><strong>privilegio</strong></span> 
     </span>
     <span class='ocr_line' id='line_1_51' title="bbox 1386 3620 2449 3683; baseline 0.002 -14"><span class='ocrx_word' id='word_1_382' title='bbox 1386 3620 1676 3683; x_wconf 63' lang='lat' dir='ltr'><strong>imperiali:</strong></span> <span class='ocrx_word' id='word_1_383' title='bbox 1698 3623 1799 3670; x_wconf 80' lang='lat' dir='ltr'><strong>4to.</strong></span> <span class='ocrx_word' id='word_1_384' title='bbox 1871 3621 2144 3670; x_wconf 79' lang='lat' dir='ltr'><strong>Praefixum</strong></span> <span class='ocrx_word' id='word_1_385' title='bbox 2170 3626 2248 3671; x_wconf 88' lang='lat' dir='ltr'><strong>est</strong></span> <span class='ocrx_word' id='word_1_386' title='bbox 2271 3621 2449 3671; x_wconf 83' lang='lat' dir='ltr'><strong>Decre-</strong></span> 
     </span>
     <span class='ocr_line' id='line_1_52' title="bbox 1385 3683 2444 3746; baseline 0.002 -14"><span class='ocrx_word' id='word_1_387' title='bbox 1385 3689 1496 3733; x_wconf 85' lang='lat' dir='ltr'><strong>tum</strong></span> <span class='ocrx_word' id='word_1_388' title='bbox 1537 3683 1846 3734; x_wconf 82' lang='lat' dir='ltr'><strong>F&#39;erdinandi</strong></span> <span class='ocrx_word' id='word_1_389' title='bbox 1879 3683 1941 3734; x_wconf 87' lang='lat' dir='ltr'><strong>de</strong></span> <span class='ocrx_word' id='word_1_390' title='bbox 1967 3684 2168 3742; x_wconf 85' lang='lat' dir='ltr'><strong>Valdes,</strong></span> <span class='ocrx_word' id='word_1_391' title='bbox 2208 3685 2444 3746; x_wconf 76' lang='lat' dir='ltr'><strong>inquisit.</strong></span> 
     </span>
     <span class='ocr_line' id='line_1_53' title="bbox 1386 3747 2444 3810; baseline -0.001 -13"><span class='ocrx_word' id='word_1_392' title='bbox 1386 3747 1564 3797; x_wconf 86' lang='lat' dir='ltr'><strong>Gener.</strong></span> <span class='ocrx_word' id='word_1_393' title='bbox 1624 3748 1802 3797; x_wconf 86' lang='lat' dir='ltr'><strong>datum</strong></span> <span class='ocrx_word' id='word_1_394' title='bbox 1862 3747 2155 3798; x_wconf 82' lang='lat' dir='ltr'><strong>Vallesoleti</strong></span> <span class='ocrx_word' id='word_1_395' title='bbox 2203 3750 2334 3810; x_wconf 82' lang='lat' dir='ltr'><strong>Aug.</strong></span> <span class='ocrx_word' id='word_1_396' title='bbox 2367 3751 2444 3798; x_wconf 84' lang='lat'><strong>20.</strong></span> 
     </span>
     <span class='ocr_line' id='line_1_54' title="bbox 1388 3811 2447 3875; baseline -0.001 -14"><span class='ocrx_word' id='word_1_397' title='bbox 1388 3815 1526 3863; x_wconf 82' lang='lat'><strong>1554.</strong></span> <span class='ocrx_word' id='word_1_398' title='bbox 1589 3811 1786 3861; x_wconf 86' lang='lat' dir='ltr'><strong>Prodiit</strong></span> <span class='ocrx_word' id='word_1_399' title='bbox 1807 3812 2008 3872; x_wconf 90' lang='lat' dir='ltr'><strong>iterum,</strong></span> <span class='ocrx_word' id='word_1_400' title='bbox 2034 3811 2184 3862; x_wconf 86' lang='lat' dir='ltr'><strong>titulo</strong></span> <span class='ocrx_word' id='word_1_401' title='bbox 2209 3817 2322 3875; x_wconf 85' lang='lat' dir='ltr'><strong>post</strong></span> <span class='ocrx_word' id='word_1_402' title='bbox 2344 3828 2447 3862; x_wconf 84' lang='lat' dir='ltr'><strong>ver-</strong></span> 
     </span>
     <span class='ocr_line' id='line_1_55' title="bbox 1383 3876 2444 3939; baseline 0 -14"><span class='ocrx_word' id='word_1_403' title='bbox 1383 3877 1505 3926; x_wconf 88' lang='lat' dir='ltr'><strong>bum</strong></span> <span class='ocrx_word' id='word_1_404' title='bbox 1528 3881 1543 3903; x_wconf 86' lang='lat'><em>‘</em></span> <span class='ocrx_word' id='word_1_405' title='bbox 1560 3876 1939 3939; x_wconf 84' lang='lat' dir='ltr'><strong>Inquisitionis’</strong></span> <span class='ocrx_word' id='word_1_406' title='bbox 1961 3877 2037 3924; x_wconf 86' lang='lat' dir='ltr'><strong>ita</strong></span> <span class='ocrx_word' id='word_1_407' title='bbox 2052 3882 2265 3936; x_wconf 85' lang='lat' dir='ltr'><strong>mutato,</strong></span> <span class='ocrx_word' id='word_1_408' title='bbox 2287 3880 2301 3903; x_wconf 88' lang='lat'>‘</span> <span class='ocrx_word' id='word_1_409' title='bbox 2320 3876 2444 3925; x_wconf 89' lang='lat' dir='ltr'><strong>Con·</strong></span> 
     </span>
     <span class='ocr_line' id='line_1_56' title="bbox 1383 3939 2444 4017; baseline 0 -27"><span class='ocrx_word' id='word_1_410' title='bbox 1383 3944 1564 3990; x_wconf 86' lang='lat' dir='ltr'><strong>stituto</strong></span> <span class='ocrx_word' id='word_1_411' title='bbox 1576 3941 1814 3990; x_wconf 81' lang='lat' dir='ltr'><strong>adversus</strong></span> <span class='ocrx_word' id='word_1_412' title='bbox 1830 3940 2122 3989; x_wconf 78' lang='lat' dir='ltr'><strong>haereticam</strong></span> <span class='ocrx_word' id='word_1_413' title='bbox 2144 3939 2444 4017; x_wconf 82' lang='lat' dir='ltr'><strong>pravitatem</strong></span> 
     </span>
     <span class='ocr_line' id='line_1_57' title="bbox 1384 4003 2445 4068; baseline -0.001 -14"><span class='ocrx_word' id='word_1_414' title='bbox 1384 4011 1436 4055; x_wconf 89' lang='lat' dir='ltr'><strong>et</strong></span> <span class='ocrx_word' id='word_1_415' title='bbox 1480 4005 1804 4068; x_wconf 80' lang='lat' dir='ltr'><strong>Apostasiam</strong></span> <span class='ocrx_word' id='word_1_416' title='bbox 1850 4005 1905 4053; x_wconf 90' lang='lat' dir='ltr'><strong>in</strong></span> <span class='ocrx_word' id='word_1_417' title='bbox 1951 4003 2201 4067; x_wconf 79' lang='lat' dir='ltr'><strong>Hispania</strong></span> <span class='ocrx_word' id='word_1_418' title='bbox 2239 4009 2292 4053; x_wconf 85' lang='lat' dir='ltr'><strong>et</strong></span> <span class='ocrx_word' id='word_1_419' title='bbox 2329 4005 2445 4053; x_wconf 79' lang='lat' dir='ltr'><strong>aliis</strong></span> 
     </span>
     <span class='ocr_line' id='line_1_58' title="bbox 1384 4067 2444 4130; baseline 0 -13"><span class='ocrx_word' id='word_1_420' title='bbox 1384 4070 1555 4130; x_wconf 82' lang='lat' dir='ltr'><strong>regnis</strong></span> <span class='ocrx_word' id='word_1_421' title='bbox 1576 4073 1630 4118; x_wconf 93' lang='lat' dir='ltr'><strong>et</strong></span> <span class='ocrx_word' id='word_1_422' title='bbox 1659 4068 1902 4118; x_wconf 86' lang='lat' dir='ltr'><strong>dominiis</strong></span> <span class='ocrx_word' id='word_1_423' title='bbox 1924 4068 2164 4118; x_wconf 79' lang='lat' dir='ltr'><strong>Coesarese</strong></span> <span class='ocrx_word' id='word_1_424' title='bbox 2188 4067 2444 4130; x_wconf 82' lang='lat' dir='ltr'><strong>Majestati</strong></span> 
     </span>
     <span class='ocr_line' id='line_1_59' title="bbox 1385 4131 2444 4196; baseline -0.002 -13"><span class='ocrx_word' id='word_1_425' title='bbox 1385 4133 1638 4196; x_wconf 83' lang='lat' dir='ltr'><strong>subjectis.</strong></span> <span class='ocrx_word' id='word_1_426' title='bbox 1663 4132 1905 4192; x_wconf 81' lang='lat' dir='ltr'><strong>Venetiia,</strong></span> <span class='ocrx_word' id='word_1_427' title='bbox 1927 4147 1992 4182; x_wconf 83' lang='lat' dir='ltr'><strong>ex</strong></span> <span class='ocrx_word' id='word_1_428' title='bbox 2011 4132 2222 4181; x_wconf 87' lang='lat' dir='ltr'><strong>Officina</strong></span> <span class='ocrx_word' id='word_1_429' title='bbox 2232 4131 2264 4180; x_wconf 87' lang='lat' dir='ltr'>J</span> <span class='ocrx_word' id='word_1_430' title='bbox 2269 4131 2444 4181; x_wconf 87' lang='lat' dir='ltr'><strong>ordani</strong></span> 
     </span>
     <span class='ocr_line' id='line_1_60' title="bbox 1385 4195 2446 4247; baseline -0.003 0"><span class='ocrx_word' id='word_1_431' title='bbox 1385 4198 1537 4247; x_wconf 84' lang='lat' dir='ltr'><strong>Zileti</strong></span> <span class='ocrx_word' id='word_1_432' title='bbox 1560 4197 1775 4246; x_wconf 63' lang='lat' dir='ltr'><strong>unam!</strong></span> <span class='ocrx_word' id='word_1_433' title='bbox 1799 4199 1899 4246; x_wconf 80' lang='grc'><strong>410.</strong></span> <span class='ocrx_word' id='word_1_434' title='bbox 1973 4195 2106 4245; x_wconf 88' lang='lat' dir='ltr'><strong>Vide</strong></span> <span class='ocrx_word' id='word_1_435' title='bbox 2132 4195 2446 4245; x_wconf 83' lang='lat' dir='ltr'><strong>Mendbam&#39;s</strong></span> 
     </span>
     <span class='ocr_line' id='line_1_61' title="bbox 1388 4259 2452 4324; baseline -0.002 -14"><span class='ocrx_word' id='word_1_436' title='bbox 1388 4262 1619 4324; x_wconf 81' lang='lat' dir='ltr'><strong>Literary</strong></span> <span class='ocrx_word' id='word_1_437' title='bbox 1667 4261 1839 4322; x_wconf 82' lang='lat' dir='ltr'><strong>Policy</strong></span> <span class='ocrx_word' id='word_1_438' title='bbox 1898 4260 1953 4310; x_wconf 87' lang='lat' dir='ltr'><strong>of</strong></span> <span class='ocrx_word' id='word_1_439' title='bbox 2003 4259 2091 4309; x_wconf 85' lang='lat' dir='ltr'><strong>the</strong></span> <span class='ocrx_word' id='word_1_440' title='bbox 2139 4259 2340 4309; x_wconf 86' lang='lat' dir='ltr'><strong>Church</strong></span> <span class='ocrx_word' id='word_1_441' title='bbox 2395 4261 2452 4308; x_wconf 79' lang='lat' dir='ltr'><strong>of</strong></span> 
     </span>
     <span class='ocr_line' id='line_1_62' title="bbox 1386 4323 2444 4389; baseline -0.003 -14"><span class='ocrx_word' id='word_1_442' title='bbox 1386 4327 1558 4383; x_wconf 80' lang='lat' dir='ltr'><strong>Rome,</strong></span> <span class='ocrx_word' id='word_1_443' title='bbox 1582 4340 1689 4387; x_wconf 82' lang='lat' dir='ltr'><strong>cap.</strong></span> <span class='ocrx_word' id='word_1_444' title='bbox 1710 4326 1766 4374; x_wconf 87' lang='lat' dir='ltr'><strong>ii.</strong></span> <span class='ocrx_word' id='word_1_445' title='bbox 1788 4339 1875 4389; x_wconf 91' lang='lat' dir='ltr'><strong>pp.</strong></span> <span class='ocrx_word' id='word_1_446' title='bbox 1890 4327 1968 4375; x_wconf 90' lang='grc'><strong>55.</strong></span> <span class='ocrx_word' id='word_1_447' title='bbox 1987 4327 2064 4374; x_wconf 85' lang='grc'><strong>56.</strong></span> <span class='ocrx_word' id='word_1_448' title='bbox 2091 4323 2250 4372; x_wconf 88' lang='lat' dir='ltr'><strong>Lond.</strong></span> <span class='ocrx_word' id='word_1_449' title='bbox 2277 4324 2444 4388; x_wconf 89' lang='grc'><strong>1830.]</strong></span> 
     </span>
    </p>

    <p class='ocr_par' dir='ltr' id='par_1_13' title="bbox 1385 4387 2442 4514">
     <span class='ocr_line' id='line_1_63' title="bbox 1451 4387 2442 4452; baseline -0.002 -14"><span class='ocrx_word' id='word_1_450' title='bbox 1451 4389 1473 4420; x_wconf 72' lang='lat'><strong>&#39;¹</strong></span> <span class='ocrx_word' id='word_1_451' title='bbox 1512 4389 1674 4452; x_wconf 84' lang='lat' dir='ltr'><strong>[Vide</strong></span> <span class='ocrx_word' id='word_1_452' title='bbox 1705 4389 1851 4438; x_wconf 78' lang='lat' dir='ltr'><strong>Praef.</strong></span> <span class='ocrx_word' id='word_1_453' title='bbox 1881 4389 1936 4436; x_wconf 91' lang='lat' dir='ltr'><strong>in</strong></span> <span class='ocrx_word' id='word_1_454' title='bbox 1968 4388 2112 4437; x_wconf 86' lang='lat' dir='ltr'><strong>Ceus.</strong></span> <span class='ocrx_word' id='word_1_455' title='bbox 2136 4388 2270 4450; x_wconf 90' lang='lat' dir='ltr'><strong>apud</strong></span> <span class='ocrx_word' id='word_1_456' title='bbox 2300 4387 2442 4438; x_wconf 77' lang='lat' dir='ltr'><strong>Ceus.</strong></span> 
     </span>
     <span class='ocr_line' id='line_1_64' title="bbox 1385 4451 2225 4514; baseline -0.006 -10"><span class='ocrx_word' id='word_1_457' title='bbox 1385 4455 1559 4504; x_wconf 82' lang='lat' dir='ltr'><strong>Gener.</strong></span> <span class='ocrx_word' id='word_1_458' title='bbox 1585 4453 1667 4502; x_wconf 83' lang='lat' dir='ltr'><strong>fol.</strong></span> <span class='ocrx_word' id='word_1_459' title='bbox 1686 4455 1762 4503; x_wconf 90' lang='grc'><strong>10.</strong></span> <span class='ocrx_word' id='word_1_460' title='bbox 1782 4469 1822 4503; x_wconf 89' lang='lat' dir='ltr'><strong>a.</strong></span> <span class='ocrx_word' id='word_1_461' title='bbox 1850 4452 1988 4502; x_wconf 85' lang='lat' dir='ltr'><strong>Edit.</strong></span> <span class='ocrx_word' id='word_1_462' title='bbox 2015 4451 2225 4514; x_wconf 65' lang='lat' dir='ltr'><strong>venet]</strong></span> 
     </span>
    </p>
   </div>
  </div>
 </body>
</html>
