3165 4959
922 362 1288 411 stomoma
1331 363 1694 411 RESPONSIO.
2282 351 2411 414 467

264 516 531 581 Apostolis
553 516 744 580 [sutem
763 514 912 566 Josn.
936 514 1045 581 xx.]
1067 516 1187 567 dats
1217 519 1442 579 potestus
1473 519 1552 565 est
1584 514 1880 565 remittendi
1913 518 2135 579 peccate,
2156 529 2263 565 non
2295 530 2412 579 quo·

329 599 698 662 modocunque,
720 598 808 648 sed
841 612 933 662 per
967 597 1289 648 Sacraments
1317 598 1570 663 Bsptimi
1603 603 1658 648 et
1687 599 2243 663 poenitentium—[Bell.
2257 602 2408 664 Apol.

328 696 424 746 pro
445 679 616 744 Besp]
637 694 687 744 p.
705 682 816 729 192.
843 680 976 745 [Op.,
998 685 1121 730 tom.
1136 681 1223 731 vii.
1251 681 1344 730 col.
1366 684 1479 731 812.
1500 681 1586 745 0.]

287 782 436 845 Hoc
479 782 617 865 jam
671 782 865 844 Petro
908 780 1318 864 promissum,
1358 802 1437 845 ex
1487 787 1667 844 toto:
1718 781 2062 864 Apostolis,
2104 803 2183 845 ex
2222 788 2402 866 parte
2428 791 2449 857 [
2472 791 2600 843 Haec
2652 808 2735 858 po

194 884 410 962 datur,
442 904 523 947 ex
551 882 873 947 sententia
901 883 1281 947 cardinalis.
1359 884 1549 947 Solus
1580 905 1733 966 ergo
1763 885 1996 947 Petrus
2025 885 2400 968 Episcopus,
2426 860 2581 983 ἓξὲξ
2616 873 2736 973 ἔξω

192 985 496 1070 Apostoli
523 985 755 1068 reliqui
783 984 1151 1068 Presbyteri
1180 992 1437 1049 tantum
1468 993 1639 1050 sunt.
1717 986 1860 1049 Illis
1891 986 2085 1064 enim,
2114 1007 2248 1050 non
2277 987 2405 1051 nisi
2428 986 2662 1063 omnibus

192 1095 482 1174 potestas
508 1087 884 1151 remittendi
912 1094 1195 1171 peccata,
1226 1109 1346 1152 nec
1375 1109 1452 1152 ea
1478 1095 1638 1152 tota.
1713 1088 1866 1152 Sola
1894 1088 2087 1167 enim,
2121 1111 2264 1173 quae
2292 1111 2405 1173 per
2429 1050 2731 1115 Apostohs‚]

195 1191 606 1276 Baptismum
635 1191 730 1269 fit,
762 1197 828 1253 et
873 1191 1342 1273 poenitentiam,
1377 1212 1519 1281 quae
1559 1190 1801 1254 scilicet
1844 1198 2130 1274 potestas
2166 1191 2408 1256 ordinis

193 1300 486 1373 vocatur,
518 1315 592 1357 ec
621 1293 1009 1378 Presbytero
1038 1292 1271 1375 cuique
1300 1292 1657 1357 communis
1686 1300 1803 1356 est.

259 1448 476 1499 Constet
507 1446 692 1497 habere
727 1446 1015 1510 Episcopus,
1037 1448 1090 1495 et
1109 1445 1272 1495 multo
1294 1444 1458 1508 magis
1479 1445 1747 1495 Summum
1767 1444 2081 1507 Pontificem,
2103 1448 2405 1510 potestatem

319 1528 713 1593 jurisdictionis,
757 1526 914 1577 dandi
959 1526 1318 1588 indulgentias,
1356 1525 1685 1589 dispensandi
1728 1527 1784 1575 in
1827 1526 2042 1589 legibus,
2085 1527 2232 1586 votis,
2268 1526 2403 1589 jure-

326 1611 534 1660 mentis.
599 1607 700 1658 Sed
724 1607 1024 1658 Pontificem
1045 1606 1190 1656 illam
1223 1606 1405 1657 habere
1439 1607 1627 1670 absque
1664 1608 1990 1668 limitatione,
2012 1612 2073 1657 ut
2100 1608 2401 1672 principem,

325 1695 388 1740 ut
406 1693 558 1753 esput
579 1689 817 1739 Ecclesia
850 1688 1113 1746 universae,
1136 1687 1412 1751 Episcopos
1441 1691 1611 1737 sutem
1634 1703 1751 1739 cum
1771 1688 2096 1749 limitatione,
2121 1693 2182 1739 ut
2202 1692 2405 1739 vocatos

330 1771 391 1820 in
422 1773 620 1835 purtem
655 1766 1257 1831 sollicitudinis—[Bell.
1289 1767 1437 1832 Apol.
1461 1782 1554 1832 pro
1577 1767 1751 1832 Besp.]
1782 1783 1832 1833 p.
1858 1769 1969 1819 193.
1996 1769 2138 1833 [Op‚,
2159 1773 2283 1819 tom.
2309 1768 2403 1818 vii.

281 1888 286 1894 .
326 1851 421 1902 eol.
445 1853 559 1902 812.
580 1848 668 1913 D.]

282 1952 425 2035 Maj
433 1971 611 2014 orem
639 1969 790 2013 vero
816 1947 940 2012 hac
968 1947 1211 2012 habent
1241 1948 1563 2029 Episcopi,
1607 1948 2097 2030 (jurisdictionis
2126 1947 2388 2031 scilicet)
2425 1951 2498 2028 [qt
2513 1950 2710 2016 Episco-

190 2054 279 2118 ad
309 2053 734 2134 indulgentias
782 2070 1034 2133 nempe,
1067 2057 1134 2113 et
1173 2050 1683 2131 dispensationes.
1772 2049 2130 2113 Maximam
2181 2057 2401 2113 eutem
2423 2015 2542 2080 μ’]

189 2154 521 2237 Perdite-2⁸,
569 2154 721 2238 quia
761 2154 897 2217 sine
945 2153 1337 2230 limitatione,
1381 2158 1454 2214 ut
1500 2153 1674 2215 decet
1714 2153 2014 2216 Ecclesioe
2044 2153 2405 2234 Principem

187 2256 603 2343 plenitudine
650 2254 985 2339 potestatis
1024 2254 1386 2338 praeditum,
1429 2276 1624 2337 quam
1651 2254 1954 2338 Episcopi
2002 2275 2140 2318 cum
2169 2255 2402 2318 limita-

187 2363 363 2425 tione
385 2359 632 2434 habent,
664 2364 734 2421 at
762 2357 970 2420 vocati
994 2357 1173 2419 modo
1218 2357 1285 2419 in
1301 2361 1556 2437 partem
1584 2356 2043 2419 sollicitudinis.
2131 2356 2400 2435 Verum,

185 2465 309 2531 ubi
337 2463 450 2528 ills
494 2460 796 2527 limitatio
842 2460 1256 2545 reliquorum,
1300 2458 1635 2545 plenitudo
1683 2460 1907 2524 Petri?
2000 2459 2135 2524 Ubi
2164 2460 2400 2544 gradus

185 2569 456 2650 majoris
494 2575 561 2631 et
604 2566 883 2643 maoeimi,
933 2564 1102 2648 apud
1157 2564 1538 2648 Scripturas,
1596 2564 1765 2647 apud
1803 2564 2081 2628 Patres?
2168 2566 2278 2629 An
2321 2586 2401 2629 ex

187 2673 577 2754 amplissimo
607 2676 668 2733 et
698 2669 1036 2733 universali
1052 2669 1410 2752 fflffleyio,
1445 2675 1465 2704 ‘
1483 2670 1896 2752 Quodcunque
1922 2671 2179 2733 solveris
2197 2671 2260 2732 ,θ’
2294 2677 2397 2755 ⁸5⁰·

184 2777 289 2840 At
316 2774 492 2839 idem
518 2771 677 2836 illud
707 2772 1154 2853 amplissimum
1181 2777 1241 2834 et
1270 2773 1618 2836 universale
1633 2773 2054 2855 Jm'vileyium,
2073 2773 2403 2836 confertur

184 2887 259 2944 et
303 2877 589 2961 reliquie,
630 2877 828 2940 Matt.
864 2874 1032 2937 xviii.
1068 2875 1169 2937 18.
1257 2879 1277 2909 ‘
1304 2875 1687 2956 Quaecunque
1724 2875 2076 2954 solveritis,'
2119 2882 2221 2960 ⁸5⁰-
2311 2876 2400 2938 Et

186 3002 423 3048 omnes
482 2980 552 3045 in
611 2999 859 3062 aequam
919 2976 1364 3040 sollicitudinis
1415 2984 1665 3060 partem
1713 2978 1921 3042 vocati
1980 2984 2151 3041 sunt.
2242 2979 2402 3040 Tam

183 3083 371 3149 enim
395 3082 693 3160 Paulum,
727 3101 919 3164 quam
958 3080 1245 3157 Petrum,
1276 3080 1629 3142 sollicitudo
1661 3081 1857 3143 tenuit
1886 3082 2153 3144 omnium
2181 3080 2400 3142 Eccle-

181 3189 433 3251 siarum
453 3183 503 3248 ¹¹.
593 3185 684 3247 Et
735 3183 1054 3260 Christus,
1103 3180 1214 3264 qui
1261 3181 1439 3244 dedit
1487 3183 1791 3245 Pastore-9
1825 3183 2149 3263 Ecclesiae,
2181 3182 2272 3246 sic
2299 3203 2402 3246 eos

184 3290 491 3354 Pastores
518 3284 873 3362 constituit,
905 3283 1223 3367 quomodo
1252 3290 1319 3347 et
1348 3284 1637 3363 Petrum,
1670 3292 1987 3368 praecepto
2032 3285 2111 3349 de
2140 3306 2402 3369 pascen-

184 3392 294 3456 dis
340 3390 566 3454 ovibus
620 3388 766 3466 suis,
822 3385 992 3470 quod
1043 3407 1236 3451 nemo
1274 3387 1542 3450 Petrum
1596 3388 1791 3451 Petro
1836 3387 2157 3470 peculiare
2220 3387 2400 3465 dixit,

187 3492 299 3558 vel
341 3492 438 3555 ita
471 3492 529 3554 ei
560 3490 825 3568 dictum,
856 3495 931 3551 ut
959 3509 1093 3551 non
1137 3495 1203 3552 et
1243 3489 1408 3551 aliis.
1500 3488 1827 3571 Quicquid
1868 3488 2041 3552 enim
2081 3495 2225 3571 post
2269 3490 2402 3551 Ro-

183 3614 406 3660 manae
435 3592 738 3657 Ecclesiae
766 3591 1090 3672 privileyii
1121 3589 1434 3667 accrevit;
1485 3611 1620 3653 non
1649 3590 1710 3653 vi
1739 3589 1911 3652 vocis
1942 3609 2138 3670 pasce
2169 3590 2399 3672 quaesi-

183 3705 359 3775 tum,
391 3696 503 3759 sed
523 3695 689 3778 juris
718 3692 987 3757 humani
1015 3691 1401 3757 beneficium
1428 3692 1572 3756 fuit.
1663 3692 1839 3755 Nam
1869 3691 1937 3755 id
1965 3693 2024 3754 ei
2053 3692 2401 3772 antiquitas

188 3801 480 3865 contulit.

258 3945 435 4009 Siquis
468 3946 640 3994 autem
678 3944 887 4005 quaerst,
918 3940 1007 3989 ubi
1045 3939 1221 3990 datum
1244 3973 1257 3987 .
1282 3973 1294 3986 .
1319 3936 1454 4000 quod
1494 3936 1645 3987 Petro
1682 3937 1987 4001 promiaeum
2020 3970 2035 3985 .
2071 3973 2083 3985 .
2120 3934 2270 3987 Mstt.
2295 3936 2398 3985 xvi.
2513 3918 2643 3983 339

325 4022 626 4087 Respondeo
658 4057 673 4071 .
698 4057 711 4071 .
735 4058 748 4071 .
773 4057 787 4070 .
821 4020 855 4070 J
857 4036 967 4071 oen.
992 4020 1101 4080 ult„
1123 4019 1212 4068 ubi
1237 4021 1296 4068 ut
1317 4018 1466 4067 Matt.
1490 4019 1575 4066 xvi
1580 4053 1788 4068 .....
1823 4016 2130 4067 nominatim
2152 4016 2403 4080 expressit

324 4104 589 4155 Simonem
621 4106 676 4152 et
711 4105 908 4166 petrem
949 4101 1071 4164 ejus,
1107 4103 1161 4149 et
1193 4097 1435 4147 distinxit
1466 4098 1531 4147 sb
1560 4097 1910 4163 aliis—[Bell.
1936 4096 2085 4161 Apol.
2108 4111 2201 4161 pro
2225 4095 2396 4160 Besa]

330 4199 382 4249 p.
411 4186 522 4234 193.
556 4182 692 4247 [Op.,
727 4185 849 4231 tom.
873 4182 963 4231 vii.
987 4178 1100 4228 coll.
1127 4180 1237 4228 812.
1265 4178 1327 4227 D.
1352 4179 1463 4229 813.
1488 4177 1581 4242 A.]

281 4292 427 4356 Nos
455 4310 607 4355 vero
627 4285 826 4352 nescii
854 4305 987 4348 non
1020 4306 1261 4364 sumus,
1294 4286 1450 4369 quid
1478 4306 1884 4368 responsurus
1906 4285 1989 4349 sit
2020 4284 2400 4363 cardinalis,
2451 4298 2662 4357 Quando

187 4394 397 4476 siquis
430 4392 507 4454 ab
536 4411 607 4455 eo
637 4394 894 4472 quoerat,
927 4387 1007 4451 de
1036 4388 1217 4451 Dabo
1247 4395 1313 4451 et
1336 4389 1557 4454 Pasce.
1650 4390 1741 4453 At
1770 4388 1839 4453 id
1868 4388 2216 4470 qum-imus,
2248 4386 2405 4471 quid
2496 4364 2586 4429 ιι]

1101 4538 1124 4572 ¹¹
1159 4542 1189 4588 2
1213 4540 1323 4591 Cor.
1347 4540 1417 4591 xi.
1437 4542 1515 4591 28.

1767 4638 1813 4684 n
1844 4638 1891 4684 Η
1935 4625 1978 4688 2
