3165 4959
972 339 1335 386 stomoma
1380 338 1743 385 asssroNsm.
2147 390 2158 397 ,
2332 326 2460 397 335

256 500 434 584 cupit
470 502 628 576 Rex,
662 519 854 580 quam
900 518 977 560 ex
1008 497 1218 560 verbis
1262 496 1416 579 ipsis
1446 496 1709 576 Christi,
1736 505 1963 580 quater
1990 497 2060 560 in
2091 498 2462 581 Evangelio,
2489 506 2709 556 adventu

253 602 350 666 bis
374 602 545 686 apud
570 598 1019 675 Matthaeum¹3
1045 601 1241 663 semel
1266 599 1436 683 apud
1461 600 1799 679 Marcum¹,
1825 601 2022 665 semel
2046 600 2270 664 itidem
2295 601 2465 684 apud
2492 571 2747 685 ξέᾅῐιῗὲξὲ

255 706 552 769 Lucamm
577 704 868 787 repetitis
886 702 993 785 (ut
1019 704 1376 786 prophetiae
1399 711 1633 766 natura
1655 703 1802 785 fert)
1831 703 1986 766 satis
2013 725 2130 787 par
2159 725 2228 767 se
2256 704 2463 767 claris.
2491 700 2636 763 rint,]

258 810 391 873 Ubi
441 809 610 892 quod
659 808 780 871 sibi
826 806 1001 870 laudi
1058 806 1255 884 ducit,
1305 807 1517 889 (paulo
1557 814 1722 890 post,
1763 807 1886 870 hoc
1925 807 2066 889 ipso
2111 808 2362 889 eapite,)
2400 816 2466 870 et

253 934 404 977 vero
435 912 557 975 sibi
589 911 787 974 sumit
819 931 936 992 pro
966 910 1368 986 auctoritate,
1392 910 1515 973 hac
1543 910 1684 993 ipsa
1710 910 1780 972 in
1809 910 2147 993 prophetia
2175 910 2469 993 (mystica

258 1016 521 1098 quidem
552 1014 664 1077 illa
692 1020 758 1076 et
799 1012 1091 1095 obscura)
1132 1012 1353 1074 omnia
1382 1011 1464 1074 ad
1499 1014 1748 1075 literam
1775 1033 2095 1092 revocare,
2128 1020 2194 1076 et
2225 1033 2464 1087 saccos,

256 1138 433 1181 veros
470 1137 705 1193 saccea,
748 1123 814 1178 et
855 1116 1151 1192 triduum,
1183 1135 1392 1177 verum
1437 1116 1734 1192 triduum,
1765 1115 2210 1198 interpretari;
2257 1136 2372 1179 cur
2399 1115 2469 1177 id

261 1219 425 1301 Regi
467 1219 572 1282 hie
606 1218 763 1281 vitio
792 1224 1022 1293 vertat,
1069 1216 1121 1279 si
1160 1224 1415 1279 revocet
1458 1216 1568 1279 ille
1614 1216 1697 1280 ad
1740 1217 2015 1296 literam,
2055 1238 2196 1301 quae
2241 1217 2319 1280 de
2358 1217 2465 1280 ad-

257 1330 457 1386 ventu
486 1322 667 1399 Eliae,
700 1342 814 1384 seu
853 1319 1154 1383 missione
1185 1321 1416 1402 Anyeli
1448 1327 1593 1383 ante
1616 1318 1855 1400 faciem
1883 1342 2061 1384 suam
2080 1331 2138 1397 ¹¹3
2193 1321 2468 1384 christus
2553 1346 2572 1363 ·

258 1427 413 1509 Ipse
458 1446 592 1488 non
638 1424 873 1506 populo
918 1424 985 1485 in
1025 1423 1373 1503 parabolis,
1421 1423 1531 1487 sed
1574 1423 1903 1506 discipulis
1950 1424 2080 1486 suis
2113 1424 2465 1504 perspicue,

260 1538 453 1611 atque
484 1528 644 1590 adeo
674 1525 1015 1590 Malachiae
1045 1547 1243 1608 agens
1270 1527 1715 1608 interpretem,
1748 1528 1887 1590 sine
1929 1526 2264 1590 involucro
2294 1525 2471 1589 omni

261 1632 593 1696 enucleate
646 1630 966 1694 disseruit.
1078 1629 1436 1694 Cardinalis
1495 1638 1733 1708 autem,
1795 1652 1946 1693 eum
2018 1650 2260 1707 eorum,
2329 1650 2472 1712 quae

263 1737 563 1800 Christus
595 1734 686 1798 ibi
716 1734 891 1811 dicit,
923 1734 1202 1817 priorem
1233 1742 1481 1817 partem
1513 1733 1795 1812 adducit,
1830 1755 1973 1818 quae
2000 1735 2073 1796 in
2116 1754 2256 1797 rem
2288 1754 2471 1796 suam

260 1840 399 1903 visa
426 1845 544 1917 est,
576 1838 945 1921 praescindit
966 1838 1406 1921 posteriorem,
1426 1837 1599 1901 unde
1640 1838 1976 1901 sententiae
2006 1838 2128 1901 toti
2151 1839 2263 1900 lux
2294 1843 2430 1900 erat
2456 1862 2468 1897 :

263 1964 432 2019 cum,
478 1961 619 2024 quae
670 1940 936 2003 diversis
981 1939 1139 2003 loeis
1185 1939 1414 2022 posita,
1465 1960 1542 2003 ea
1591 1940 1827 2023 repetit
1873 1940 2010 2022 ipse
2058 1939 2341 2016 confuse,
2389 1961 2472 2001 ne

263 2045 514 2108 diversa
556 2050 884 2127 putentur,
936 2042 1049 2106 sed
1089 2043 1334 2120 eadem,
1374 2051 1569 2126 atque
1611 2064 1727 2126 pro
1757 2044 1883 2107 alio
1914 2051 2211 2107 sumatur
2257 2043 2469 2118 aliud3

265 2170 371 2225 an,
405 2147 584 2231 quasi
615 2147 772 2209 bona
803 2144 942 2226 fide
981 2147 1198 2227 egerit,
1229 2146 1480 2209 laudari
1509 2146 1650 2209 vult
1672 2148 1701 2208 Ῥ
1748 2167 1966 2209 annon
1995 2147 2210 2230 potius
2240 2146 2472 2223 notari,
2512 2190 2515 2194 -
2587 2139 2715 2200 242

265 2250 438 2332 quod
467 2249 637 2312 mala
656 2248 686 2310 Ῥ
767 2249 869 2312 De
899 2247 1241 2312 Malachiae
1270 2247 1500 2326 verbis,
1532 2248 1645 2331 qui
1676 2249 1887 2311 Eliam
1916 2248 2096 2331 prius
2126 2256 2474 2312 venturum

265 2353 538 2429 dixerat,
570 2351 916 2434 respondet
947 2351 1241 2415 Christus
1282 2359 1349 2414 et
1388 2352 1562 2415 ultro
1604 2372 1742 2434 cap.
1773 2352 1855 2414 xi.
1861 2400 1879 2430 ,
1913 2358 1979 2414 et
2010 2359 2273 2434 rogatus
2303 2352 2449 2414 xvii.
2456 2399 2473 2428 ,

263 2464 410 2519 tum
442 2454 651 2519 Marci
696 2454 892 2518 etiam
933 2474 1108 2518 nono
1150 2453 1570 2537 quaestionem
1603 2452 1792 2517 solvit
1822 2453 1902 2517 de
1935 2454 2101 2518 Elia.
2193 2455 2472 2536 Prophe-

267 2562 423 2624 tiam
452 2561 627 2622 illam
656 2561 1018 2639 completam
1030 2559 1175 2641 jam
1204 2579 1334 2621 esse
1356 2586 1374 2620 .·
1407 2558 1656 2621 venisse
1679 2558 1872 2634 enim,
1896 2579 2087 2640 quem
2119 2558 2474 2621 Malachias

266 2669 611 2726 venturum
642 2661 907 2739 dixerat,
940 2662 1173 2740 Eliam,
1206 2682 1439 2744 nempe
1463 2663 1505 2724 J
1508 2682 1785 2724 oannem
1813 2687 1826 2724 ε
1873 2661 2101 2724 fecisse
2133 2662 2175 2723 J
2178 2681 2474 2739 oannem,

270 2785 415 2848 quae
445 2763 802 2827 Malachias
847 2765 1059 2827 Eliam
1097 2763 1421 2827 facturum
1466 2763 1716 2826 dixerat
1742 2790 1755 2827 :
1810 2764 1940 2846 qui,
1975 2762 2124 2846 quia
2153 2765 2220 2824 in
2248 2764 2477 2844 spiritu

269 2875 332 2931 et
376 2869 606 2930 virtute
656 2868 855 2929 Elioeo
900 2877 1182 2944 venerat,
1226 2868 1459 2946 Eliam,
1518 2868 1620 2949 (ex
1662 2868 2001 2951 Prophetae
2046 2868 2289 2948 mente)
2340 2868 2477 2950 jam

268 2971 518 3036 venisse
549 2971 850 3034 Christus
880 2971 1175 3052 explicat.

338 3090 605 3140 Lectorum
629 3090 728 3138 erit
739 3088 1010 3152 judicium,
1045 3088 1163 3138 Utri
1193 3088 1379 3138 rectius
1404 3089 1745 3151 exposuerint,
1769 3127 1781 3138 .
1807 3127 1820 3139 .
1846 3127 1858 3138 .
1885 3089 1995 3139 Rex
2019 3104 2134 3139 eum
2155 3089 2409 3153 Chytmo,
2431 3093 2484 3140 et

404 3170 715 3231 Bibliandro,
753 3185 821 3220 an
852 3184 947 3233 ego
982 3184 1097 3219 cum
1132 3168 1603 3234 Patribus—[Bell.
1624 3168 1773 3233 Apol.
1813 3184 1905 3234 pro
1927 3169 2099 3234 Resp.]
2133 3185 2183 3234 p.
2204 3174 2312 3220 140.
2351 3170 2483 3235 [Op.,

403 3256 527 3300 tom.
552 3252 640 3300 vii.
664 3252 757 3299 col.
774 3251 803 3302 7
807 3253 884 3301 83.
909 3250 1001 3313 D.]

360 3334 506 3397 Nec
553 3356 592 3396 a
639 3332 1018 3397 Bibliandro
1041 3344 1089 3410 Ρ,
1110 3334 1211 3396 vel
1252 3334 1556 3418 Chytraeo
1578 3345 1608 3382 ‘¹
1653 3334 1870 3398 hausit
1910 3335 2022 3398 illa
2054 3335 2212 3398 Rex.
2307 3334 2480 3401 Quid
2513 3335 2682 3450 BPmss·
2742 3399 2754 3411 ‚

272 3457 437 3520 opus
479 3435 787 3513 hauriret,
819 3441 953 3498 tam
996 3456 1071 3498 ex
1113 3420 1321 3499 i'rerbis
1359 3437 1513 3519 ipsis
1554 3438 1881 3519 eliquata?
1970 3439 2126 3502 Non
2163 3439 2476 3521 (inquam)
2516 3414 2801 3516 vxffiffig’

271 3540 494 3603 hausit
522 3539 636 3601 illa
682 3539 819 3601 Rex
847 3563 860 3600 z
909 3560 994 3602 ne
1025 3539 1247 3602 Vestri
1278 3539 1573 3622 quidem:
1631 3541 2007 3623 Bur-gensis,
2040 3540 2184 3618 Cui,
2217 3541 2385 3621 quod
2408 3541 2484 3602 de
2510 3528 2818 3656 ἑῗζῗῐῡῦ·

275 3644 432 3705 Elia
472 3643 707 3704 dicitur
758 3642 953 3723 (apud
997 3643 1422 3723 Prophetam,)
1472 3642 1721 3704 videtur
1758 3645 2018 3723 proprie
2065 3645 2485 3723 exponendum

277 3748 355 3812 de
386 3745 684 3826 Baptista
702 3753 743 3809 ¹.
812 3744 1130 3807 Vatablus
1166 3744 1249 3807 ad
1281 3744 1492 3807 locum
1526 3744 1890 3821 Malachiae,
1920 3745 2126 3807 Locus
2154 3747 2273 3808 iste
2301 3767 2485 3827 expo-

277 3848 516 3910 nendus
551 3853 661 3925 est,
697 3847 773 3908 de
805 3847 1017 3927 primo
1054 3847 1292 3910 Christi
1322 3846 1615 3908 Adventu
1631 3855 1673 3908 ⁸.
1762 3846 1953 3909 Arias
1983 3847 2274 3930 denique.
2367 3849 2490 3911 At-

347 3972 369 4003 *
427 3973 573 4023 Mati.
598 3974 669 4022 xi.
701 3973 759 4024 17
776 3994 787 4025 z
827 3974 949 4023 xvii.
979 3973 1079 4037 12]
1426 3988 1458 4022 a
1496 3972 1712 4022 Doctore
1748 3972 1942 4023 Davide
2001 3974 2249 4036 Chytraeo,
2284 3990 2388 4039 eap.
2419 3978 2487 4025 xi.

345 4036 360 4068 ¹
446 4037 566 4087 im.
591 4038 660 4086 ix.
686 4040 760 4087 13.
1426 4053 1474 4101 p.
1501 4039 1614 4086 241.
1675 4037 1846 4087 viteb.
1872 4038 2036 4099 1575]

352 4111 386 4132 ¹·
432 4101 551 4150 Luc.
575 4103 662 4151 vii.
687 4104 763 4151 27.
1490 4111 1510 4135 ¹
1545 4101 1707 4166 [Paul.
1726 4100 1901 4166 Burg]
1919 4102 2003 4152 Ad
2022 4101 2234 4152 Malach.
2250 4102 2316 4151 iv.
2354 4103 2489 4166 apud

349 4175 372 4196 ¹¹
436 4166 557 4215 Mal.
584 4166 660 4215 iii.
687 4166 754 4230 3.]
1430 4166 1561 4215 Bibl.
1589 4166 1859 4216 Saentom.
1881 4168 1949 4217 iv.
1966 4167 2057 4218 col.
2077 4169 2221 4216 2208.
2246 4167 2305 4216 D.
2371 4169 2488 4231 ugd.

349 4239 373 4263 ⁰
434 4229 548 4280 Luc.
571 4231 603 4279 i.
630 4229 730 4342 173]
1428 4230 1630 4343 1589]V

353 4304 376 4334 P
431 4294 565 4345 Vide
604 4294 704 4344 Bib
727 4295 860 4344 iand.
900 4294 1200 4356 chronolog.
1242 4296 1339 4342 Au·
1496 4304 1513 4325 ⁸
1551 4295 1573 4359 [
1632 4295 1858 4345 atabl.in
1880 4293 2045 4344 Schol.
2062 4295 2114 4342 in
2135 4295 2257 4345 Mal.
2277 4296 2339 4345 iv.
2356 4297 2489 4360 apud

285 4364 412 4421 topt.
460 4359 560 4408 tab.
587 4360 656 4407 ix.
694 4360 755 4408 A.
784 4359 852 4408 M.
890 4360 1033 4408 4004.
1097 4359 1345 4417 cassellis,
1437 4358 1750 4417 Bibl.Saera‚
1774 4359 2193 4420 Salmant.1684;
2229 4362 2315 4423 qui
2330 4360 2491 4422 addit,

288 4426 429 4473 1601.
1436 4428 1466 4450 ‘⁴
1485 4424 1782 4487 Quanquam
1805 4425 1897 4473 sub
1920 4424 2190 4473 seeundum
2217 4425 2491 4476 adventum

351 4496 373 4527 ἢ
410 4487 432 4551 [
485 4487 725 4550 xplieatio
766 4487 1095 4550 Apoealypsis
1136 4486 1169 4536 J
1172 4489 1350 4536 oannis
1437 4493 1677 4538 venturus
1701 4490 1766 4538 sit
1790 4487 1991 4552 Elias.·‘]

284 4553 547 4616 perspicua
563 4558 613 4601 et
627 4552 809 4611 brevis,
828 4552 1017 4601 tradita
1029 4557 1081 4601 et
1093 4552 1352 4613 recognita
