3165 4959
995 366 1361 416 nommant
1406 370 1768 418 ansroxsm.
2358 360 2487 425 237

278 519 469 599 quasi
520 538 747 600 corpus
804 519 937 601 ejus
976 529 1425 605 perunqentem
1441 534 1496 588 '.
1590 524 1854 589 Thomae
1916 526 2220 590 Becketti
2279 529 2490 592 nostri

275 619 520 684 detrita
566 629 632 686 et
683 623 896 686 lacera
949 624 1285 689 femoralia
1333 636 1806 691 consuentem:
1885 649 2088 712 eoque
2148 630 2350 714 signo,
2401 652 2486 694 ne

274 723 740 810 Presbyterum
771 725 1031 808 (durum
1076 728 1340 811 ingenio
1372 752 1565 814 supra
1608 732 1895 813 modum)
1936 732 2140 814 gradu
2174 742 2482 812 moveret,

275 826 395 890 sed
425 847 577 891 eum
617 850 735 892 sua
778 829 1236 895 insufficientia
1276 833 1611 896 literarum
1642 834 2058 916 dispensaret,
2092 857 2307 901 severe
2347 836 2483 900 edi-

274 938 596 994 centem¹.
690 932 776 995 In
805 954 879 996 os
921 934 1076 1016 aegri
1110 935 1363 1014 Clerici,
1396 937 1700 1001 extractis
1732 936 2058 1016 uberibus,
2089 939 2191 1002 lac
2226 938 2487 1002 immul-

276 1040 544 1116 gentem
570 1043 617 1095 5.
698 1034 949 1098 Laesam
981 1036 1291 1100 Monialis
1322 1038 1549 1102 tibiam
1580 1035 1920 1122 unguento
1954 1040 2032 1103 de
2062 1041 2296 1124 pyxide
2326 1040 2487 1104 obli·

274 1142 585 1213 nentem,
639 1143 806 1219 post,
852 1159 1121 1214 manum
1176 1139 1293 1204 sub
1346 1148 1569 1205 mento
1622 1149 1994 1224 ponentem,
2041 1150 2107 1207 et
2161 1143 2485 1226 quomodo

276 1238 685 1322 disciplinate
737 1262 908 1323 genu
956 1242 1244 1307 flecteret
1294 1243 1673 1308 edocentem
1695 1257 1754 1328 ².
1829 1246 2068 1309 Adami
2121 1231 2486 1309 Sacerdotis

287 1344 455 1425 (tum
511 1344 716 1427 pueri)
782 1345 1145 1410 scabiosum
1206 1355 1400 1431 caput
1453 1356 1791 1413 sanantem
1812 1360 1857 1413 ⁸.
1954 1351 1994 1413 J
2000 1357 2161 1413 uttae
2218 1349 2485 1413 filiolam

282 1443 606 1510 sublatam
641 1448 858 1530 (quam
890 1449 1080 1531 lupus
1125 1450 1193 1513 in
1224 1451 1412 1514 silvas
1442 1445 1823 1535 asportaret)
1861 1453 2046 1516 anxie
2083 1452 2483 1530 reddentem,

280 1545 497 1629 idque,
547 1541 702 1632 prae'
726 1550 960 1614 timore
1006 1572 1079 1615 ac
1119 1553 1359 1630 minis,
1424 1553 1623 1618 filiolo
1668 1554 1841 1616 enim
1887 1549 2001 1618 suo
2043 1549 2203 1617 Jesu
2247 1553 2486 1636 alioqui

282 1649 652 1731 carituram,
686 1673 881 1736 quem
923 1655 963 1717 J
967 1661 1131 1733 utta,
1171 1676 1207 1718 e
1252 1656 1401 1719 sinu
1442 1657 1581 1740 ejus
1613 1657 1903 1720 avulsum
1958 1657 2047 1738 (in
2077 1656 2483 1737 vindictam),

277 1773 612 1837 nunquam
661 1754 722 1818 ei
782 1756 1114 1820 redditura
1158 1757 1390 1837 fuerat,
1437 1759 1561 1822 nisi
1621 1759 1676 1821 si
1726 1758 2008 1822 curasset
2059 1759 2315 1822 restitui
2363 1758 2485 1823 sibi

278 1854 526 1921 suumb.
617 1857 923 1922 Latronis
969 1859 1269 1924 decollati
1313 1882 1546 1946 corpus
1593 1862 2026 1941 effodientem,
2058 1869 2253 1945 caput
2283 1862 2482 1925 cervi-

278 1958 462 2022 cibus
508 1959 942 2044 adaptantem,
987 1969 1054 2026 et
1098 1964 1469 2042 unientem3
1516 1964 1589 2027 in
1630 1964 1869 2029 feretro
1911 1973 2281 2048 ponentem,
2328 1985 2479 2047 pur-

280 2082 446 2144 pura
483 2062 686 2144 (mirae
715 2070 1009 2144 texturae,
1043 2073 1109 2129 et
1152 2066 1493 2150 plusquam
1539 2067 1811 2129 humani
1856 2068 2129 2150 artificii)
2168 2067 2481 2130 feretrum

281 2166 422 2249 ejus
448 2173 456 2182 '
481 2165 917 2250 obtegentem,
979 2168 1060 2232 de
1121 2169 1405 2252 exequiis
1473 2171 1615 2254 ejus
1674 2170 2022 2234 honorifice
2081 2169 2483 2234 celebrandis

289 2269 621 2352 (tanquam
651 2270 982 2353 Capellani
1012 2271 1132 2354 sui)
1173 2293 1389 2336 severe
1418 2272 1899 2355 praecipientem
1915 2281 1958 2334 ⁰.

344 2420 522 2485 Neque
545 2420 723 2472 dicunt
744 2437 855 2472 eam
888 2422 1151 2474 ad'oseula
1181 2426 1235 2474 et
1266 2403 1530 2487 amplexus
1563 2459 1577 2472 .
1614 2459 1627 2473 .
1662 2421 2191 2488 descendere—[Bell.
2216 2416 2365 2488 Apol.
2390 2437 2482 2488 pro

408 2502 577 2568 Resp]
600 2519 648 2568 p.
672 2505 750 2554 94.
773 2504 906 2570 [Op.,
927 2509 1050 2556 tom.
1074 2505 1160 2554 vii.
1183 2506 1275 2555 col.
1300 2505 1411 2556 757.
1438 2504 1521 2569 Β.]

365 2603 600 2685 Neque
651 2603 847 2666 etiam
900 2605 1111 2667 oscula
1161 2604 1461 2688 neganda
1512 2609 1688 2682 sunt,
1741 2602 1844 2667 vel
1896 2604 2248 2683 complexus
2273 2632 2292 2668 .·
2367 2602 2481 2666 sed

277 2725 488 2788 neque
540 2706 743 2789 magis
789 2707 1079 2770 absurda.
1202 2707 1448 2770 Accede
1489 2707 1578 2769 ad
1618 2727 1731 2785 me,
1764 2712 1826 2769 et
1855 2708 1940 2770 da
1983 2708 2138 2769 mihi
2184 2708 2479 2785 osculum,

283 2810 400 2890 (ait
424 2810 501 2872 B.
526 2809 752 2893 Virgo)
784 2816 845 2873 et
876 2812 1074 2892 coeqit
1102 2808 1315 2884 eum‘¹;
1367 2818 1514 2893 post
1544 2810 1741 2874 etiam
1773 2816 2057 2891 strepam
2085 2803 2334 2887 tenuit,
2354 2830 2483 2893 quo

289 2934 519 2995 §quum
561 2912 954 2977 ascenderet.
1073 2913 1306 2991 Alteri,
1344 2912 1683 2990 monaclm,
1731 2912 1970 2975 collum
2014 2912 2155 2995 ejus
2202 2910 2482 2974 brachiis

278 3017 412 3080 suis
434 3016 776 3100 stringens,
799 3017 976 3081 dedit
998 3017 1343 3082 osculum0.
1408 3016 1621 3080 Alteri
1650 3015 1720 3078 in
1744 3015 2041 3080 Pomario
2071 3014 2430 3080 cantillavit
2441 3014 2478 3079 f.

276 3120 377 3183 Ε1;κ
409 3120 667 3184 cuinam
718 3120 859 3184 haec
905 3119 1207 3184 videntur
1256 3141 1392 3183 non
1451 3118 1726 3182 absurda
1747 3121 1780 3183 ,2
1857 3119 1987 3183 Sed
2036 3127 2101 3183 et
2148 3118 2217 3182 in
2268 3119 2480 3184 Choro

275 3224 753 3289 Monachorum
791 3223 1193 3307 singulorum
1223 3223 1441 3287 vultus
1487 3224 1933 3307 detergentem
1972 3224 2189 3289 videas
2203 3234 2249 3304 ⁸,
2293 3233 2358 3288 et
2401 3224 2481 3289 de

276 3326 512 3412 pyxide
572 3326 850 3410 quadam
910 3326 1346 3405 electuarium,
1399 3348 1515 3411 per
1562 3327 1876 3407 cochlear,
1931 3328 2360 3406 haurientem,
2415 3337 2482 3392 et

277 3429 550 3511 singulis
607 3429 679 3492 in
730 3450 802 3492 os
846 3428 1308 3492 immittentem
1327 3427 1376 3493 ¹¹.
1491 3430 1578 3492 Et
1624 3429 1693 3491 in
1739 3430 1920 3494 Cella
1962 3430 2161 3494 lectos
2207 3430 2481 3493 circum-

275 3541 560 3611 euntem,
592 3539 659 3595 et
690 3553 957 3595 manum
987 3552 1180 3614 super
1215 3532 1618 3613 singulorum
1652 3532 1865 3614 capita
1897 3530 2303 3614 ponentem¹.
2393 3533 2481 3593 Et

274 3636 415 3698 haec
455 3656 673 3698 nonne
703 3635 974 3697 absurda
994 3636 1028 3697 ‚2
1091 3634 1269 3701 Quid
1311 3633 1468 3696 illa?
1540 3635 1710 3698 Cum
1753 3635 1961 3716 prima
1990 3641 2183 3697 nocte
2223 3634 2481 3716 nuptia·

272 3761 442 3817 rum,
475 3740 554 3802 B.
580 3739 787 3822 Virgo
815 3738 988 3802 inter
1018 3734 1325 3822 sponsum
1356 3745 1420 3800 et
1451 3757 1751 3819 sponsam
1783 3736 1997 3800 media
2023 3735 2358 3813 recubuit,
2405 3757 2483 3800 eo

276 3840 451 3924 quod
504 3862 773 3924 sponsus
834 3842 1042 3906 adhuc
1100 3862 1280 3925 puer,
1334 3840 1635 3924 imaginis
1695 3860 1829 3902 suae
1890 3838 2111 3922 digito,
2167 3839 2482 3902 annulum

342 4010 376 4031 '¹
402 4000 595 4066 [Paul]
621 4001 876 4053 Bernried.
898 4002 1025 4053 vita
1047 4002 1193 4066 Greg.
1214 4001 1336 4053 Vn.
1490 4008 1511 4031 ⁸
1576 4000 1756 4050 Caesar.
1781 4001 1956 4051 cister.
1992 3999 2122 4049 Dial.
2159 4000 2333 4049 Mirac.
2370 3999 2481 4063 lib.]

284 4081 371 4130 pp.
387 4067 464 4115 42.
486 4065 585 4130 [43.
624 4066 834 4129 Ingolst.
860 4067 1026 4132 1610.]
1426 4065 1513 4115 vii.
1570 4064 1698 4129 σεεμ]
1721 4068 1799 4115 25.
1861 4080 1944 4128 pp.
1969 4066 2048 4124 48,
2071 4063 2172 4128 49.]

342 4138 367 4161 ¹
400 4129 653 4204 [Thomas]
704 4130 1075 4196 Cantipmtens.
1121 4130 1339 4196 [Mirm]
1491 4128 1514 4160 Β
1575 4130 1704 4178 [bid.
1728 4144 1833 4192 cap.
1880 4132 1957 4179 46.
1980 4128 2085 4193 [pp.
2110 4127 2341 4190 86-88.]

277 4194 368 4243 lib.
406 4195 459 4243 1i.
509 4209 614 4257 cap.
650 4197 730 4245 29.
771 4196 947 4260 [sect]
987 4199 1062 4245 12.
1102 4195 1215 4259 [pp.
1243 4198 1340 4245 285
1493 4201 1513 4225 e
1584 4193 1710 4242 [bid.
1765 4208 1872 4256 cap.
1898 4197 1973 4243 59.
2004 4196 2112 4257 [pp.
2137 4190 2401 4255 103-105.]

274 4260 458 4307 —288.
485 4258 657 4320 Duaei,
687 4261 859 4324 1605]
1496 4257 1517 4289 ‘¹
1587 4257 1713 4306 Ibid.
1768 4272 1875 4320 cap.
1902 4260 1978 4307 33.
2028 4272 2075 4320 p.
2095 4260 2171 4307 58.

343 4331 366 4363 1
412 4322 647 4373 Vincent.
694 4324 835 4389 Spec.
883 4323 1021 4373 Hist.
1071 4322 1217 4388 [lib.]
1251 4323 1341 4371 vii.
1496 4330 1517 4355 Φ
1591 4321 1717 4369 Ibid.
1775 4335 1879 4385 cap.
1906 4324 1981 4370 51.
2029 4336 2075 4384 p.
2102 4324 2178 4370 96.

282 4385 441 4501 [οξρέ
460 4388 537 4436 84.
562 4387 665 4465 [sol.
680 4390 760 4502 83·
785 4388 878 4438 col.
898 4386 1342 4501 ³‘DYe⁰⁰¹''1¹91⁵·⁹1']
1497 4385 1522 4491 ἱ
1589 4193 1741 4498 {gig}
1887 4453 1947 4500 18
2003 4258 2333 4500 {pista-45]

280 4515 395 4580 lia]
420 4452 702 4581 vffffssi
725 4456 972 4581 iifeftss'm.
992 4454 1213 4581 iii‘ff'os.
1230 4467 1344 4566 ¹332
1498 4513 1522 4546 ι
1559 4464 1888 4643 ἱιυῑιᾱἼἪῤ.
1913 4448 2216 4577 4s.p'pp.'1i1.
2241 4512 2345 4641 aa}

273 4582 401 4643 Agr.
429 4580 593 4645 1591]
1497 4577 1509 4611 ¹
1595 4578 1720 4628 lbid.
1778 4594 1882 4643 cap.
1910 4582 1984 4629 13.
2067 4594 2115 4643 p.
2140 4580 2218 4627 24.
2244 4581 2320 4628 25.

1771 4400 1876 4448 cap.
1901 4387 1977 4434 22.

2596 3118 2723 3183 176
