3165 4959
947 345 1314 393 APOLomAM
1358 346 1722 394 RESPONSm.
2356 336 2432 399 71

284 499 356 549 Et
381 498 589 563 quidem
614 498 702 548 ubi
725 497 834 548 Rex
860 498 1012 549 fidem
1036 500 1404 564 propagaverit,
1427 502 1506 551 vel
1536 501 1871 564 Evangeiium
1895 504 2281 554 annunciaverit
2304 505 2442 568 igno·

354 596 466 630 rare
489 595 570 630 me
594 580 993 644 &teon—[Bell.
1019 582 1168 645 Apol.
1193 596 1284 645 pro
1307 580 1477 645 Resp]
1500 598 1548 646 p.
1574 585 1653 631 20.
1682 582 1821 647 [Op.‚
1845 587 1968 633 tom.
1991 585 2076 634 vii.
2102 585 2194 634 col.
2215 585 2325 636 715.
2354 585 2438 650 A]

307 701 351 761 J
356 700 522 776 AM,
554 698 667 763 ubi
684 698 882 779 fidem
915 699 1079 782 Regi
1128 698 1369 763 ademit
1400 721 1680 778 omnem,
1715 722 1908 782 quam
1937 702 2037 765 vel
2077 723 2439 785 propagare
2499 715 2608 766 Rex
2632 733 2748 768 vere

210 809 458 885 posset,
521 802 620 865 vel
665 799 992 882 defendere
1013 829 1031 864 .·
1094 822 1229 865 non
1289 801 1444 866 sinit
1503 803 1681 867 nudo
1739 803 1932 868 titulo
1983 805 2282 888 gaudere,
2333 808 2432 870 vel
2464 781 2719 912 Ρξὲἑιξζᾚ

214 906 702 987 Propayaton‘s,
726 906 826 968 vel
849 904 1045 968 etiam
1067 903 1449 986 Defensori&
1516 907 1672 970 Non
1702 907 2177 990 Propayatoris.
2234 909 2431 989 Nam,

230 1008 349 1070 Ubi
401 1009 545 1069 Rex
576 1006 773 1088 fidem
820 1009 1257 1090 propagavit?
1345 1009 1567 1088 Quasi,
1602 1030 1980 1092 propagare,
2013 1012 2210 1074 locum
2239 1013 2433 1076 modo

220 1118 514 1195 spectet:
561 1133 684 1176 nec
715 1112 912 1192 fidem
953 1112 1096 1195 quis
1128 1117 1457 1195 propaget,
1502 1112 1628 1176 nisi
1656 1113 1765 1196 qui
1797 1135 1946 1176 cum
1991 1115 2433 1179 Mercatorum

224 1215 533 1278 onerariis
573 1215 857 1279 misellos
897 1215 1140 1299 aliquot
1186 1215 1584 1295 fratercu108‚
1633 1217 1704 1279 in
1741 1218 1782 1279 J
1786 1217 2081 1300 aponiam
2134 1227 2430 1301 exponat,

226 1341 355 1401 quo
412 1319 586 1396 inde,
649 1319 852 1383 altero
913 1341 1165 1403 quoque
1225 1341 1417 1398 anno,
1478 1320 1882 1402 perscribant
1939 1321 2067 1384 huc
2137 1322 2422 1403 (scilicet)

228 1421 501 1485 Luciani
550 1443 730 1486 veras
782 1422 1201 1500 narrationes,
1235 1444 1391 1505 quas
1444 1422 1639 1486 vestri
1694 1444 1946 1506 quoque
1991 1422 2285 1486 homines
2330 1425 2434 1488 vix

227 1527 437 1590 solent
490 1525 771 1604 credere,
818 1525 931 1589 sed
972 1526 1232 1589 credere
1277 1537 1499 1589 tamen
1543 1525 1818 1604 malunt,
1866 1548 2059 1610 quam
2105 1526 2432 1610 quaerere¹.

226 1630 597 1711 Propaqare
626 1650 795 1707 vero,
828 1628 1023 1693 etiam
1076 1629 1157 1691 ad
1204 1629 1408 1691 media
1459 1629 1772 1707 refertum
1819 1629 2016 1692 etiam
2057 1629 2138 1693 ad
2179 1635 2433 1711 tempus.

228 1733 487 1795 Media:
522 1735 906 1816 propagavit
937 1735 1174 1796 calamo
1208 1733 1366 1811 Rex,
1400 1754 1526 1815 quo
1571 1753 1707 1796 non
1751 1733 1942 1795 multi
1981 1732 2193 1796 medio
2226 1734 2434 1817 Reges

214 1843 594 1919 propagant.
672 1838 986 1921 Tempus:
1021 1837 1401 1919 propagavit
1426 1844 1491 1900 et
1522 1835 1605 1900 ad
1633 1842 1941 1919 posteros,
1967 1858 2041 1900 ac
2059 1837 2435 1900 memoriam

226 1961 512 2004 omnem.
606 1941 900 2024 Utroque
947 1941 1067 2004 hoc
1109 1962 1322 2018 sensu,
1360 1940 1521 2021 fidei
1551 1940 1952 2022 Propaqator
1986 1947 2105 2004 est.
2195 1940 2433 2018 Etiam,

227 2042 280 2105 si
312 2044 413 2106 vel
455 2045 657 2106 locum
701 2051 986 2127 spectes:
1036 2065 1229 2127 quam
1274 2043 1500 2127 procul
1552 2064 1620 2106 se
1665 2043 1935 2126 porrigit
1981 2044 2051 2105 in
2082 2043 2436 2108 Occidente

227 2145 640 2209 Christianus
686 2147 879 2224 orbis,
941 2155 1079 2210 tam
1137 2147 1377 2230 procul,
1435 2169 1627 2230 quam
1673 2154 1739 2209 et
1790 2147 1949 2210 fides
1998 2169 2116 2210 sua
2159 2169 2326 2226 vera,
2369 2154 2436 2212 et

265 2257 441 2311 estra
470 2248 733 2332 perfida,
767 2249 1076 2331 Apologia
1120 2271 1237 2311 sua
1266 2250 1688 2330 propayavit;
1745 2255 1814 2311 ut
1843 2270 2001 2332 opus
2030 2249 2213 2314 vobis
2240 2249 2437 2313 fuerit

225 2351 652 2416 emendicatis
704 2351 1022 2435 suffragiis
1070 2374 1259 2434 agere
1312 2351 1565 2431 alicubi,
1616 2373 1700 2415 ne
1750 2353 1984 2436 scripta
2023 2354 2162 2437 ejus
2207 2352 2436 2436 inspici

225 2463 536 2539 possent:
583 2476 665 2519 ne
697 2461 762 2519 et
803 2455 886 2520 ad
926 2477 1034 2520 eos
1074 2454 1362 2519 veritatis
1392 2455 1486 2519 vis
1525 2457 1882 2539 propagari
1927 2477 2187 2521 necesse
2227 2456 2431 2530 foret:

225 2561 418 2643 cujus
464 2580 576 2623 vos
616 2561 1000 2642 propagines
1044 2581 1266 2622 omnes
1308 2559 1606 2638 succisae,
1649 2566 1715 2622 et
1755 2562 2265 2643 propagationes,
2314 2560 2436 2622 im-

226 2685 428 2747 pense
461 2662 715 2746 cupitiS.

322 2765 525 2829 Haud
584 2765 771 2829 aliter
815 2786 986 2844 veru,
1034 2768 1415 2847 propaqavit
1450 2765 1647 2846 fidem
1679 2766 1819 2828 Rex
1870 2765 2195 2828 Henricus
2236 2766 2440 2830 VIII.

232 2891 431 2951 quam
465 2868 703 2951 scripto
746 2868 1007 2944 libello;
1053 2868 1128 2946 is,
1162 2869 1271 2952 qui
1303 2869 1382 2932 de
1415 2889 1490 2931 eo
1519 2867 1711 2944 fact0,
1746 2866 2061 2930 salutatus
2091 2868 2312 2931 statim
2345 2877 2445 2932 est

232 2972 418 3033 Fidei
464 2976 525 3033 et
557 2975 961 3053 Propayator
989 2976 1049 3033 et
1078 2970 1411 3052 Defensor.
1505 2970 1653 3035 Quo
1685 2991 1876 3033 sensu
1922 2970 1976 3032 si
2021 2970 2206 3034 cedat
2251 2971 2446 3036 etiam
2578 2973 2666 3035 54

237 3076 375 3138 Rex
408 3073 601 3137 titulo
630 3074 770 3152 hoc,
805 3074 1148 3157 gratificari
1176 3082 1398 3138 tamen
1431 3095 1507 3137 eo
1535 3095 1671 3137 non
1714 3095 1928 3157 posses
1958 3074 2278 3155 Pontifici,
2323 3097 2445 3140 nec

236 3176 542 3240 Pontifex
594 3198 670 3240 eo
721 3177 956 3255 ornari,
1006 3178 1117 3260 qui
1162 3198 1284 3240 nec
1332 3176 1590 3260 scripto,
1637 3198 1759 3240 nec
1789 3198 1941 3240 voce
1984 3176 2079 3241 ita
2105 3179 2289 3243 valde
2330 3201 2448 3242 an-

234 3280 506 3342 nunciat
576 3279 1022 3363 Evangelium,
1101 3301 1183 3343 ne
1253 3287 1465 3363 potest
1536 3279 1818 3363 quidem,
1894 3301 2041 3344 cum
2108 3282 2448 3346 canonista

237 3382 431 3447 modo
477 3382 581 3446 sit.

304 3528 537 3579 'l'itnlum
555 3528 829 3579 defensoris
850 3528 986 3590 fidei,
1000 3542 1150 3593 quem
1170 3528 1461 3593 majusculis
1482 3528 1647 3579 literis
1665 3529 1886 3580 hocloco
1907 3530 2059 3580 scribi
2073 3529 2236 3590 video,
2255 3566 2268 3579 .
2286 3565 2299 3578 .
2318 3566 2329 3577 .
2345 3544 2449 3579 non

369 3612 564 3673 ignoro,
579 3625 740 3673 neque
754 3611 887 3660 nllus
902 3609 1035 3675 [est],
1050 3611 1139 3674 qui
1151 3611 1349 3674 ignoret
1360 3626 1390 3660 a
1404 3610 1569 3661 Leone
1585 3610 1649 3660 X.
1667 3610 1911 3660 Pontifiee
1924 3611 2061 3660 Max.
2075 3610 2299 3659 delatum
2315 3609 2450 3659 Hen-

371 3694 478 3741 rieo
492 3691 641 3741 V111.
660 3692 867 3755 Anglioe
883 3691 1027 3754 Regi,
1044 3692 1108 3742 ob
1122 3692 1310 3741 librum
1326 3692 1390 3743 ab
1408 3692 1581 3742 eodem
1598 3692 1734 3755 Rege
1755 3693 2000 3756 scriptum
2024 3691 2086 3741 de
2104 3692 2194 3740 vii.
2210 3690 2449 3740 Ecclesiae

368 3772 709 3823 Soet-amentis
730 3772 967 3823 adversus
989 3772 1268 3822 Lntberum
1278 3772 1314 3824 ¹¹.
1339 3810 1351 3822 .
1377 3810 1389 3822 .
1415 3810 1427 3821 .
1459 3773 1649 3831 Quodsi
1673 3777 1940 3836 quaeratur,
1963 3771 2084 3835 quid
2107 3772 2312 3820 nomine
2335 3771 2450 3821 fidei

371 3855 427 3904 in
447 3870 507 3905 eo
530 3854 682 3904 titulo
705 3854 1034 3918 significetur,
1055 3854 1188 3903 nihil
1210 3854 1349 3904 aliud
1372 3852 1663 3919 responderi
1686 3855 1890 3918 poterit,
1905 3855 2004 3902 nisi
2021 3854 2173 3902 fidem
2189 3853 2331 3903 illam
2354 3854 2452 3915 sig-

370 3936 626 3986 nificatam
642 3951 763 3997 esse,
773 3951 923 3999 quam
939 3935 1263 3999 praedicabat,
1278 3937 1365 3999 qni
1381 3936 1591 3985 titulum
1608 3935 1766 3996 dedit,
1779 3939 1833 3985 et
1847 3949 1996 4000 quam
2009 3935 2352 4000 profitebatur,
2364 3936 2452 3998 qui

372 4018 585 4067 titulum
606 4018 818 4081 accepit,
840 4021 893 4066 et
914 4033 1028 4080 quae
1051 4017 1413 4068 defendebatur
1434 4018 1490 4066 in
1506 4017 1656 4078 libro,
1678 4017 1821 4081 eujus
1841 4016 2009 4079 gratia
2029 4015 2211 4065 titulus
2231 4015 2379 4067 datus
2401 4020 2454 4065 et

369 4105 605 4164 aceeptus
626 4099 947 4164 est—[Bell.
964 4098 1115 4163 Apol.
1140 4114 1231 4163 pro
1255 4098 1430 4164 Resp]
1456 4113 1506 4163 p.
1522 4101 1603 4149 20.
1630 4098 1770 4163 [Op.‚
1790 4103 1913 4149 tom.
1928 4098 2018 4148 vii.
2039 4099 2132 4147 col.
2152 4098 2262 4150 716.
2282 4099 2344 4147 A.
2362 4096 2449 4162 Β.]

328 4217 442 4294 At,
473 4215 556 4279 ad
584 4215 960 4297 Defensores
987 4215 1275 4295 titulum,
1309 4221 1375 4280 et
1417 4216 1798 4297 majusculas
1828 4215 1968 4297 ejus
1999 4216 2218 4277 literas
2246 4214 2453 4299 magis
2485 4213 2567 4279 [et
2587 4211 2766 4263 Defen-

238 4319 439 4386 etiam
489 4320 823 4404 pungitur.
914 4321 1213 4384 Delatum
1263 4321 1427 4383 enim
1474 4320 1751 4383 Henrico
1795 4319 1998 4396 VIII„
2050 4340 2091 4381 α
2135 4318 2339 4383 Leone
2368 4319 2452 4387 X.
2482 4278 2607 4343 ω’]

297 4510 322 4607 ἰ
353 4509 515 4641 {Vide
539 4509 738 4561 Literas
757 4525 952 4561 annuas
975 4510 1082 4560 Soc.
1104 4508 1270 4591 ἔθει]
1395 4509 1656 4571 supernae!
1673 4537 1738 4546 —
1755 4508 1944 4558 Bullar.
1976 4507 2118 4559 Rom.
2155 4514 2277 4561 tom.
2304 4510 2337 4560 i.
2370 4524 2455 4576 pp.

384 4573 520 4625 v1de
554 4574 757 4626 Bullam
782 4576 886 4627 xlv.
912 4575 1064 4626 Leon.
1092 4574 1155 4626 X.
1195 4580 1208 4601 ‘
1227 4574 1307 4624 Lx
1395 4577 1507 4633 620,
1531 4577 1644 4624 621.
1714 4574 1959 4625 Luxetnb.
1997 4573 2165 4645 1727.]
