3165 4959
970 343 1336 395 stomoma
1379 346 1742 396 RESPONSIO.
2336 337 2462 401 157

312 495 440 554 Quae
475 497 614 547 enim
648 496 916 548 mendacia
947 502 1083 561 sunt,
1117 513 1221 549 non
1252 500 1359 551 scio
1389 500 1573 551 Latine
1605 502 1878 567 appellare,
1899 502 2004 552 nisi
2035 503 2314 554 mendacia.
2348 540 2362 555 .
2398 541 2411 554 .
2448 542 2463 556 .

381 563 747 642 Quanquamsi
770 579 987 643 Regium
1020 580 1211 630 librum
1244 595 1349 631 esse
1382 583 1509 632 scire
1532 584 1825 648 potuissem,
1861 619 1873 631 .
1919 621 1933 634 .
1972 618 1986 632 .
2016 599 2048 634 a
2069 585 2236 635 verbis
2256 586 2465 635 atrocio-

379 660 521 710 ribus
545 661 936 725 [acerbioribus]
961 661 1167 712 honoris
1185 663 1352 725 gratia
1372 664 1973 728 temperassem—[Bell.
1997 665 2150 729 Apol.
2168 681 2260 730 pro
2281 665 2460 732 Resp.]

378 756 428 806 p.
451 743 533 794 47.
562 743 702 807 [Op.,
733 747 855 793 tom.
879 744 971 794 vii.
1000 744 1093 794 col.
1118 745 1228 796 731.
1254 744 1341 809 A.]

337 842 504 908 Quae
561 843 719 925 ipsa,
772 843 897 927 ipsi
956 844 1173 923 etiam,
1220 845 1317 908 ita
1361 845 1494 909 visa
1553 845 1887 923 deformia,
1938 853 2015 911 ut
2068 848 2339 932 recipiat
2389 869 2459 912 se
2488 851 2756 928 [Convicia

250 942 468 1008 denuo
512 945 595 1008 ad
624 945 942 1009 latebram
987 948 1439 1028 iynorationis5
1488 970 1683 1032 quam
1723 971 1948 1014 omnes
1977 951 2282 1014 technam
2327 972 2462 1015 esse
2487 922 2774 1045 ffiffissngm

250 1047 489 1110 sciunt.
580 1048 820 1122 Scivit,·
868 1056 933 1112 et
963 1048 1087 1112 hoc
1118 1051 1310 1113 scisse
1351 1045 1545 1114 illum*
1581 1073 1805 1116 omnes
1841 1054 2064 1116 sciant.
2156 1054 2464 1137 Peraeque

249 1149 353 1211 uti
390 1157 645 1232 poterat
687 1150 1058 1216 defensione
1097 1152 1260 1216 ista:
1307 1175 1443 1218 non
1483 1175 1550 1217 se
1590 1154 1722 1233 illa,
1756 1155 1870 1220 sed
1903 1157 2173 1220 'Portum
2204 1156 2462 1221 dixisse.

256 1252 495 1331 Quare,
524 1254 630 1317 vix
675 1275 1043 1338 quenquam
1086 1254 1201 1318 illa
1237 1255 1450 1338 legere
1483 1278 1649 1335 reor,
1686 1258 1757 1320 Si
1788 1247 2012 1321 libram
2044 1260 2305 1340 Regiam
2334 1280 2465 1322 esse

253 1356 417 1418 scire
453 1358 818 1436 potuissem,
872 1378 912 1420 a
962 1358 1166 1421 verbis
1212 1360 1629 1423 atrocioribus
1679 1362 1934 1423 honoris
1971 1363 2193 1443 ⁸aratia
2238 1368 2464 1442 tempe-

251 1478 509 1539 rassem,
553 1461 709 1543 quin
755 1469 1014 1544 quasset
1059 1468 1273 1545 caput,
1315 1463 1416 1526 vel
1461 1462 1718 1527 labrum
1763 1462 2074 1541 mordeat,
2123 1463 2466 1547 doleatque

254 1562 482 1626 fecisse
540 1563 752 1647 primo
807 1565 1086 1648 turpiter
1148 1565 1578 1644 Cardiualem,
1633 1567 1886 1650 turpius
1938 1568 2078 1651 jam
2138 1588 2464 1632 excusare.

258 1664 523 1745 Saltem,
555 1666 611 1729 si
641 1688 774 1731 non
801 1673 1054 1750 poterat
1084 1669 1401 1749 appellare
1444 1670 1569 1731 nisi
1599 1669 1944 1749 mendacia,
1977 1691 2061 1734 ne
2093 1670 2465 1751 appellasset

256 1767 538 1850 quidem,
568 1768 637 1833 id
678 1769 855 1834 enim
890 1777 1162 1854 poterat.
1256 1772 1522 1850 Saltem,
1552 1773 1626 1835 in
1657 1773 1888 1855 quibus
1927 1774 2239 1836 mendacii
2276 1773 2463 1853 nihil,

252 1873 524 1935 mendax
550 1872 685 1955 ipse
713 1874 1024 1938 mendacii
1052 1896 1188 1938 non
1218 1874 1578 1958 allegasset.

320 2007 430 2066 Quo
452 2007 640 2059 honore
663 2007 878 2073 dignum
901 2024 1005 2060 non
1041 2010 1331 2061 existimavi
1362 2010 1623 2062 Decanum
1645 2011 1726 2064 vel
1758 2012 2209 2078 chronographum
2243 2015 2412 2075 illum,
2435 2029 2467 2065 a

253 2103 353 2151 quo
383 2104 488 2138 non
520 2104 603 2139 me
636 2091 815 2150 solum,
842 2090 930 2141 sed
961 2092 1117 2141 etiam
1151 2092 1417 2142 Summum
1453 2093 1754 2143 Pontificem
1788 2131 1801 2144 .
1837 2130 1849 2144 .
1885 2131 1898 2144 .
1935 2131 1948 2144 .
1987 2099 2095 2144 tam
2131 2096 2466 2145 inverecunde

251 2171 457 2220 tractari
481 2170 957 2236 videbam—[Bell.
982 2173 1135 2237 Apol.
1156 2187 1247 2236 pro
1270 2172 1447 2237 Resp.]
1474 2188 1523 2238 p.
1547 2175 1627 2226 47.
1655 2174 1792 2239 [Op.,
1816 2180 1939 2225 tom.
1960 2177 2048 2227 vii.
2073 2177 2165 2229 col.
2186 2177 2297 2230 731.
2313 2176 2464 2241 A.B.]

340 2276 608 2356 Verum,
639 2279 756 2342 hoc
790 2280 1018 2342 honore
1048 2279 1301 2361 dignari
1331 2280 1529 2341 noluit
1557 2280 1900 2360 Decanum,
1932 2281 2034 2345 vel
2071 2282 2467 2366 Chronoyra-

240 2383 457 2462 plmm.
549 2384 642 2446 At
690 2381 762 2445 id
807 2389 1031 2446 tamen
1083 2383 1353 2446 'Portum
1405 2381 1632 2446 decere
1681 2389 1934 2466 poterat
1951 2410 1972 2462 3
2035 2386 2286 2449 veniam
2332 2408 2468 2450 non

253 2493 514 2568 gravate
558 2486 730 2565 dare,
782 2508 909 2569 qua
934 2494 1019 2549 ‘et
1062 2485 1197 2568 ipse
1241 2485 1571 2549 interdum
1615 2485 1865 2570 indiget
1882 2513 1901 2564 3
1948 2496 2085 2550 tam
2127 2489 2302 2552 enim
2344 2489 2464 2551 im-

250 2588 465 2671 pingit
508 2588 619 2651 ille
663 2589 735 2651 in
769 2590 1042 2670 planitie
1060 2598 1101 2667 ¹,
1136 2610 1333 2671 quam
1378 2588 1543 2651 alter
1586 2589 1789 2652 haeret
1832 2590 1904 2652 in
1948 2591 2157 2664 luto‘;
2219 2599 2285 2654 et
2328 2592 2467 2656 haec

234 2689 529 2772 fractam
557 2693 625 2754 in
642 2693 939 2755 lectorum
966 2693 1194 2755 animis
1216 2693 1475 2774 yiynere
1504 2713 1630 2754 non
1657 2692 1950 2754 videntur
1964 2702 2015 2770 ¹¹,
2039 2698 2115 2755 ut
2139 2693 2467 2757 Cardinali

252 2794 513 2858 credere
557 2795 938 2858 suadeantur
954 2805 1001 2860 ⁹.
1094 2795 1242 2874 Sed,
1284 2815 1497 2878 neque
1537 2794 1705 2877 Regi
1744 2801 1965 2858 tamen
2000 2794 2071 2857 in
2119 2816 2195 2859 eo
2239 2796 2465 2879 parcit,

251 2918 446 2979 quem
494 2897 849 2961 etiamnum
895 2920 1009 2982 per
1052 2898 1257 2962 latera
1309 2898 1785 2980 Chronoyraphi
1833 2903 2163 2961 cruentat:
2212 2898 2292 2961 de
2340 2920 2467 2982 quo

249 3021 402 3064 cum
429 3001 621 3079 dicat,
644 3002 815 3084 quod
844 3003 1046 3065 sciens
1062 3002 1347 3084 prudens
1375 3001 1671 3064 mentitus
1692 3002 1843 3079 sit',
1870 3000 2042 3083 quod
2060 3002 2466 3065 inverecunde

248 3105 621 3186 Pontificem
667 3106 985 3183 tractarit,
1033 3105 1226 3187 idque
1274 3103 1467 3182 dicat,
1510 3112 1852 3187 postquam
1898 3104 2133 3168 librum
2185 3104 2462 3189 Regium
2578 3106 2708 3169 120

248 3207 545 3291 agnoscit
585 3209 722 3293 jam
741 3233 761 3286 3
811 3230 1030 3272 annon
1076 3208 1307 3292 cuique
1347 3208 1499 3272 hinc
1546 3208 1768 3291 liquet,
1817 3229 1944 3290 quo
1995 3208 2212 3272 animo
2261 3209 2346 3272 sit
2390 3211 2464 3273 in

247 3332 492 3375 nomen
522 3310 801 3394 Regium
817 3313 847 3374 ’Β
907 3314 997 3376 Et
1024 3312 1155 3391 illa,
1186 3312 1385 3395 prius,
1419 3311 1499 3375 de
1530 3312 1926 3393 temperando
1958 3312 2080 3375 sibi
2110 3311 2191 3376 ab
2223 3312 2461 3376 acerbi-

250 3421 404 3493 tate,
438 3435 558 3477 nec
586 3435 728 3478 vere
757 3415 930 3478 dicta
957 3436 1080 3478 nec
1108 3416 1467 3479 verecunde.

337 3517 446 3581 Ad
478 3518 520 3581 J
523 3517 728 3581 uliani
756 3518 1135 3601 parallelum
1163 3517 1328 3581 illud
1358 3517 1530 3602 apud
1552 3518 1845 3594 Tortum,
1872 3516 2144 3600 dignum
2175 3517 2218 3580 J
2220 3518 2459 3596 ulian0,
2484 3532 2561 3645 Bet
2583 3532 2759 3582 odioso

246 3619 484 3683 merito
512 3620 889 3704 indignatus
920 3622 1059 3685 Rex
1090 3620 1402 3705 quaesivit,
1434 3622 1795 3683 Honestane
1824 3639 1898 3682 ea
1926 3620 2096 3682 ratio
2127 3640 2264 3681 cum
2292 3620 2462 3701 Reye
2488 3597 2784 3723 &2²5⁸oe

246 3723 501 3805 agendi.
595 3723 687 3786 Et
738 3744 945 3787 annon
993 3725 1062 3787 in
1111 3744 1200 3801 eo,
1258 3724 1485 3787 Ordini
1543 3724 1670 3804 ipsi
1714 3724 1952 3804 Requm
2003 3722 2188 3784 illata
2247 3727 2461 3784 contu·
2487 3724 2741 3789 involvit-l

242 3827 481 3889 melia¹
500 3828 535 3890 ?
624 3827 754 3891 Hic
800 3827 1177 3906 Cardinalis,
1214 3827 1329 3891 ubi
1376 3827 1657 3909 aquilum
1708 3824 1791 3889 ab
1843 3845 1921 3888 eo
1961 3824 2208 3889 crimen
2249 3845 2460 3902 suum,

313 3977 331 4000 ·
367 3968 424 4033 [“
440 3968 599 4019 Istam
626 3969 895 4034 planitiem
927 3974 980 4020 et
1001 3969 1311 4020 evidentiam
1399 3968 1548 4019 illum
1603 3967 1753 4018 nobis
1794 3968 2027 4031 eriperet,
2072 3980 2224 4029 quem
2282 3965 2464 4017 Brevia

243 4049 342 4083 nos
370 4036 635 4084 crassiores
661 4040 716 4084 et
743 4035 1076 4099 simpliciores
1097 4036 1313 4085 minime
1400 4034 1602 4084 Summi
1637 4033 1874 4093 Pastoris,
1907 4037 1961 4082 et
1994 4030 2222 4094 Epistola
2260 4046 2374 4081 mea
2406 4032 2462 4081 in

243 4098 568 4165 cernimusl']
647 4100 845 4161 Tor-tus,
888 4115 939 4163 p.
984 4102 1096 4149 118.
1146 4099 1311 4164 [Edit.
1398 4099 1586 4151 animis
1632 4098 1862 4149 fidelium
1917 4096 2205 4159 Anglorum
2248 4096 2462 4158 gignere

243 4163 422 4213 colon.
449 4179 499 4227 p.
518 4167 624 4221 99.;
645 4163 770 4213 Edit
787 4164 957 4224 Pout„
978 4169 1032 4215 et
1050 4163 1177 4214 Bell.
1202 4163 1313 4229 Op.,
1398 4161 1915 4226 coeperant.”—-Bell.]
1934 4161 2078 4211 Praef.
2098 4160 2183 4226 [ad
2201 4161 2348 4223 Apol.
2368 4175 2460 4224 pro

242 4234 371 4277 tom.
391 4229 480 4278 vii.
504 4229 596 4279 ool.
620 4231 731 4281 684.
756 4228 843 4293 D.]
1401 4227 1546 4292 Resp.
1592 4244 1640 4292 p.
1662 4231 1707 4277 2.
1733 4228 1865 4294 [Op.,
1888 4232 2009 4277 tom.
2024 4225 2111 4274 vii.
2134 4225 2228 4275 col.
2243 4226 2270 4277 7
2277 4228 2353 4275 06.
2370 4224 2456 4289 A.]

313 4296 331 4325 ²
365 4293 427 4357 [“
450 4292 573 4343 Non
608 4294 826 4343 discutio
861 4331 872 4342 .
910 4330 923 4343 .
958 4330 971 4343 .
1008 4293 1313 4343 lutulentam
1462 4301 1485 4323 V
1536 4228 1707 4357 []Bell.]
1743 4293 1892 4355 Apol.
1927 4293 2038 4357 [pro
2070 4288 2239 4354 Resp.]
2289 4304 2338 4354 p.
2376 4293 2455 4339 92.

242 4358 782 4423 orationem.”--Resp.
809 4359 967 4417 Torti,
991 4373 1040 4423 p.
1073 4361 1151 4412 25.
1177 4358 1313 4409 Edit.
1402 4356 1535 4423 [Op.,
1571 4362 1693 4407 tom.
1717 4358 1806 4408 vii.
1840 4357 1933 4407 col.
1957 4358 1986 4408 7
1992 4359 2072 4407 56.
2095 4354 2173 4420 O.]

242 4422 418 4551 geist,
443 4427 497 4474 et
520 4422 648 4475 Bell.
684 4423 797 4488 Op.,
820 4428 943 4474 tom.
967 4424 1055 4473 vii.
1087 4424 1179 4474 col.
1205 4425 1316 4474 648.
1438 4430 1499 4499 ”W
1535 4421 1872 4550 [IffelullffiipAoL]
1883 4435 1974 4486 pro
1998 4421 2144 4486 Resp.
2187 4419 2299 4485 Op.,
2332 4423 2457 4473 tom.

1402 4503 1489 4537 vu.
1526 4503 1584 4536 co
1608 4524 1619 4537 .
1742 4523 1754 4535 .
1830 4523 1840 4533 .

295 4525 337 4584 '·
375 4551 527 4618 [urta
548 4554 678 4605 forta
694 4552 899 4604 libellus
912 4554 1082 4617 regius
1096 4554 1317 4604 fructum
1469 4559 1492 4582 ¹
1525 4552 1694 4617 [Praef.
1719 4552 1900 4602 Monit.
1923 4565 1973 4617 p.
1997 4550 2099 4623 24.]
