3165 4959
941 334 1306 380 APOLOGIAM
1351 333 1716 382 nEsPoNsm.
2310 320 2437 382 253

234 493 504 569 seorsim,
538 491 667 555 duo
698 500 853 555 sunt
884 492 1048 555 duo:
1096 513 1215 556 nec
1247 493 1628 567 coalescent,
1663 492 1715 554 si
1744 493 1933 554 simul
1949 519 1969 564 ;
2018 490 2355 569 dissilient,
2388 492 2442 553 si

233 595 507 657 seorsim.
555 596 665 658 An
695 594 930 658 excidit
958 594 1064 657 hic
1096 594 1422 658 Cardinali
1453 595 1947 656 Concomitantia
1979 595 2181 656 sua'?
2229 594 2327 657 vel
2358 615 2442 656 an

236 696 528 759 simultas
572 696 739 760 forte
784 697 999 779 aliqua
1042 718 1250 779 nuper
1278 697 1661 776 intercessit,
1694 698 1866 759 inter
1897 697 2443 760 concomitantiam

234 806 298 862 et
320 797 715 876 Sam-isicium
733 801 765 861 ?
809 798 1050 862 mansit
1079 806 1302 862 tamen
1324 799 1496 862 bona
1518 799 1744 882 gratia,
1765 800 1936 862 inter
1952 820 2089 862 eam
2120 807 2184 862 et
2211 800 2442 862 Sacra-

232 908 543 974 mentum;
591 909 685 980 ut,
720 903 1009 965 comitari
1038 903 1193 966 velit
1224 904 1474 985 Corpus
1518 903 1935 985 Sanguinem,
1983 902 2255 985 Sanguis
2287 903 2443 966 Cor-

232 1026 372 1087 pus,
392 1005 566 1068 inter
595 1006 1197 1078 communicandum5
1235 1005 1535 1069 secedant
1559 1014 1777 1068 autem
1802 1028 1840 1067 a
1862 1027 1929 1068 se
1952 1005 2247 1082 invicem,
2272 1006 2445 1070 inter

231 1107 755 1187 sacrificandum:
818 1128 943 1171 nec
979 1108 1134 1172 velit
1184 1129 1342 1187 esse,
1389 1108 1491 1171 vel
1542 1107 1858 1192 Sanguini
1900 1109 2147 1192 Corpus
2191 1130 2404 1172 comes
2422 1135 2440 1185 3

228 1211 327 1274 vel
362 1212 639 1294 Sanguis
670 1211 967 1294 corpori?
1041 1212 1342 1274 Sacrifico
1376 1211 1672 1294 Corpus?
1723 1211 1914 1274 simul
1946 1219 2044 1274 est
2075 1224 2142 1275 et
2168 1212 2444 1293 Sanguis

231 1335 377 1377 cum
402 1316 706 1398 Corpore.
762 1316 1011 1398 Corpus
1044 1315 1215 1377 enim
1244 1314 1487 1379 Christi
1519 1336 1841 1397 exsangue
1872 1336 2005 1378 non
2036 1324 2134 1379 est
2160 1341 2174 1378 ε
2225 1316 2443 1382 Quare

237 1418 635 1500 Sam-{ficium
677 1440 812 1482 non
857 1419 1197 1482 mutilum:
1250 1419 1551 1482 Sacrifico
1598 1418 2026 1501 sanguinem?
2067 1441 2189 1483 nec
2237 1421 2439 1483 solum

234 1526 456 1584 tamen
474 1547 493 1597 ς
543 1521 839 1585 Christus
888 1522 1060 1585 enim
1108 1521 1472 1604 utrobique,
1520 1543 1641 1585 nec
1689 1521 1949 1599 divisus,
1997 1522 2109 1585 sed
2151 1523 2439 1605 integer:

237 1622 459 1687 Quare
503 1644 627 1686 nec
670 1623 775 1686 vel
816 1623 909 1686 ibi
958 1625 1241 1686 mutilum
1290 1624 1706 1687 Sacrificium.
1799 1625 1944 1687 Imo
1984 1626 2284 1704 mutilum,
2317 1626 2443 1689 cla-

238 1733 369 1788 mat
402 1725 784 1802 Cardinalis‚
815 1727 1004 1809 plane
1049 1726 1387 1804 mutilum;
1438 1734 1606 1789 recte
1648 1727 1774 1789 dici
1807 1733 2020 1808 potest
2052 1727 2446 1808 Sacrificium

238 1830 611 1891 mutilatum.
701 1828 1155 1911 Nequicquam
1205 1829 1312 1892 hic
1360 1829 1711 1893 intervenit
1764 1830 2299 1893 concomitantia:
2345 1853 2446 1895 re-

230 1932 373 2014 jicit
418 1953 719 2014 prorsus:
766 1933 1014 2016 rejiciat
1049 1952 1202 2015 ergo
1243 1941 1309 1996 et
1356 1933 1426 1995 in
1467 1934 1871 1995 Suc-ramento
1894 1960 1912 1994 :
1962 1934 2108 1996 Imo
2155 1955 2340 1997 secus
2375 1934 2446 1997 in

229 2036 665 2110 Sacramenta.
757 2035 864 2098 Ibi
887 2036 1025 2119 jam
1054 2035 1125 2097 in
1153 2036 1534 2108 Quodlibetz's
1564 2044 1681 2108 est,
1722 2036 2017 2108 Quaelibet
2045 2036 2138 2100 ibi
2165 2038 2395 2122 sufficit
2414 2059 2448 2100 e

240 2137 497 2200 duabus.
562 2137 760 2202 Quasi
788 2143 1048 2200 maneat
1080 2157 1213 2219 prae
1241 2135 1488 2200 foribus
1513 2138 2028 2217 Concomitantia,
2052 2138 2446 2201 sacrificante

241 2238 616 2315 Cardinale3
663 2239 776 2303 ubi
810 2238 1203 2320 Sacrificium
1254 2247 1609 2322 peractum,
1652 2247 1795 2303 tum
1848 2240 2111 2304 demum
2160 2241 2444 2318 advocet,

242 2345 339 2423 (ut
377 2343 491 2406 ille
535 2342 781 2406 Sosiam
819 2341 890 2403 in
922 2342 1275 2420 Comoedia,
1308 2343 1711 2424 Adesdum¹.)
1809 2344 1956 2409 Quo
2006 2344 2144 2407 haec
2195 2345 2446 2426 glutine

239 2445 653 2510 cohaereant?
745 2445 937 2509 Certe
967 2444 1092 2508 nisi
1121 2445 1339 2509 credat
1371 2446 1532 2528 quis,
1566 2444 1679 2509 sed
1711 2466 1831 2510 nec
1860 2467 2008 2510 cum
2039 2447 2276 2526 credet,
2307 2447 2447 2510 haec

237 2550 580 2632 intelliget.
2083 2606 2090 2611 .

324 2652 656 2716 Gratulari
697 2659 917 2715 tamen
954 2652 1063 2715 hic
1092 2653 1253 2716 libet
1282 2654 1579 2715 Romame
1608 2654 1928 2729 Ecclesiae,
1961 2654 2041 2717 de
2082 2661 2271 2717 aucto
2307 2653 2446 2736 jam
2474 2657 2669 2721 [Aliter

235 2753 293 2816 ei
326 2755 875 2816 Sat-ramentorum
920 2776 1208 2818 numero.
1302 2756 1476 2819 Nam
1509 2755 1563 2818 si
1595 2755 2001 2819 concinnavit
2033 2756 2171 2838 jam
2202 2756 2261 2817 ei
2290 2756 2443 2818 Car·
2469 2729 2773 2836 &ignera-

236 2854 470 2919 dinalis
503 2858 993 2920 Sacramentum
1038 2878 1250 2920 verum
1294 2863 1480 2940 atque
1525 2861 1832 2939 inteymm
1862 2858 1975 2920 snb
2004 2860 2204 2939 specie
2230 2860 2443 2939 panis,
2471 2856 2756 2901 mentorum

233 2980 448 3021 verum
477 2966 693 3052 autern
725 2959 918 3022 etiam
954 2966 1013 3022 et
1044 2961 1351 3042 inteqrum
1381 2961 1493 3023 sub
1522 2963 1726 3041 specie
1747 2962 1878 3023 vini
1900 2988 1919 3023 .-
1971 2960 2446 3043 (accedentibus
2470 2915 2745 2979 numerus]

235 3063 473 3125 duobus
523 3062 625 3124 his
686 3062 767 3125 ad
824 3062 1073 3146 reliqua
1122 3066 1253 3144 seoe)
1317 3071 1662 3147 consurget
1713 3065 1854 3147 jam
1903 3065 2446 3128 Sacramentorum

235 3185 551 3228 numerus
593 3167 967 3243 octonarius,
1016 3188 1208 3249 quem
1254 3167 1613 3230 Cardinalis
1661 3167 1971 3231 beneficio
2010 3168 2298 3231 Ecclesia
2340 3189 2443 3231 ac-

233 3274 495 3352 ceptum
526 3267 712 3331 ferat.
807 3271 1295 3332 Sacramentum
1324 3292 1493 3349 vero,
1518 3272 1684 3335 nihil
1712 3271 1837 3334 nisi
1868 3271 2159 3334 sacrificii
2188 3271 2442 3354 partici-

233 3372 426 3453 patio,
547 3372 943 3435 Sacrificium
1004 3372 1179 3435 enim
1230 3374 1566 3455 pacificum
1618 3374 1730 3451 ibi,
1779 3383 1844 3438 et
1901 3374 2440 3438 Eucharisticum.

248 3474 468 3538 Videte
498 3474 704 3537 Israel
728 3476 1060 3538 secundum
1090 3496 1362 3552 carnem,
1392 3477 1619 3539 Nonne
1650 3478 1756 3557 qui
1786 3477 1976 3539 edunt
2014 3478 2269 3554 hostiae,
2283 3497 2446 3557 par-

237 3578 460 3659 ticipes
499 3584 645 3640 sunt
684 3580 948 3640 altaris?
973 3581 1005 3641 ,Ρ
1093 3580 1329 3661 Atque,
1359 3587 1435 3642 ut
1482 3580 1863 3641 sacrificium
1914 3600 2047 3641 non
2093 3579 2441 3659 integrum,

235 3679 363 3742 nisi
414 3681 666 3762 Corpus
723 3680 1025 3756 fractum,
1083 3681 1214 3744 nisi
1271 3689 1337 3744 et
1395 3680 1578 3743 fusus
1633 3681 1928 3763 SanguiS,
1983 3680 2094 3743 sed
2141 3681 2446 3743 mutilum

248 3781 515 3862 (fatente
536 3783 896 3864 Cardinale)
917 3810 935 3862 3
974 3784 1069 3846 ita
1096 3805 1216 3847 nec
1252 3783 1559 3847 Sacrificii
1589 3783 1845 3866 integra
1869 3783 2290 3866 participatio,
2322 3783 2449 3846 nisi

238 3885 436 3966 siquis
464 3887 817 3969 utriusque,
843 3893 985 3949 tum
1015 3886 1204 3949 fracti
1227 3887 1545 3969 Corporis,
1571 3895 1714 3950 tum
1742 3879 1868 3949 fusi
1896 3886 2243 3969 Sanguinis
2274 3907 2445 3949 com-

239 4006 354 4068 pos
385 3988 515 4050 fiat.
586 3989 794 4052 Notat
823 3989 916 4052 ibi
937 3990 1288 4073 Apostolus
1317 3989 1695 4074 Symbolum
1716 3990 2035 4073 Corporis„
2056 4010 2243 4070 pane,
2272 4009 2446 4070 quem

222 4087 586 4172 sranyimus
604 4116 628 4154 .·
677 4092 1046 4175 SanguiniS,
1080 4094 1293 4169 calice,
1320 4095 1421 4156 cui
1451 4094 1877 4156 benedicimus.
1943 4092 2156 4171 Panis,
2189 4090 2443 4174 partici-
2562 4095 2684 4158 187

239 4191 476 4274 cipatio
529 4195 867 4278 Corporis:
934 4195 1119 4273 calix,
1172 4196 1669 4260 communicatio
1726 4195 2094 4279 Sanguinis,
2186 4195 2445 4277 Repetit

307 4385 339 4407 '¹
391 4378 550 4440 [Vide
596 4380 723 4430 Bell.
770 4380 833 4431 de
879 4381 1095 4431 Sacram.
1142 4381 1299 4430 Euch.
1386 4396 1435 4446 p.
1462 4383 1571 4432 183.
1599 4381 1660 4429 D.
1683 4379 1807 4444 seq.]

230 4441 328 4490 lib.
365 4443 398 4490 i.
444 4459 549 4508 cap.
586 4448 632 4494 2.
669 4447 696 4504 ἓ
740 4446 970 4496 ‘Tei-tio!
1020 4446 1132 4509 Op„
1176 4451 1297 4495 tom.
1451 4454 1473 4477 ¹
1512 4446 1738 4509 [Terent.
1763 4446 1922 4497 Andr.
1949 4444 2146 4509 1.1.2.]

241 4507 314 4555 iii.
342 4520 393 4571 p.
415 4510 489 4561 97.
516 4509 602 4567 Ε.;
639 4516 692 4559 et
714 4510 803 4560 lib.
828 4512 893 4560 iv.
932 4526 1039 4575 cap.
1067 4514 1146 4560 21.
1175 4510 1298 4561 ibid.
1453 4520 1475 4551 7
1513 4515 1535 4561 1
1564 4510 1675 4561 Cor.
1700 4526 1749 4560 x.
1771 4512 1848 4560 18.
1955 4558 1958 4559 γ
