3165 4959
933 348 1296 396 APoLomAM
1340 350 1701 399 RESPONSIO.
2297 341 2419 404 491

314 500 444 563 Sed
489 522 699 583 neque
744 522 818 564 ex
865 503 1034 565 facto
1076 502 1233 566 fides
1278 504 1410 565 ulla
1453 505 1547 567 fit.
1640 506 1775 568 Nec
1806 506 1895 568 ad
1922 507 2252 589 Pontificie
2282 529 2423 571 con-

215 610 516 683 spectum,
547 625 660 667 nec
703 606 792 666 ad
833 607 1043 669 urbem
1087 609 1286 687 ipsam
1331 608 1642 672 admissu-9
1685 616 1797 687 est,
1830 611 1954 672 nisi
1986 631 2246 673 censura
2281 613 2425 693 pri-

217 728 387 768 mum
428 709 720 770 solutus&
815 709 998 773 Nihil
1038 731 1183 791 erqo
1230 713 1468 789 metuit,
1507 714 1632 775 nisi
1677 713 2422 779 Excommunicationem.

220 810 390 887 Imo,
437 809 505 873 id
562 811 796 892 potiuS‚
862 811 1034 894 quod
1091 814 1760 878 Excommunicationi
1817 836 2215 899 consequens
2268 825 2425 895 erat,

224 914 327 993 (ut
371 920 515 975 tum
549 913 645 976 illi
685 935 785 977 τω
828 916 1032 997 erant)
1071 916 1329 997 Imperii
1369 919 1779 981 amissionem.
1870 918 2137 1002 Absque
2166 919 2296 998 illa,
2328 921 2428 983 vel

213 1015 450 1077 urbem
481 1016 745 1098 ingredi,
778 1018 878 1080 vel
910 1018 1289 1083 Pontificem
1320 1020 1618 1098 salutare,
1653 1021 1751 1083 vel
1780 1022 1936 1084 solvi
1968 1041 2253 1099 censura,
2285 1044 2425 1085 sus-

216 1139 344 1201 que
376 1118 581 1201 deque
610 1119 970 1184 habuisset:
1046 1122 1175 1185 Sed
1218 1123 1356 1186 haec
1388 1122 1718 1203 Pontificio
1746 1124 1848 1186 lex
1878 1132 2054 1188 erat:
2100 1124 2195 1187 illi
2227 1123 2417 1203 dicta,

215 1243 354 1285 non
400 1222 811 1303 Imperatoris
855 1233 1067 1288 metus
1114 1225 1468 1308 genuinus:
1536 1227 1747 1309 legem
1798 1226 1967 1290 banc
2016 1234 2275 1290 coactus
2323 1237 2421 1291 est

215 1324 542 1406 suscipere
601 1327 749 1408 (quo
801 1335 944 1390 tum
996 1328 1066 1390 in
1117 1329 1401 1411 periculo
1439 1330 1598 1411 erat)
1610 1379 1628 1408 ,
1674 1329 1865 1392 aliam
1916 1351 2170 1413 quoque
2222 1330 2421 1394 ullam

214 1436 647 1511 suscepturus,
681 1452 807 1513 quo
853 1431 942 1495 sic
987 1438 1051 1494 et
1096 1432 1230 1494 filio
1275 1432 1605 1508 incolumi,
1638 1440 1703 1495 et
1749 1432 2033 1515 Imperio
2078 1434 2252 1495 salvo
2295 1433 2424 1497 frui

211 1532 462 1595 liceret.

284 1666 463 1729 Neque
496 1704 508 1716 .
545 1703 557 1715 .
588 1667 818 1718 historici
855 1668 1060 1731 allegati
1097 1670 1406 1718 contrarium
1443 1673 1710 1719 testantur.
1778 1669 1907 1719 Cum
1930 1670 2068 1718 enim
2092 1669 2281 1730 dicent,
2302 1685 2419 1720 eum
2532 1669 2661 1730 356

350 1750 596 1809 timuisse,
619 1764 684 1800 ne
713 1750 777 1799 ab
801 1749 1021 1813 Imperio
1057 1750 1270 1810 caderet,
1305 1751 1399 1801 hoc
1433 1752 1544 1815 ipso
1577 1756 1845 1801 censentur
1879 1752 2059 1812 dicere,
2089 1752 2319 1801 timuisse
2341 1768 2422 1801 ex·

350 1832 950 1881 communicationem.—
968 1831 1117 1896 [Bell.
1156 1832 1303 1895 Apol.
1346 1847 1436 1896 pro
1470 1831 1641 1898 Resp.]
1669 1849 1716 1896 p.
1745 1836 1855 1883 213.
1905 1832 2040 1897 [Op.,
2066 1837 2188 1882 tom.
2214 1834 2299 1882 vii.
2328 1834 2423 1883 col.

350 1913 460 1961 824.
486 1911 566 1975 Β.]

303 2010 494 2074 Certe
525 2010 786 2093 quidem
808 2010 886 2072 H
881 2011 1120 2072 istm-ici
1149 2013 1408 2092 allegati
1438 2013 1824 2073 contrarium
1854 2019 2196 2074 testantur.
2274 2013 2425 2075 Cum

213 2116 380 2176 enim
427 2116 640 2178 dicant
681 2113 953 2200 (fatente
1000 2115 1361 2197 Cardinale)
1402 2136 1537 2177 eum
1582 2116 1878 2192 timuisse,
1925 2136 2001 2177 ne
2046 2117 2124 2177 ab
2168 2117 2425 2197 imperio

212 2218 469 2280 caderet
481 2216 531 2294 ¹¹,
566 2219 680 2280 hoc
723 2219 856 2299 ipso
902 2222 1228 2279 censentur
1273 2218 1496 2294 dicere,
1532 2218 1811 2279 timuisse
1846 2220 2427 2281 excommunicatio-

213 2344 373 2386 nem.
467 2326 558 2387 At
605 2324 734 2387 duo
778 2323 913 2387 haec
961 2323 1265 2385 distincta
1308 2330 1478 2399 sunt,
1512 2323 1772 2402 imperio
1814 2323 2055 2399 cadere,
2089 2331 2155 2385 et
2184 2344 2426 2385 earcom-

211 2428 547 2491 municari.
640 2426 884 2490 Metuit
916 2424 1669 2502 excommunicationem,
1703 2445 1788 2488 ne
1832 2424 2102 2507 imperio
2149 2425 2424 2503 caderet,

214 2552 437 2613 quam,
469 2531 594 2593 nisi
639 2531 909 2613 imperio
954 2551 1237 2607 casuruS,
1271 2550 1403 2592 non
1433 2529 1790 2591 metuisset.
1884 2529 2034 2592 Post
2064 2527 2295 2592 stactes
2325 2550 2427 2593 res

216 2655 393 2711 suaS,
443 2641 507 2696 et
549 2635 687 2716 jam
732 2655 893 2715 pene
939 2653 1203 2710 eversas,
1236 2639 1378 2714 post
1409 2630 1614 2693 filium
1647 2630 1855 2693 navali
1899 2631 2117 2713 praelio
2146 2639 2426 2714 captum,

213 2745 362 2820 post
409 2737 754 2799 Procerum
797 2736 1222 2799 defectionem
1256 2756 1294 2798 a
1325 2755 1394 2798 se
1425 2734 1507 2797 ad
1539 2734 1940 2812 Pontificem,
1974 2741 2113 2797 tum
2160 2733 2421 2798 demum

214 2841 439 2902 metuit
497 2840 1255 2902 Excommunicationem:
1325 2839 1423 2901 vel
1483 2837 1716 2921 potius,
1778 2837 1967 2920 plane
2027 2859 2160 2901 non
2211 2840 2430 2901 metuit

215 2943 420 3020 illam,
453 2942 564 3006 sed
595 2943 723 3021 illa,
759 2965 902 3026 quae
933 2950 1107 3006 certo
1138 2942 1261 3006 sibi
1291 2941 1451 3004 vidit
1482 2948 1810 3018 eventura,
1843 2940 1913 3002 ni
1944 2947 2169 3002 metum
2199 2962 2330 3023 prae
2360 2963 2428 3005 se

220 3047 440 3124 ferret,
475 3046 659 3129 quasi
688 3053 983 3108 metueret
1008 3047 1385 3122 Censuram,
1412 3052 1496 3121 et,
1524 3043 1594 3107 ni
1626 3043 1782 3106 solvi
1813 3064 1879 3106 se
1910 3064 1986 3106 ea
2014 3044 2423 3127 quaesivisset.

228 3150 471 3226 Quare,
523 3171 692 3232 aegre
739 3149 1005 3212 tandem
1047 3148 1414 3231 impetravit
1462 3169 1500 3209 a
1545 3168 1632 3224 se,
1681 3145 1762 3209 ad
1804 3145 1916 3208 illa
1960 3153 2097 3209 tam
2140 3146 2315 3210 foeda
2359 3169 2429 3211 se

220 3253 601 3329 demittere3
648 3253 719 3314 ni
767 3253 1023 3330 faceret,
1055 3252 1188 3315 filio
1233 3250 1551 3314 cariturus
1598 3256 1663 3313 et
1710 3248 2018 3332 imperio:
2068 3251 2122 3314 si
2164 3251 2427 3330 faceret,

220 3364 500 3438 utroque
530 3355 859 3419 fruiturus

285 3538 654 3603 Cuspinianum
684 3575 697 3587 .
732 3576 744 3588 .
779 3540 995 3590 aliorum
1031 3539 1325 3588 testimonio
1355 3537 1562 3588 destitui
1566 3572 1760 3586 .....
1790 3537 2107 3601 Onuphrius¹
2137 3574 2149 3586 .
2177 3574 2189 3586 .
2212 3574 2226 3588 .
2251 3540 2431 3590 scribit

352 3621 530 3669 'Furcae
564 3621 771 3671 fratrem
803 3621 1024 3670 naturali
1059 3621 1233 3670 morbo
1260 3620 1445 3682 Capuae
1481 3619 1926 3683 periisse—[Bell.
1956 3619 2104 3683 Apol.
2134 3634 2226 3683 pro
2257 3620 2428 3686 Resp]

351 3718 400 3765 p.
426 3704 537 3751 214.
569 3702 706 3767 [Op.,
726 3707 848 3752 tom.
863 3703 950 3752 vii.
981 3703 1072 3751 col.
1099 3705 1208 3752 824.
1235 3702 1291 3751 Β.
1310 3701 1386 3765 0.]

309 3801 416 3864 Ad
450 3801 832 3868 Quintam-k.
923 3800 1354 3884 Cuspinianus
1391 3800 1443 3862 si
1487 3799 1685 3862 habet
1717 3799 1842 3883 sibi
1875 3798 2425 3880 Guicciardinum,
2457 3814 2572 3878 [(5.>
2610 3816 2689 3867 De

220 3906 262 3967 J
267 3906 503 3982 ovium,
554 3905 963 3983 Sabellicum,
1028 3905 1332 3968 Palmerii
1393 3901 1963 3967 Continuatorem¹
2023 3911 2426 3985 attestantes,
2452 3886 2687 4010 ἓξὲξ]

285 4049 307 4080 ¹
415 4039 496 4090 ide
526 4040 786 4091 Romuald.
816 4040 1049 4103 Archiep.
1086 4039 1274 4089 Salem.
1431 4037 1451 4069 Ι·
1487 4037 1643 4102 [Vide
1668 4038 1905 4101 Respons.
1927 4038 2069 4087 'l'orti
2106 4054 2154 4102 p.
2176 4041 2253 4089 88.
2289 4039 2427 4093 Edit.

214 4120 316 4168 apu
382 4104 560 4155 Batou.
588 4107 722 4154 Ann.
747 4105 878 4155 Eccl.
904 4104 968 4155 ad
990 4120 1104 4153 ann.
1132 4105 1273 4154 1177.
1368 4103 1549 4159 Polit.;
1608 4107 1660 4152 et
1706 4102 1831 4153 Bell.
1890 4103 2001 4167 Op„
2052 4109 2173 4153 tom.
2198 4105 2283 4155 vii.
2333 4108 2425 4157 col.

218 4185 361 4218 num.
387 4170 511 4218 lxxi.
542 4175 661 4219 tom.
689 4171 779 4218 xii.
815 4169 906 4218 col.
926 4169 1064 4231 726.]
1364 4169 1477 4219 679.
1503 4167 1589 4230 B.]

288 4233 311 4264 Β
346 4233 502 4297 [Vide
536 4234 765 4284 [aaziardi
797 4235 931 4296 Epit.
961 4234 1093 4282 Hist.
1123 4233 1272 4282 Univ.
1440 4231 1451 4262 ¹
1511 4234 1564 4310 [“
1593 4231 1886 4281 Alexander
1953 4232 2145 4295 Zizymi
2219 4234 2425 4284 fratrem

216 4314 328 4361 cap.
350 4302 459 4348 212.
497 4299 578 4349 fol.
605 4301 718 4348 cliv.
739 4300 816 4358 b.;
853 4305 904 4348 et
930 4298 1077 4348 Mart.
1105 4298 1276 4347 Polou.
1366 4312 1540 4359 magm
1564 4297 1713 4346 'l'urci
1738 4296 1945 4346 dederat
1966 4298 2073 4360 regi
2099 4298 2303 4355 Cal-olo:
2340 4300 2428 4349 sed

219 4365 407 4414 Chron.
447 4364 590 4413 Rom.
640 4364 770 4427 Imp.
817 4364 910 4414 sub
952 4363 1088 4412 Frid.
1129 4362 1167 4412 1.
1214 4362 1278 4412 ad
1368 4363 1523 4425 prius,
1563 4367 1623 4410 ut
1664 4363 1970 4425 suspicatum
2012 4367 2103 4420 est,
2128 4371 2429 4414 venenatum

217 4443 336 4478 ann.
362 4431 505 4478 1162.
539 4429 643 4479 Col.
675 4430 886 4492 Agripp.
912 4428 1081 4490 1616.]
1368 4426 1811 4475 toxico.”—Palm.
1858 4426 2023 4476 Pisan.
2062 4429 2117 4476 in
2143 4428 2325 4478 Chron.
2362 4430 2429 4479 ad

287 4492 298 4522 ¹
344 4493 593 4556 [Onuphr.
631 4495 839 4544 Panvin.
879 4495 935 4542 in
975 4493 1095 4542 Vita
1134 4493 1278 4542 Alex.
1367 4507 1484 4541 aun.
1511 4493 1653 4540 1494.
1676 4491 1983 4554 sol.1'.'O.b.]

221 4558 333 4617 Vl„
361 4574 404 4621 p.
427 4561 535 4609 356.
559 4559 622 4610 ad
648 4560 764 4609 calc.
792 4558 942 4623 Plan]
