3165 4959
995 392 1363 441 stomoma
1407 393 1773 442 mmmm.
2366 382 2490 444 121

280 548 641 614 Dominum
694 570 854 628 csse,
909 550 1291 614 Pontificem
1341 571 1636 617 servum:
1710 553 2006 630 Proinde,
2061 553 2194 614 sine
2245 558 2497 615 contra-

280 655 556 718 dictione
585 654 791 739 major
820 653 1135 717 Pontifice
1168 655 1328 719 Rex.

372 757 523 819 Sine
566 757 698 818 ulla
738 756 1231 819 contradictione
1273 756 1471 819 etiam
1513 756 1728 821 minor
1772 779 1810 820 a
1854 758 2096 842 majore
2127 757 2490 840 deponitur.

289 860 542 922 Certum
601 864 807 921 autem
865 867 959 921 est
1006 859 1388 924 Pontificem
1450 881 1490 922 a
1533 861 1706 942 Reye
1749 860 2001 944 deponi,
2062 883 2197 924 non
2247 862 2493 945 Regem

282 984 326 1024 a
358 960 682 1043 Pontifice‚
727 961 798 1024 iu
844 962 1038 1025 sacris
1069 962 1331 1046 quidem
1366 963 1568 1028 literis
1597 990 1610 1028 :
1645 966 1935 1047 proinde,
1975 966 2110 1028 sine
2139 967 2496 1029 contradic-

282 1068 473 1144 tione,
515 1066 733 1146 potior
784 1064 1101 1129 Pontifice
1156 1067 1297 1130 Rex
1341 1073 1460 1132 est.
1548 1068 1642 1133 At
1687 1075 1874 1131 erant
1920 1066 2247 1133 Cardinali
2293 1068 2492 1133 etiam

283 1176 671 1253 argumenta
701 1190 844 1252 quae
874 1170 1178 1252 neglexit,
1202 1170 1412 1234 multo
1442 1170 1729 1234 fortiora.
1822 1172 1972 1234 Sine
2003 1171 2493 1235 contradictione

283 1274 501 1338 minor
530 1294 568 1335 a
595 1274 721 1358 maj
730 1294 839 1336 ore
870 1274 1284 1340 conculcatur.
1321 1275 1470 1338 Sine
1514 1277 1648 1338 ulla
1693 1276 2184 1339 contradictione
2229 1276 2494 1339 minoris

285 1378 514 1441 collum
573 1399 611 1439 a
660 1377 905 1459 majore
965 1376 1181 1458 laqueo
1239 1378 1541 1441 inseritur
1557 1375 1593 1441 ¹.
1687 1379 1837 1441 Sine
1887 1380 2020 1441 ulla
2071 1380 2494 1441 controversia

286 1479 505 1541 minor
531 1478 760 1562 majori
790 1479 1114 1560 stapedum
1144 1486 1309 1544 tenet
1331 1491 1393 1546 ¹¹¹.
1486 1480 1799 1563 Neglexit
1830 1480 2090 1566 quidem
2119 1481 2294 1545 haec:
2343 1502 2492 1544 nam

284 1581 432 1645 haec
460 1581 655 1644 nimis
686 1582 757 1644 in
785 1602 926 1645 rem
957 1581 1306 1645 Cardinali.

354 1741 494 1806 [Jam
517 1756 634 1791 vero
668 1740 732 1791 de
767 1741 1082 1805 Presbyter-is
1114 1741 1290 1793 eadem
1324 1744 1454 1793 ratio
1483 1747 1574 1793 est.
1643 1742 1775 1793 Sunt
1799 1745 1938 1794 enim
1961 1744 2249 1808 Presbyteri
2282 1742 2497 1792 minoris

420 1823 614 1873 ordinis
645 1824 940 1884 sacerdotes,
964 1826 1017 1873 et
1038 1838 1268 1887 quamvis
1288 1824 1381 1873 sub
1406 1824 1684 1888 Episcopis,
1705 1828 1879 1875 tamen
1910 1829 2212 1889 potestatem
2246 1824 2345 1888 ipsi
2379 1839 2497 1886 quo·

423 1919 520 1968 que
541 1904 729 1954 habent.
750 1905 947 1954 animas
968 1904 1163 1967 ligandi
1183 1909 1335 1968 atque
1358 1905 1603 1965 solvendi,
1622 1905 1782 1968 Reges
1803 1911 1855 1956 et
1872 1906 2131 1970 Principes
2146 1905 2495 1965 benedicendi,

422 1990 476 2036 et
519 1985 831 2036 Sacrificium
875 1985 1004 2035 illud
1047 1985 1404 2036 admirandum
1448 1986 1755 2048 celebrandi,
1797 1987 1932 2051 quod
1972 1988 2245 2052 Angelicas
2282 1988 2497 2036 virtutes

422 2068 574 2130 longe
606 2067 1017 2215 appetat—Bell.
1042 2068 1192 2132 Apol.
1216 2083 1308 2133 pro
1330 2068 1476 2133 Resp.
1506 2083 1555 2133 p.
1574 2071 1670 2130 32„
1694 2074 1747 2119 et
1770 2069 1881 2134 Op„
1906 2074 2028 2119 tom.
2046 2071 2133 2119 vii.
2157 2069 2269 2119 coll.
2295 2068 2406 2120 722.
2430 2067 2494 2117 D.

424 2150 536 2201 723.
560 2150 605 2200 Δ

383 2267 629 2329 Verum
661 2266 1020 2331 Cardinalis
1057 2275 1299 2343 noster,
1333 2267 1680 2351 Presbyter
1722 2267 1916 2332 modo
1968 2265 2326 2331 Cardinalis
2374 2270 2491 2328 est.
2522 2275 2619 2340 [Do
2643 2274 2752 2336 dig·

292 2368 447 2431 Fuit
479 2368 832 2451 Episcopus
869 2369 1027 2449 (non
1056 2375 1277 2432 tamen
1307 2369 1739 2451 Cardinalis).
1779 2370 1919 2453 jam
1948 2369 2025 2450 (si
2058 2389 2209 2431 vera
2238 2367 2485 2447 narrat)
2521 2341 2728 2464 {issgffy

293 2470 611 2535 deductus
640 2477 738 2534 est
769 2470 983 2535 denuo
1011 2471 1082 2533 in
1110 2470 1323 2535 locum
1343 2471 1727 2554 Presbyteri,
1770 2471 1902 2554 (qui
1931 2477 2152 2534 tamen
2180 2470 2284 2533 vel
2313 2468 2498 2552 Epis·
2521 2466 2790 2531 terorum]

294 2575 470 2657 copis
511 2574 801 2657 superior
837 2575 946 2656 sit)
985 2575 1153 2658 quod
1185 2576 1407 2638 Patres
1439 2574 1997 2640 chalcedonenses
2026 2593 2160 2635 uno
2191 2593 2301 2634 ore
2333 2572 2502 2634 dice-

294 2689 443 2741 rent
472 2679 928 2760 sam-ileyiumn.
976 2678 1371 2760 Presbyteri-9
1399 2698 1552 2760 ergo
1575 2677 1771 2740 etiam
1803 2674 2146 2739 asserenda
2174 2673 2505 2753 majoritas

296 2802 414 2844 sua
442 2802 634 2862 supra
662 2782 884 2863 Reyes.
961 2781 1205 2846 Quidni
1236 2787 1455 2844 autem
1486 2800 1683 2862 supra
1713 2780 1922 2860 Reges
1939 2779 1969 2840 ¹?
2064 2776 2135 2838 Si
2162 2775 2505 2856 Anyelicas

296 2887 562 2947 virtutes
608 2885 803 2966 longe
854 2891 1179 2966 superant,
1234 2886 1429 2948 etiam
1467 2882 1795 2946 Cherubim
1839 2888 1904 2943 et
1952 2879 2264 2959 Seraphin
2306 2877 2501 2960 ipsos,

299 2993 525 3069 utpote
557 2987 892 3049 Creatores
924 2987 1244 3050 Creatoris
1282 2986 1380 3050 sui
1399 2998 1446 3049 ⁰.
1537 2986 1682 3048 Nec
1713 2984 1876 3047 serio
1906 2991 2126 3045 tamen
2155 2981 2249 3044 ita
2278 2979 2505 3044 evehet

297 3110 369 3153 se
409 3087 642 3171 (credo)
673 3087 1033 3152 Cardinalis
1053 3109 1246 3171 super
1264 3086 1569 3171 Angelos,
1597 3086 1909 3169 (quamvis
1937 3084 2130 3148 faciat
2153 3084 2503 3160 interdum,

298 3194 407 3257 cui
437 3191 730 3255 faciendo
758 3212 881 3255 nec
911 3213 1096 3275 pares
1129 3193 1257 3255 sint
1290 3191 1567 3273 Angeli,)
1607 3196 1683 3253 ut
1712 3211 1790 3253 ex
1818 3190 1990 3254 facto
2019 3190 2233 3273 aliquo
2263 3187 2389 3272 maj
2398 3208 2507 3250 ore

298 3297 685 3377 majoritatis
707 3299 817 3380 jus
847 3296 1264 3360 statuendum
1294 3316 1429 3357 non
1460 3295 1564 3357 sit.

392 3399 634 3462 Maluit
710 3421 862 3481 ergo
923 3399 1002 3462 de
1066 3397 1438 3463 hominibus
1514 3419 1708 3481 quam
1773 3397 1853 3461 de
1913 3396 2075 3461 coelo
2145 3394 2509 3478 exemplum

300 3523 598 3566 sumere:
649 3501 729 3565 de
757 3501 1103 3565 Ambrosio
1134 3500 1564 3564 Theodosium
1613 3506 1890 3576 arcente,
1940 3520 2022 3562 ne
2068 3499 2319 3560 sederet
2349 3486 2507 3560 'cum

302 3604 707 3689 Presbyteris
724 3630 745 3683 3
810 3604 890 3668 de
942 3603 1217 3667 Martini
1279 3602 1685 3687 Presbytero,
1747 3622 1878 3683 prae
1927 3621 2055 3682 quo
2102 3620 2222 3661 nec
2276 3598 2512 3679 dignus

304 3708 690 3792 Imperator,
725 3707 835 3791 qui
864 3712 1151 3790 pateram
1182 3705 1435 3769 libaret.

371 3902 385 3935 ¹
434 3904 522 3953 διε
560 3903 676 3952 ban.
701 3902 764 3952 de
786 3901 991 3951 Osculat
1026 3900 1216 3950 Pedum
1242 3900 1364 3949 Pon.
1454 3900 1509 3949 in
1546 3914 1646 3961 quo
1674 3896 2164 3947 excommunicmit.
2265 3910 2401 3952 .,eos
2429 3896 2519 3958 qui

308 3986 357 4033 p.
383 3969 461 4020 70.
586 3968 680 4016 ihil
714 3968 787 4017 ibi
815 3966 879 4016 de
903 3968 1080 4029 laqueo
1103 3967 1367 4016 inventum
1493 3979 1547 4013 ro
1581 3961 1929 4012 ecclesiasticis
1962 3960 2235 4009 honoribus
2279 3960 2519 4009 laicorum

305 4040 397 4083 est.
449 3969 524 4082 Cf[.
550 4033 752 4094 infraq)
753 4029 919 4094 ..]141
1493 4029 1688 4077 omines
1730 4027 1893 4085 fiunt;
1932 4025 2105 4074 dicens
2142 4025 2299 4073 nimis
2330 4040 2522 4073 execra-

371 4106 405 4128 “
430 4097 637 4147 Kmntz.
674 4047 878 4161 [Βιιιοιι.
941 4095 1034 4146 lib.
1055 4096 1119 4144 vi.
1160 4109 1219 4144 ca
1457 4093 1561 4142 bile
1584 4091 1761 4151 videri,
1794 4096 1853 4140 ut
1876 4105 2070 4148 manus,
2094 4104 2208 4151 quae
2242 4089 2297 4137 in
2323 4093 2522 4138 tantam

311 4164 389 4226 [p.
415 4165 525 4213 147.
554 4162 778 4211 Francos.
802 4160 866 4210 sd
949 4159 1217 4211 oen.1575.
1459 4157 1792 4208 eminentiam
1832 4159 2327 4205 excreverunt...ut
2357 4152 2522 4203 Deum

376 4226 749 4288 ’'[Erwxorov
782 4225 851 4275 εἰς
894 4226 1222 4289 πρεσβυτέραν
1263 4228 1374 4279 βαθ-
1461 4226 1643 4271 cuncta
1663 4224 1915 4269 creantem
1952 4233 2042 4268 suo
2071 4217 2331 4279 signaculo
2353 4221 2526 4266 creent

305 4292 403 4352 μὸν
454 4290 629 4354 φέρων,
686 4290 933 4353 ἱεροσυλία
987 4290 1134 4338 ἐστίν.
1149 4288 1376 4337 —Conc.
1464 4323 1476 4335 .
1500 4322 1514 4335 .
1538 4320 1552 4333 .
1577 4321 1591 4334 .
1617 4286 1673 4333 in
1706 4284 1836 4333 hanc
1869 4282 2125 4345 ignaviam
2146 4282 2228 4331 vel
2249 4281 2524 4331 stultitiam

309 4354 500 4420 Chalc]
526 4355 645 4404 Can.
672 4356 816 4403 xxix.
843 4353 1022 4417 [Cone.
1046 4359 1168 4403 tom.
1192 4352 1259 4403 iv.
1282 4352 1375 4401 col.
1462 4349 1825 4399 detrudantur?
1826 4347 2029 4409 ’—Rog.
2065 4346 2258 4396 Hoved.
2293 4347 2432 4396 citat.
2469 4347 2525 4396 in

309 4422 421 4472 770.
447 4420 500 4469 C.
512 4417 595 4482 D.]
1465 4414 1657 4466 Concil.
1693 4412 2150 4463 Romana-Cone.
2187 4415 2309 4462 tom.
2339 4426 2388 4461 x.
2428 4412 2522 4461 col.

376 4484 488 4548 ⁰·‘[
510 4486 662 4533 Anno
686 4482 940 4533 MXCIX.
978 4481 1213 4531 Urbanus
1245 4480 1382 4543 Papa
1466 4479 1576 4531 617.
1593 4477 1657 4527 D.
1679 4475 1760 4542 132]

400 4564 677 4612 ,magnum
693 4548 980 4598 Concilium
1004 4547 1172 4596 tenuit
1186 4546 1380 4603 Romae,
