3165 4959
384 1398 461 1463 [S.
488 1399 639 1463 Chry·

378 1465 662 1531 sostomua]

481 2004 560 2063 41

364 3235 442 3299 [S.
468 3236 582 3301 Eph

361 3301 512 3365 rem]

707 315 791 377 52
1336 331 1421 377 AD
1465 332 1850 380 CARmNAms
1893 330 2290 379 nummum

704 505 818 547 seu
861 491 1250 547 monumenta
1292 488 1597 569 tantum.)
1690 488 1886 568 Apud
1931 488 2298 568 Martyrum
2349 485 2562 546 thecas
2605 483 2914 558 invocare,

706 597 792 665 et,
828 589 1154 670 Martyres
1183 591 1492 668 invocare,
1527 601 1846 674 quantum
1875 591 2195 654 interest?
2286 590 2498 665 Certe,
2533 588 2588 650 si
2620 585 2776 670 quid
2807 585 2915 648 hic

710 692 1025 756 Eusebius
1096 694 1176 756 de
1236 696 1624 758 invocatione
1684 695 1924 773 scribit,
1991 697 2204 757 thecas
2260 693 2642 756 invocanda-3
2689 689 2915 754 scribit

707 796 1094 879 Martyrum,
1127 819 1259 861 non
1290 800 1616 882 Martyres
1646 800 1836 882 ipsos..
1900 800 2000 862 De
2023 820 2149 881 quo
2172 797 2402 861 viderit
2424 794 2802 873 CardinaIiS,
2828 815 2917 856 an

704 899 1029 980 Reliquias
1056 921 1222 978 suas,
1247 922 1381 965 non
1411 902 1672 965 adorari
1703 902 1914 981 modo,
1947 924 2171 965 verum
2201 901 2398 964 etiam
2427 899 2707 961 invocari
2737 897 2911 960 velit.

768 1026 821 1075 8.
845 1026 1098 1089 Chrysost.
1119 1064 1131 1076 .
1152 1064 1165 1077 .
1191 1064 1203 1076 .
1233 1029 1287 1077 in
1310 1034 1433 1078 orat..
1459 1028 1522 1077 de
1537 1028 1624 1079 SS.
1645 1028 1677 1078 J
1683 1030 1924 1079 uventino
1947 1034 1999 1078 et
2017 1028 2266 1078 Maximo.
2288 1030 2302 1054 ‘
2315 1026 2539 1090 Saepius,'
2562 1025 2747 1087 inquit,
2766 1024 2916 1073 ‘illos

833 1110 1124 1171 invisamus,
1147 1112 1370 1162 tumulos
1403 1112 1683 1173 adoremus,
1719 1126 2003 1175 magnaque
2037 1111 2139 1160 fide
2172 1110 2412 1173 reliquias
2445 1123 2617 1158 eorum
2652 1108 2914 1169 continga-

831 1206 962 1251 mus,
977 1198 1035 1241 ut
1049 1192 1165 1242 inde
1188 1193 1591 1243 benedictionem
1615 1194 1836 1256 aliquam
1852 1191 2448 1258 assequamures-[Beu
2469 1190 2614 1254 Apol.
2634 1204 2725 1254 pro
2740 1188 2910 1252 Resp]

834 1289 882 1338 p.
901 1277 977 1323 14.
1005 1274 1144 1339 [Op.,
1169 1280 1292 1325 tom.
1313 1274 1403 1325 vii.
1429 1276 1540 1325 coll.
1566 1276 1678 1327 512.
1705 1276 1766 1325 D.
1792 1276 1902 1327 713.
1928 1276 2020 1339 A.]

796 1383 923 1445 Sed
951 1403 1161 1465 neque
1203 1384 1700 1467 Chrysostomus
1745 1405 1891 1447 vere
1936 1384 2173 1459 etiam3
2220 1379 2334 1445 ubi
2382 1380 2703 1464 geminam
2734 1379 2913 1442 frau-

704 1487 851 1550 dem
882 1487 1159 1570 reperias
1185 1514 1200 1553 :
1248 1488 1327 1551 de
1355 1489 1581 1552 Graeco
1613 1489 1902 1566 alteram,
1928 1488 2196 1550 alteram
2230 1486 2308 1549 de
2329 1485 2583 1549 Latino,
2638 1486 2695 1547 1.
2729 1485 2910 1547 Nam

701 1596 767 1653 et
801 1592 1022 1654 Graece
1050 1589 1370 1677 λάρνακος
1399 1585 1751 1669 ἅπτεσθαι,
1785 1597 1883 1654 est
1931 1589 2249 1673 capsulam
2281 1594 2535 1670 tangere
2555 1615 2574 1649 .·
2653 1593 2912 1667 tanyere

672 1686 918 1756 'autem
949 1696 1267 1774 capsulam
1294 1694 1525 1777 (credo)
1566 1715 1700 1758 non
1730 1701 1827 1756 est
1859 1693 2145 1756 adorare.
2208 1692 2365 1755 Non
2383 1692 2671 1755 adoravit
2699 1690 2909 1753 filium

698 1796 907 1859 viduae
953 1797 1153 1860 Naim
1204 1798 1502 1860 Servator
1546 1805 1788 1874 noster,
1842 1790 2028 1881 cujus
2083 1816 2338 1878 capsam
2384 1796 2612 1877 tetiyit.
2703 1798 2765 1859 2.
2814 1796 2907 1858 Et

700 1921 850 1963 vero
881 1901 1076 1963 etiam
1109 1902 1360 1978 Latine,
1395 1894 1572 1965 fraus
1616 1902 1758 1965 alia.
1858 1901 2055 1979 Nam,
2107 1922 2254 1963 cum
2305 1900 2635 1984 Interpres
2678 1901 2906 1965 vertis-

703 2012 819 2081 set,
860 2005 1147 2067 Tumulos
1194 2005 1565 2067 adornemus
1589 2030 1613 2068 .·
1659 2004 2030 2068 adornemus
2076 2003 2437 2068 Cardinah's
2495 2004 2768 2089 mutavit
2831 2005 2906 2067 in

702 2109 1046 2171 adoremus.
1137 2109 1392 2172 Deinde
1424 2108 1684 2191 subjicit
1709 2134 1725 2183 ;
1786 2108 1955 2181 Quid
1980 2109 2101 2186 laic,
2135 2128 2356 2189 quaeso,
2388 2108 2530 2169 Rex
2560 2107 2774 2171 dicet?
2829 2111 2908 2172 Si

700 2212 931 2273 Patres
960 2212 1502 2274 veterisEcclesiae
1533 2213 1826 2289 clamant,
1855 2212 2229 2274 Sanctorum
2260 2213 2525 2273 tumulos
2555 2212 2907 2291 adoremuS,

698 2314 995 2396 quomodo
1040 2315 1181 2376 Rex
1223 2316 1450 2376 veteris
1492 2310 1787 2378 Ecclesioe
1817 2313 2016 2396 fidem
2048 2315 2298 2392 retinet,
2341 2320 2401 2379 et
2439 2314 2692 2376 iuterim
2723 2314 2904 2393 dicit,

694 2418 1130 2500 Reliquiarum
1183 2418 1474 2482 adoratio
1521 2416 1939 2482 intolerabilis
1983 2414 2347 2482 idololatria
2388 2419 2536 2483 est?
2624 2419 2907 2484 Videtur

694 2543 848 2604 crgo
890 2544 1100 2587 causae
1151 2524 1484 2585 Cat-dinem
1523 2522 1594 2584 in
1641 2522 1764 2585 hoc
1803 2523 2179 2588 testimonio
2222 2546 2478 2607 ponere,
2512 2524 2615 2587 cui
2656 2525 2747 2588 sic
2792 2547 2906 2608 ap-

692 2626 962 2709 plaudit,
1031 2628 1318 2691 Tumulos
1377 2629 1723 2692 adoremus.
1825 2630 1994 2702 Quid
2050 2633 2171 2707 hic,
2223 2651 2444 2712 quecea,
2496 2631 2637 2694 Rex
2684 2632 2904 2695 dicet?

696 2734 906 2812 Dicet,
939 2734 1159 2798 abesse
1188 2735 1323 2796 voci
1353 2735 1622 2812 literam,
1665 2734 1992 2797 Cardinali
2009 2733 2226 2815 fidem.

756 2868 805 2918 S.
830 2869 1053 2933 Ephrem
1085 2870 1139 2919 in
1179 2869 1284 2919 Ser.
1318 2868 1382 2918 de
1416 2869 1606 2919 laudib.
1642 2869 1693 2921 S.
1719 2869 1928 2933 Martyr.
1996 2873 2011 2897 ‘
2036 2870 2334 2930 Precamur,'
2365 2871 2548 2934 inquit,
2585 2871 2898 2923 ‘beatissimi

819 2952 1082 3015 Martyres,
1107 2957 1165 3001 ut.
1188 2966 1278 3014 pro
1300 2952 1447 3001 nobis
1473 2952 1673 3001 miseris
1693 2958 1746 3001 et
1768 2952 2111 3015 peecatoribus
2134 2952 2413 3002 Dominum
2444 2953 2766 3017 interpellare
2789 2954 2900 3017 dig-

818 3034 1029 3089 nemini,
1055 3039 1113 3082 ut
1145 3035 1465 3097 superveniat
1497 3034 1554 3082 in
1591 3048 1682 3083 nos
1710 3034 1878 3096 gratia
1909 3033 2400 3099 christid.”-[Beu.
2427 3035 2576 3099 Apol.
2601 3051 2692 3100 pro
2716 3036 2893 3101 Resp]

818 3128 868 3177 p.
895 3117 974 3164 15.
1014 3115 1149 3178 [Op.‚
1174 3119 1296 3164 tom.
1318 3115 1406 3163 vii.
1431 3113 1522 3164 col.
1550 3116 1661 3166 713.
1687 3115 1781 3180 A.]

775 3224 838 3284 2.
872 3221 1155 3285 Proximi
1185 3232 1336 3285 sunt
1367 3222 1487 3299 his,
1521 3223 1633 3306 qui
1661 3223 1783 3306 ipsi
1812 3246 1974 3308 opus
2003 3224 2266 3303 habent,
2299 3232 2373 3287 ut
2404 3225 2595 3288 fidem
2630 3226 2710 3289 de
2738 3225 2898 3310 ipsis

688 3324 900 3403 faciat,
932 3325 1305 3409 priusquam
1337 3326 1529 3389 fidem
1564 3326 1708 3409 quis
1748 3327 1943 3392 faciat
1977 3350 2055 3393 ex
2096 3328 2248 3411 ipsis
2267 3354 2284 3404 ;
2332 3335 2406 3391 ut
2438 3329 2548 3412 qui
2577 3350 2710 3393 non
2739 3331 2897 3394 satis

686 3436 1035 3512 perspectae
1094 3428 1243 3492 fidei
1301 3429 1452 3492 sint.
1542 3430 1687 3492 Nec
1747 3430 1921 3493 enim
1968 3431 2239 3514 integrae
2291 3431 2443 3493 satis
2492 3433 2896 3496 auctoritatis

684 3533 976 3616 Ephrem
1022 3531 1131 3597 hic
1184 3540 1414 3610 vester,
1458 3554 1666 3616 nuper
1718 3541 1941 3597 erutus
1992 3555 2028 3598 e
2080 3541 2323 3619 crypta,
2373 3541 2564 3618 atque
2607 3536 2702 3599 ita
2744 3537 2897 3601 fidei

685 3639 980 3719 crypticoe
1001 3664 1020 3701 .-
1085 3657 1206 3700 nec
1260 3638 1485 3702 Graece
1545 3645 1768 3700 tamen
1828 3637 2060 3716 edituS,
2122 3638 2235 3701 sed
2293 3633 2559 3704 edoctus
2617 3661 2657 3704 a
2714 3637 2896 3705 vobis

618 3793 623 3798 ,
685 3742 921 3805 Latine
948 3741 1145 3826 loqui,
1179 3762 1451 3823 quorum
1483 3740 1596 3807 diu
1634 3742 1772 3824 jam
1805 3749 2132 3826 pertusam
2170 3742 2241 3808 in
2277 3735 2376 3808 his
2418 3736 2613 3808 fidem
2644 3747 2896 3827 experti

684 3866 927 3923 sumna,
989 3854 1184 3928 atque
1231 3846 1472 3908 animos
1528 3844 1644 3906 sub
1701 3844 1894 3925 Vulpe
1947 3845 2262 3907 latentes&
2355 3843 2580 3928 Longe
2629 3848 2891 3929 quidem

681 3948 870 4012 aliter
916 3950 1119 4013 Tomo
1168 3948 1375 4032 primo
1418 3968 1762 4030 germanus
1811 3947 2118 4029 Ephrem,
2175 3947 2311 4030 (ubi
2354 3957 2495 4013 orat
2546 3949 2701 4032 ipse,
2756 3973 2891 4016 non

680 4054 968 4136 perorat)
999 4053 1198 4115 Deum
1229 4051 1435 4115 solum
1464 4050 1533 4113 in
1566 4050 1744 4115 omni
1779 4071 1965 4133 prece
1997 4052 2358 4134 compellat,
2393 4074 2511 4117 nec
2543 4054 2641 4117 vel
2672 4058 2886 4119 nomi-

737 4221 761 4242 ⁶
798 4211 1043 4273 [Συνεχῦς
1080 4213 1241 4261 τοίνυν
1279 4214 1440 4261 αὐτοῖς
1479 4210 1733 4274 ὃπιχωριᾶ·
1882 4211 1904 4243 ‘¹
1942 4212 2311 4274 [npwfln'nran
2344 4213 2469 4275 ἅγιοι
2503 4215 2617 4276 ὑπὲρ
2639 4216 2768 4277 ἡμῶν
2789 4222 2889 4268 τῶν

677 4274 844 4334 super,
870 4278 947 4326 καὶ
969 4279 1056 4335 τῆς
1089 4275 1327 4339 λάρνακος
1354 4276 1626 4336 ἁπτόμεθα,
1656 4278 1737 4326 καὶ
1821 4279 2025 4338 χαυνῶν,
2049 4277 2127 4326 καὶ
2152 4281 2460 4341 apamensem,
2478 4314 2490 4328 .
2511 4316 2524 4328 .
2543 4282 2646 4329 Jva
2669 4282 2784 4348 (λθῃ
2808 4286 2885 4348 ἐφ’

676 4343 799 4399 μετὰ
816 4340 1022 4391 πίστεως
1043 4343 1144 4391 τοῖς
1166 4341 1403 4392 λειψάνοις
1425 4343 1581 4390 αὐτῶν
1606 4360 1737 4405 περι·
1820 4342 1944 4399 ἡμᾶς
1968 4343 1999 4400 ἡ
2024 4345 2163 4402 χάρις
2184 4344 2272 4391 τοῦ
2289 4345 2578 4402 Χριστοῢ.-
2587 4345 2740 4407 Ephr.
2763 4347 2881 4410 Syr.

675 4403 982 4463 πλεκῶμεθα,
1003 4406 1082 4453 ἵνα
1105 4406 1329 4465 εὐλογίαν
1349 4423 1457 4454 τινα
1475 4404 1741 4455 cranao&-
1823 4403 2121 4455 Eueomium
2146 4407 2201 4455 in
2229 4407 2488 4469 Martyres.
2526 4408 2617 4472 Op.
2644 4409 2806 4461 Οτι-ωε.
2831 4420 2886 4465 et

675 4472 795 4525 μεθα
827 4470 1163 4517 &nerem—S.
1192 4469 1362 4531 Chrys.
1392 4470 1545 4519 Hom.
1563 4470 1627 4519 de
1650 4469 1738 4522 SS.
1823 4470 1952 4528 Lat„
1979 4476 2102 4519 tom.
2122 4472 2196 4520 iii.
2222 4487 2268 4535 p.
2286 4475 2397 4521 251.
2424 4473 2614 4534 Romae,
2639 4476 2766 4524 1746
2790 4478 2813 4544 J

673 4529 704 4577 J
713 4535 879 4580 uvent.
897 4536 950 4580 et
968 4531 1104 4580 Max.
1123 4532 1233 4596 Op.‚
1250 4539 1372 4583 tom.
1388 4548 1433 4583 v.
1453 4548 1501 4597 p.
1520 4533 1652 4597 536]
1835 4589 1840 4610 1
1881 4542 1907 4574 0
1945 4534 2098 4600 [Hor.
2125 4534 2215 4600 Ep.
2239 4536 2305 4587 sd
2332 4537 2499 4590 Pison.
2524 4537 2612 4588 lin.
2637 4540 2779 4604 437.]
