3165 4959
488 3176 620 3240 259

726 335 854 396 358
1354 346 1439 393 AD
1485 345 1868 394 cAnmNan
1912 344 2309 392 samnium

727 503 806 566 de
837 522 947 566 eo:
997 500 1234 584 aliquid
1264 500 1419 564 inde
1449 500 1549 563 vel
1577 499 1913 583 pulvisculi
1944 506 2398 582 asportassent,
2431 520 2558 581 quo
2591 500 2672 562 de
2700 506 2946 563 natura

726 605 844 668 soli
872 604 1115 687 aliquid
1144 603 1333 667 nobis
1361 604 1661 686 liqueret.
1750 603 1893 666 Nec
1929 602 2236 665 Historiae
2268 610 2513 665 veteres
2552 603 2648 665 ita
2675 602 2948 685 penitus

727 708 1024 771 silerent:
1093 728 1213 770 nec
1264 706 1493 785 nostri,
1543 705 1655 788 qui
1707 705 1927 769 orbem
1979 706 2115 790 jam
2169 712 2383 768 totum
2434 712 2609 769 terra
2646 706 2949 789 marique

724 813 1142 893 perlustrant,
1172 831 1311 873 rem
1338 809 1504 872 nulli
1526 808 1863 873 obscuram
1894 807 2164 886 tamdiu,
2197 808 2296 871 vel
2327 829 2461 871 non
2489 809 2808 887 viderent,
2841 810 2945 873 vel

724 915 925 977 visam
958 935 1107 977 suos
1137 913 1304 976 clam
1333 911 1671 976 haberent.

812 1018 1164 1099 Utcunque
1193 1035 1363 1094 vero,
1397 1035 1473 1078 ea
1512 1014 1592 1077 de
1636 1021 1841 1077 monte
1881 1013 2154 1097 sublimi,
2185 1020 2252 1076 et
2289 1014 2485 1076 Imm
2525 1015 2784 1092 vicinia,
2828 1014 2945 1078 ab·

726 1120 920 1183 surda
947 1120 1249 1184 videntur
1276 1117 1376 1182 vel
1408 1117 1757 1196 cardinali,
1782 1115 1908 1180 nisi
1938 1137 2015 1180 eo
2043 1122 2266 1179 tamen
2295 1116 2674 1180 Paradisum
2708 1118 2947 1196 elevet,

725 1225 831 1287 vix
862 1246 901 1288 a
931 1223 1336 1308 Cataclysmo
1365 1220 1706 1285 tutabitur.
1797 1221 1904 1298 Et,
1938 1220 2195 1302 quando
2233 1220 2463 1282 abrasa
2481 1241 2606 1301 per
2635 1221 2948 1284 diluvium

710 1328 923 1408 facies
963 1328 1120 1390 bona
1159 1333 1342 1390 terroe
1387 1325 1500 1407 (ait
1529 1324 1900 1406 Abulensis)
1936 1329 1997 1386 et
2024 1323 2468 1405 superinducta
2498 1330 2714 1386 musta
2757 1344 2944 1402 nova,

726 1429 1083 1512 superficies
1111 1432 1373 1493 limosa:
1419 1429 1530 1491 via·
1559 1434 1709 1509 apta
1741 1433 1871 1490 tum
1910 1427 2032 1489 erit
2073 1426 2516 1488 alimentandis
2545 1426 2785 1489 duobus
2813 1428 2946 1489 illis

727 1535 948 1597 Enoch
995 1538 1057 1595 et
1091 1532 1310 1594 Eliaev.
1399 1531 1546 1594 Nec
1593 1529 1941 1594 Abulensis
1982 1529 2051 1592 id
2096 1528 2279 1592 dabit
2318 1550 2643 1611 unquam:
2708 1530 2824 1612 qui
2871 1529 2946 1594 in

728 1643 952 1699 monte
993 1635 1189 1698 situm
1219 1633 1441 1711 voluit,
1475 1632 1756 1697 sedecim
1785 1632 2015 1696 saltem
2055 1631 2423 1695 cubitorum
2457 1652 2763 1695 mensura
2791 1632 2945 1695 reli-

730 1739 872 1821 quis
917 1736 1250 1800 montibus
1296 1736 1557 1799 altiore:
1607 1755 1734 1817 quo
1776 1734 1889 1811 ita,
1928 1754 2071 1817 quae
2118 1755 2310 1817 supra
2352 1734 2635 1817 reliquos
2679 1742 2945 1798 montes

730 1840 1099 1923 quindecim
1145 1839 1382 1904 cubitis
1430 1839 1881 1916 ascenderunt,
1934 1858 2116 1920 aquae
2160 1836 2454 1901 cubitum
2499 1859 2707 1901 unum
2742 1838 2947 1902 relin-

729 1949 1021 2025 querent,
1056 1962 1181 2024 quo
1211 1940 1554 2005 Paradisus
1584 1941 1649 2003 in
1696 1940 1866 2004 sicco
1893 1941 2061 2004 foret
2071 1953 2120 2004 ⁴³.
2215 1942 2486 2018 Verum,
2518 1941 2571 2002 si
2610 1960 2803 2004 mons
2831 1941 2944 2005 ille

725 2044 886 2119 fuit,
931 2051 997 2106 et
1038 2063 1188 2106 eum
1224 2044 1407 2123 aquis
1436 2044 1672 2123 operiri
1702 2042 2010 2125 oportuit,
2043 2042 2275 2125 quibus
2314 2044 2515 2124 operti
2542 2050 2689 2106 sunt
2731 2065 2945 2107 omnes

726 2153 979 2210 montes.
1041 2147 1239 2222 Nam,
1270 2152 1346 2208 ut
1375 2146 1545 2209 circa
1574 2145 1955 2231 Paradisum
1986 2153 2187 2210 staret
2216 2168 2384 2229 aqua
2413 2146 2634 2210 diluvii
2661 2145 2943 2211 circum-

726 2251 890 2327 fusa,
923 2249 1093 2312 muri
1135 2249 1343 2311 instar
1382 2248 1478 2331 (ut
1522 2249 1595 2311 in
1639 2251 1804 2312 mari
1846 2251 2059 2332 rubro)
2104 2271 2187 2313 ne
2227 2249 2294 2312 id
2340 2249 2600 2332 quidem
2644 2259 2748 2313 sat
2793 2252 2944 2314 erit.

728 2351 1035 2437 Oportuit
1064 2352 1241 2417 enim
1286 2360 1575 2416 montem
1609 2353 1788 2434 aquis
1818 2353 2070 2433 operiri.
2161 2353 2268 2431 Et,
2300 2361 2376 2416 ut
2420 2352 2699 2435 operiret
2737 2352 2950 2437 igitur

736 2459 964 2539 (instar
980 2455 1257 2539 fornicis
1286 2477 1401 2520 seu
1424 2457 1628 2537 operis
1659 2457 2004 2539 camerati,)
2037 2454 2263 2519 deliria
2290 2461 2462 2534 sunt,
2488 2463 2554 2519 et
2577 2456 2714 2521 sine
2745 2477 2948 2522 causa

732 2561 1008 2624 conficta
1051 2559 1377 2623 miracula.
1466 2557 1793 2638 Infirmum
1840 2565 2059 2621 autem
2110 2559 2207 2639 (ut
2247 2558 2339 2621 ait
2367 2558 2609 2641 Viegas
2624 2559 2668 2640 ¹)
2723 2559 2944 2640 defen-

730 2665 925 2726 sionis
947 2685 1145 2745 glenus
1178 2670 1291 2742 est,
1323 2682 1461 2726 cum
1492 2667 1552 2724 te
1589 2662 1785 2724 sentis
1816 2661 2050 2742 umeri,
2083 2662 2172 2723 ad
2207 2661 2583 2744 [potentiam
2614 2661 2943 2740 Divinam,

730 2773 791 2828 et
822 2766 940 2849 ad]
961 2766 1493 2842 eoetraordinam'a,
1514 2769 1575 2827 et
1605 2765 1855 2827 minime
1884 2764 2209 2827 credibilia
2239 2766 2547 2827 miracula
2561 2784 2941 2845 provocare.

735 2869 807 2931 Si
857 2870 1181 2934 incertum
1222 2871 1381 2953 jam,
1429 2890 1514 2932 an
1556 2868 1627 2931 in
1679 2888 1755 2931 eo
1805 2867 2033 2931 Enoch
2085 2874 2154 2930 et
2204 2867 2381 2931 Elias
2400 2893 2419 2945 ς
2482 2867 2808 2932 incertum
2855 2892 2942 2934 an

734 2971 1107 3035 Paradisus:
1154 2993 1299 3035 cum
1332 2971 1573 3054 absque
1603 2970 1731 3034 illis
1761 2969 1947 3045 foret,
1977 2977 2045 3033 et
2072 2969 2332 3034 illorum
2361 2969 2665 3054 hospitio,
2697 2971 2943 3035 diluvio

732 3072 965 3153 operiri
996 3094 1071 3135 ac
1100 3072 1443 3136 deformari
1470 3073 1773 3156 potuerit.

824 3173 896 3237 Si
914 3174 1256 3238 Paradisus
1285 3197 1436 3258 ergo
1459 3177 1599 3259 jam
1630 3176 1847 3239 nullus
1876 3174 1947 3238 in
1969 3175 2176 3253 terriS‚
2195 3196 2329 3238 non
2359 3182 2514 3239 sunt
2540 3173 2613 3237 in
2635 3175 2944 3241 Paradiso

729 3277 1022 3340 terrestri
1040 3277 1270 3342 Enoch
1300 3285 1366 3341 et
1387 3279 1582 3341 Elias.
1663 3279 1756 3342 At
1785 3277 1856 3341 in
1888 3278 2191 3342 Paradiso
2221 3298 2358 3342 esse
2375 3277 2514 3342 vult
2534 3272 2943 3356 Cardinalis3

731 3378 861 3441 sint
909 3401 1062 3464 ergo
1108 3379 1176 3442 in
1228 3382 1476 3458 coelesti,
1507 3381 1725 3463 ibique
1762 3383 1860 3463 (ut
1909 3383 2179 3444 coelestes
2223 3401 2338 3463 par
2383 3382 2506 3462 est)
2545 3382 2772 3444 mortis
2816 3382 2943 3445 im-

731 3503 983 3546 munes.
1076 3484 1223 3550 Qua
1251 3505 1400 3548 vero
1445 3485 1592 3547 coeli
1635 3485 1969 3548 mansione
2014 3484 2164 3556 sint,
2197 3492 2389 3567 atque
2426 3484 2498 3546 in
2539 3491 2736 3567 raptu
2772 3485 2943 3568 ipso,

795 3610 817 3640 Ρ
852 3601 1196 3666 [“Redeundo
1218 3601 1357 3652 adid
1387 3603 1521 3666 quod
1543 3603 1790 3679 incepera-
1874 3608 1989 3653 rent
2009 3603 2110 3653 duo
2132 3603 2213 3652 illi
2241 3603 2338 3652 viri
2368 3602 2578 3654 Henoch
2609 3607 2662 3653 et
2691 3602 2946 3653 Elias?—

730 3679 843 3714 mus
863 3671 1069 3729 tangere
1099 3668 1161 3716 de
1191 3667 1427 3717 Paradiso
1449 3671 1690 3726 terrestri,
1713 3671 1790 3717 est
1873 3668 2299 3730 Alphon.'1¹ostat.
2318 3667 2560 3717 Abulens.
2575 3667 2657 3731 in]
2686 3667 2810 3717 Gen.
2828 3669 2945 3718 xiii.

729 3730 958 3791 dubium,
979 3746 1045 3780 an
1076 3746 1222 3794 aquae
1258 3732 1442 3781 diluvii
1469 3732 1593 3780 illuc
1621 3746 1788 3795 perve-
1872 3731 2059 3789 Quaest.
2079 3734 2188 3785 117.
2214 3731 2345 3796 [Op..
2368 3736 2491 3782 tom.
2516 3732 2550 3781 i.
2573 3746 2621 3794 p.
2641 3734 2756 3781 209.
2780 3731 2841 3781 E..
2863 3733 2945 3796 R]

728 3796 914 3844 nerint.
962 3795 1246 3847 Dicendum
1274 3797 1409 3859 quod
1432 3800 1630 3859 oportet
1650 3796 1788 3859 poni,
1936 3806 1958 3836 «ι
1991 3795 2317 3862 [“Adistam
2338 3797 2666 3846 altitudinem
2688 3811 2838 3859 aquoe
2868 3798 2945 3847 di·

729 3860 863 3920 quod
890 3874 992 3909 non
1011 3861 1310 3911 intraverint
1330 3875 1475 3923 aquae
1492 3860 1674 3909 diluvii
1699 3859 1786 3908 Pa-
1872 3861 1997 3910 luvii
2021 3876 2124 3910 non
2147 3866 2499 3924 pervenerunt,
2523 3863 2643 3924 quia
2664 3859 2947 3912 destruxis-

728 3923 969 3983 radisnm,
999 3925 1180 3988 primo,
1204 3926 1324 3989 quia
1343 3929 1568 3988 tempore
1603 3924 1786 3974 diluvii
1872 3932 1986 3976 sent
2019 3940 2222 3976 omnem
2256 3925 2688 3990 pulchritudinem
2710 3926 2944 3989 paradisi

728 3993 836 4037 erat
885 3988 960 4038 ibi
1015 3989 1243 4048 Henoch,
1278 3990 1389 4053 Jam
1444 3991 1584 4038 enim
1638 3989 1786 4038 illum
1873 4027 1886 4039 .
1910 4027 1923 4040 .
1948 4028 1960 4041 .
1986 4027 1998 4039 .
2024 3995 2076 4040 et
2113 3991 2270 4053 aliqui
2311 3995 2508 4053 putant,
2542 3989 2676 4054 quod
2714 3991 2946 4041 altitudo

730 4053 1056 4104 transtulerat
1094 4055 1230 4104 Deus
1266 4055 1322 4104 in
1363 4054 1671 4106 Paradisum.
1697 4089 1709 4101 .
1734 4089 1748 4103 .
1772 4090 1784 4102 .
1873 4070 2116 4118 aquarum
2169 4055 2351 4113 diluvii
2396 4056 2596 4105 excedit
2640 4056 2942 4118 quindecim

731 4116 973 4177 Secundo,
997 4119 1117 4180 quia
1137 4119 1181 4167 si
1213 4118 1337 4168 illuc
1364 4134 1509 4181 aquoe
1538 4119 1788 4168 inti-civis·
1874 4120 2064 4170 cubitis
2099 4119 2428 4170 altitudinem
2472 4119 2561 4170 sed
2604 4135 2710 4169 non
2754 4121 2944 4185 illapsa

729 4187 857 4240 sent,
870 4182 1236 4232 destruxissent
1254 4187 1416 4233 totam
1438 4184 1786 4233 amoenitatem

728 4250 876 4295 terras
901 4247 1141 4297 Paradisi.
1167 4284 1178 4296 .
1203 4284 1215 4296 .
1240 4284 1252 4296 .
1278 4248 1361 4298 Sic
1382 4253 1552 4302 autem
1575 4253 1720 4304 esset,
1743 4248 1788 4296 si

728 4325 873 4371 aquus
927 4311 1110 4361 diluvii
1178 4313 1429 4363 intrarent
1490 4312 1787 4362 Paradisum

728 4377 1031 4436 terrestrem,
1073 4375 1373 4427 abraderent
1412 4378 1551 4428 enim
1607 4377 1784 4427 faciem

729 4441 876 4486 terroe
912 4440 1113 4500 bonam,
1147 4445 1200 4489 et
1242 4446 1505 4493 manerent
1545 4443 1788 4491 alimenta

730 4499 954 4550 Paradisi
977 4517 1143 4563 parvae
1178 4506 1397 4563 virtutis,
1420 4505 1550 4568 quod
1576 4511 1685 4555 erat
1716 4507 1789 4554 in·

725 4563 1039 4621 convenien5‚
1086 4582 1199 4614 cum
1239 4569 1313 4616 ibi
1347 4569 1682 4619 alimentandi
1721 4569 1788 4618 so-

1875 4189 1952 4234 est
1974 4186 2029 4234 in
2052 4199 2184 4243 eum,
2208 4184 2327 4246 quia
2358 4185 2506 4234 stetit
2538 4185 2859 4245 circumfusa,
2881 4193 2944 4236 nt

1873 4264 2048 4299 murus
2079 4250 2331 4312 utrinque,
2354 4250 2486 4299 sicut
2507 4250 2607 4298 fuit
2627 4265 2761 4312 aqua
2781 4251 2944 4301 maris

1874 4314 2013 4363 rubri
2069 4314 2446 4364 transeuntibus
2497 4312 2739 4363 Judoeis’·
2763 4341 2829 4352 -·-
2854 4315 2942 4364 Al-

1871 4380 2026 4442 phon.
2083 4378 2271 4428 Tostat.
2323 4379 2564 4428 Abulens.
2609 4380 2666 4427 in
2712 4378 2842 4429 Gen.
2883 4381 2937 4429 ii.

1872 4443 2056 4501 Quaest.
2084 4448 2129 4493 9.
2174 4444 2285 4507 Op„
2320 4448 2441 4492 tom.
2467 4445 2499 4492 i.
2535 4458 2584 4506 p.
2610 4445 2688 4494 85.
2713 4443 2802 4507 A]

1938 4518 1956 4541 ¹
1992 4508 2152 4570 [Blas.
2171 4509 2234 4557 de
2255 4507 2419 4570 Vieg.]
2442 4509 2529 4557 ubi
2553 4523 2720 4571 supra,
2743 4508 2800 4573 [i.
2817 4524 2862 4558 e.
2883 4510 2942 4558 in

1877 4574 2028 4635 Apoc.
2055 4574 2123 4623 xi.
2151 4575 2344 4623 Comm.
2371 4589 2413 4622 v.
2438 4578 2556 4623 sect.
2582 4576 2626 4623 5.
2653 4589 2703 4636 p.
2727 4573 2868 4637 491]
