3165 4959
982 366 1343 414 stomoma
1386 366 1749 415 RESPONsm.
2348 356 2470 416 401

263 520 486 603 possit,
543 526 775 603 praeter
833 542 1020 582 usum
1079 521 1148 583 in
1208 542 1283 584 eo
1340 521 1642 604 loquitur,
1691 543 1884 604 penes
1943 542 2131 605 quem
2192 524 2478 604 loquendi

265 644 484 685 norma
501 633 544 686 θ.
638 623 859 687 Habet
880 625 1122 707 justam
1152 625 1628 688 venerationem
1660 624 1959 707 quicquid
1990 625 2259 689 excellit.
2351 627 2476 689 Sed

261 726 600 791 eccuinam
629 726 998 789 mortalium
1028 726 1367 790 adhibetur
1387 728 1524 810 jam
1551 726 1862 789 adorandi
1891 749 2030 806 vox,
2054 735 2476 810 praeterquam

264 828 567 910 Pontzfici
598 829 762 893 soli?
807 830 1187 912 Auymtone,
1211 830 1311 893 vel
1347 831 1498 912 Regi
1528 830 1846 913 cuiquam,
1873 830 1981 912 qui
2010 829 2230 893 vicarii
2260 839 2477 894 tamen

263 932 395 996 Dei
424 932 622 995 sunt?
718 930 845 995 Sed
874 922 1458 996 ullius‘ne'hominis
1486 932 1695 996 honor
1728 955 1805 996 ea
1831 953 1983 996 voce
2023 933 2476 1017 intelligendus

264 1035 492 1098 venit?
541 1034 728 1098 Solus
751 1036 927 1117 Papa
950 1035 1273 1113 adoratur,
1300 1036 1469 1099 solus
1493 1037 1882 1098 adorationis
1905 1043 1969 1098 et
1992 1037 2190 1114 cultu,
2216 1043 2281 1099 et
2304 1058 2474 1114 voce,

200 1162 210 1169 ’
261 1159 461 1220 supra
501 1138 870 1200 mortalium
918 1146 1153 1201 sortem
1205 1138 1504 1215 effertur;
1553 1138 1783 1222 quibus
1827 1138 2279 1223 (praeterquam
2326 1140 2477 1202 huic

263 1241 408 1321 soli)
456 1249 726 1323 augusta
769 1240 962 1303 nimis
1006 1242 1316 1305 adorandi
1361 1243 1524 1307 Vox.
1619 1241 1863 1307 Quodsi
1904 1240 1971 1302 id
2014 1249 2268 1303 tantum
2308 1241 2477 1304 face-

263 1342 444 1422 retis,
486 1344 677 1426 (quod
722 1343 953 1408 dicitur
999 1346 1338 1426 venerari),
1387 1344 1440 1406 si
1481 1344 1896 1406 venerationis
1931 1365 2051 1406 vox
2090 1342 2268 1407 vobis
2311 1343 2476 1407 foret

263 1444 442 1524 satis,
476 1468 552 1509 ea
581 1448 886 1525 contenti,
917 1468 1051 1510 non
1080 1447 1276 1525 inam,
1310 1469 1450 1529 quae
1479 1448 1599 1509 soli
1638 1448 1775 1530 jam
1805 1448 1940 1509 Deo
1970 1447 2269 1529 loquendi
2298 1468 2476 1510 more

262 1550 481 1611 dicata
508 1558 624 1628 est,
655 1551 724 1612 in
752 1551 1026 1633 gratiam
1056 1551 1386 1614 Pontificis
1415 1551 1627 1629 vestri,
1656 1552 1749 1613 ita
1779 1549 1956 1613 avide
1985 1549 2386 1614 invaderetiS.

331 1689 391 1738 Si
413 1688 636 1739 ostendit
658 1689 765 1754 [leq.
790 1689 1042 1753 ostendet]
1073 1689 1183 1739 Rex
1212 1688 1513 1739 sacrificium
1549 1688 1789 1738 Pontifici
1821 1725 1832 1737 .
1857 1724 1869 1736 .
1893 1726 1905 1738 .
1934 1688 2207 1751 aliqnando
2232 1689 2475 1749 oblatum,

396 1776 488 1821 aut
509 1786 618 1821 aras
639 1775 828 1821 erectas
848 1776 936 1821 aut
956 1771 1148 1834 templa
1167 1770 1452 1835 [de]dicata‚
1471 1770 1579 1834 [aut
1600 1770 1891 1820 Sacerdotes
1912 1770 2200 1833 institutos]
2221 1807 2233 1820 .
2259 1808 2270 1819 .
2296 1806 2309 1819 .
2333 1808 2343 1820 .
2363 1775 2474 1820 tum

401 1889 412 1901 .
437 1890 449 1901 .
474 1890 486 1901 .
511 1848 831 1902 concedimus
866 1853 974 1917 [leq.
1000 1851 1348 1915 concedemus]
1373 1888 1386 1901 .
1413 1888 1425 1901 .
1448 1888 1460 1901 .
1486 1852 1683 1901 adorari
1706 1856 1764 1900 ut
1786 1851 2189 1915 Deum—[Bell.
2213 1852 2361 1915 Apol.
2384 1867 2476 1915 pro

401 1933 578 1997 Resp.]
603 1948 653 1997 p.
679 1935 790 1983 160.
825 1933 957 1998 [Op.‚
979 1938 1104 1983 tom.
1125 1934 1213 1982 vii.
1249 1933 1340 1982 col.
1366 1934 1476 1983 794.
1503 1932 1555 1982 C.
1580 1933 1673 1997 D.]

358 2035 522 2100 Quae
572 2055 719 2097 vero
764 2034 896 2096 lata
942 2033 1099 2097 adeo
1142 2042 1239 2096 est
1290 2034 1599 2112 adoratiO,
1649 2040 1723 2095 ut
1768 2034 2015 2115 Papam
2061 2033 2344 2117 recipiat,
2395 2033 2474 2095 ad
2501 2053 2597 2117 [De
2620 2052 2785 2102 adom

261 2139 469 2199 Deum
508 2136 646 2219 jam
694 2145 871 2199 arcta
917 2143 1032 2213 est,
1076 2136 1178 2198 cui
1216 2136 1321 2199 vix
1367 2137 1499 2200 ulla
1538 2143 1841 2220 superest,
1882 2145 2114 2221 praeter
2163 2138 2476 2219 Sacrzficz‘i
2497 2119 2637 2166 ηοω

262 2240 433 2303 forte
464 2240 791 2316 honorem,
823 2246 889 2302 et
920 2261 1061 2322 quae
1100 2238 1180 2301 ad
1214 2240 1608 2302 Sacrificium
1646 2239 2093 2322 requiruntur:
2142 2245 2215 2301 ut
2243 2245 2475 2323 praeter

261 2343 440 2406 istud
478 2344 613 2405 Deo
660 2349 725 2405 et
765 2344 961 2423 Papoe
1000 2343 1366 2406 communia
1405 2342 1534 2405 sint
1579 2341 1812 2406 omnia.
1924 2344 2120 2423 Papae
2164 2364 2307 2405 vero
2354 2364 2475 2405 non
2584 2349 2714 2410 290

261 2444 668 2527 sacrificatur
690 2473 709 2508 .·
765 2467 848 2509 ne
902 2446 1086 2509 Cruci
1135 2445 1411 2528 quidem,
1460 2445 1564 2509 cui
1611 2452 1830 2509 tamen
1881 2444 2120 2508 Latrioe
2164 2445 2475 2509 honorem

262 2548 568 2613 defertiss
581 2574 599 2626 3
655 2549 765 2612 sed
807 2571 1014 2632 neque
1042 2550 1484 2627 Eucharistiae,
1518 2550 1624 2613 cui
1666 2550 1874 2610 Missa
1917 2569 2051 2611 non
2096 2549 2170 2610 fit
2220 2551 2326 2631 (ne
2374 2549 2472 2611 bis

262 2654 432 2734 fiat),
493 2661 569 2716 ut
626 2675 768 2735 quae
818 2675 932 2736 per
983 2654 1253 2715 Missam
1300 2654 1432 2716 fiat.
1548 2654 1939 2735 Quanquam
1968 2651 2316 2713 ⁴restrinxit
2366 2651 2473 2715 hic

261 2757 545 2819 nimium
576 2756 948 2820 Cardinalis.
1012 2756 1304 2818 Adorare
1326 2756 1499 2818 enim
1528 2755 1845 2837 contingit
1876 2754 2100 2835 absque
2128 2755 2437 2836 sacrificio
2455 2781 2472 2815 .-

261 2867 343 2921 ut
373 2859 702 2922 Abraham
746 2865 874 2922 tres
916 2860 1190 2941 Anqelos
1229 2860 1554 2921 adoravit&
1574 2883 1594 2919 .·
1660 2857 2048 2940 Magdalena
2098 2856 2410 2919 Christum
2428 2855 2476 2934 ¹¹,

269 2964 715 3046 (neutrobique
755 2964 969 3028 oblata
1001 2962 1254 3046 hostia,)
1292 2969 1357 3025 et
1388 2964 1429 3025 J
1433 2983 1676 3026 oannes
1705 2963 2011 3044 Angelum
2051 2957 2371 3024 adm-aviti
2413 2966 2478 3023 et

263 3088 344 3128 ne
374 3067 670 3130 adoraret
698 3069 923 3131 vetitus
951 3073 1063 3145 est,
1095 3088 1242 3130 cum
1270 3065 1647 3148 samificium
1675 3073 1894 3129 tamen
1923 3064 2173 3129 nullum
2206 3064 2265 3127 ei
2295 3064 2478 3128 ador-

263 3177 472 3233 naret.
567 3171 820 3253 Quique
864 3169 1032 3254 apud
1070 3191 1180 3234 vos
1221 3169 1521 3252 quotidie,
1561 3190 1824 3252 quaeque
1863 3175 2296 3232 consecratam
2336 3170 2477 3231 hos-

261 3274 429 3336 siam
459 3274 748 3352 adorant,
780 3273 833 3336 si
872 3293 1091 3338 omnes
1129 3263 1493 3355 sacrificant
1529 3274 1607 3352 ei,
1638 3295 1743 3336 nae
1788 3272 2193 3336 Sacerdotum
2230 3272 2474 3335 affatim

267 3378 438 3460 apud
468 3399 578 3441 vos
608 3386 722 3440 est.
815 3377 942 3441 Sed
971 3399 1179 3460 neque
1210 3377 1290 3440 ad
1313 3379 1738 3440 adorationem
1768 3386 2094 3439 externam
2123 3377 2475 3440 necessario

265 3479 682 3562 requiruntur
717 3479 890 3545 haec:
939 3487 1004 3543 et
1043 3480 1216 3543 Deus
1251 3481 1353 3543 vel
1399 3479 1535 3543 sine
1582 3480 1682 3546 his
1716 3479 2013 3543 omnibus
2053 3480 2377 3553 adoratur,
2411 3486 2475 3541 et

269 3581 569 3665 Pontzfeoe
612 3603 759 3646 cum
808 3586 904 3668 (ut
936 3583 1392 3648 Caeremoniale
1435 3582 1742 3664 loquitur)
1790 3581 2008 3644 sedere
2053 3601 2200 3643 eum
2231 3579 2476 3642 faciunt

265 3708 461 3769 super
495 3687 739 3764 Altare,
784 3695 860 3749 ut
905 3687 1204 3749 adorent:
1253 3691 1318 3749 et
1363 3684 1619 3768 quidem
1661 3683 1758 3747 bis
1805 3683 2040 3761 sedere,
2071 3683 2142 3745 in
2185 3684 2476 3745 Conclavi

268 3790 467 3854 semel
477 3788 524 3868 ¹¹,
543 3791 778 3852 iterum
800 3790 870 3853 in
887 3790 1176 3853 Ecclesia
1203 3789 1271 3852 S.
1293 3787 1521 3867 Petril,
1539 3808 1768 3871 parum
1792 3786 1971 3850 abest
2001 3785 2081 3849 ab
2112 3785 2477 3849 adoratione

2500 2181 2796 2245 Pontificia]

267 3894 411 3970 Dei,
441 3914 669 3976 parum
710 3893 789 3957 ab
819 3893 1078 3972 Hostiae,
1112 3914 1254 3976 quae
1283 3894 1382 3955 vel
1417 3892 1486 3954 in
1516 3892 1677 3969 Ara,
1710 3889 1811 3954 vel
1844 3910 2159 3972 nusquam
2205 3890 2477 3952 adoran·
2506 3912 2519 3920 ·

267 4003 392 4059 tur.
486 3998 628 4059 Nec
667 3997 877 4061 minor
907 4005 1002 4060 est
1032 3998 1203 4075 Arae,
1235 3995 1333 4059 vel
1369 3997 1604 4078 Templi
1636 3994 1994 4072 necessitas,
2027 4014 2217 4076 quam
2260 3993 2476 4056 Sacri-

248 4099 416 4180 ficii.
508 4099 651 4161 Etsi
691 4106 906 4162 autem
946 4099 1064 4183 ipsi
1112 4099 1253 4162 Ara
1292 4121 1424 4162 non
1467 4098 1928 4174 constituatur3
1975 4104 2195 4160 tamen
2233 4095 2304 4157 in
2333 4096 2475 4159 Ara

264 4202 401 4284 ipse
431 4201 865 4282 constituitur,
899 4222 1041 4285 quae
1071 4203 1213 4266 Deo
1250 4202 1368 4286 (uti
1399 4201 1539 4283 scit)
1576 4201 1928 4265 constituta
1956 4207 2071 4261 est.

332 4371 354 4466 ἶ
385 4371 592 4500 [Horat.
614 4371 773 4435 Epist.
797 4371 862 4422 ad
890 4371 986 4420 1³10.
1012 4371 1101 4421 un.
1130 4371 1229 4435 τι]
1487 4371 1499 4402 ¹
1538 4335 1828 4434 Apa-‚112
1856 4372 1931 4419 10.

413 4436 546 4485 Vide
568 4452 732 4499 supra,
765 4453 814 4500 p.
839 4439 949 4486 282.
985 4443 1090 4486 not.
1112 4436 1172 4500 ¹¹.]
1482 4435 1504 4467 ¹¹
1541 4437 1825 4500 [Sacramm
1843 4435 2118 4484 Caeremon.
2136 4433 2226 4483 lib.
2242 4433 2274 4482 i.
2301 4437 2416 4486 sect-
2437 4433 2470 4488 i.

332 4510 357 4540 ε
391 4502 516 4550 Gen.
538 4502 680 4550 xviii.
705 4504 750 4550 2.
1417 4502 1499 4551 sol.
1523 4503 1597 4549 11.
1621 4500 1669 4549 b.
1707 4499 2079 4567 Venet51582]

331 4565 355 4597 ι
391 4565 562 4629 [Mauu
585 4566 765 4615 xxviii.
790 4566 858 4630 9.]
1149 4615 1170 4624 ,
1482 4565 1494 4597 ¹
1542 4564 1992 4631 [Ibid.fol.12.n„]

353 4661 846 4699 Annenwta—nsr.
1822 4664 1867 4713 1)
1910 4664 1953 4714 1)
