3165 4959
392 2138 609 2202 [Regius

387 2206 636 2267 primatus

388 2282 489 2317 non
513 2268 591 2317 de¹

389 2332 489 2382 fide
506 2332 542 2396 ς]

704 320 792 382 36
1325 332 1412 380 An
1457 332 1841 380 cisnmaus
1885 332 2284 380 smmumm

705 488 932 552 fecisse
979 487 1320 551 videantur
1336 512 1356 564 3
1400 507 1486 550 ne
1532 486 1752 550 saeviat
1804 486 1875 549 in
1922 507 2030 550 eos
2059 486 2288 564 Turca,
2322 484 2403 549 ad
2442 484 2675 549 Gentis
2714 484 2917 548 inter-

705 592 1065 656 necionem.

772 701 871 753 Sed
893 716 1055 765 neque
1084 715 1187 752 una
1221 705 1299 750 est
1322 700 1447 751 fides
1473 700 1893 761 Lutheranorum,
1928 699 2019 750 sed
2050 700 2229 749 multas
2250 704 2403 762 atque
2426 699 2551 750 adeo
2575 700 2712 749 inter
2731 714 2786 749 se
2808 714 2924 749 con·

835 785 1023 844 trax-im,
1047 788 1106 832 ut
1127 783 1243 833 aliae
1264 783 1391 833 alias
1414 783 1677 833 haereticas
1699 782 2109 848 vocent—[Bell.
2136 784 2286 848 Apol.
2309 798 2399 847 pro
2424 782 2594 846 Resp]
2629 797 2678 846 p.
2703 785 2748 832 9.
2777 782 2921 847 [Op.,

836 870 960 915 tom.
975 866 1061 914 vii.
1087 864 1179 914 col.
1205 866 1316 917 709.
1346 864 1430 928 D.]

796 957 1018 1039 Atqui,
1049 956 1221 1018 inter
1249 977 1366 1019 nos
1396 955 1588 1039 ipsoS,
1624 955 1732 1038 qui
1777 956 2190 1020 reformatam
2223 955 2627 1038 Religionem
2658 955 2920 1038 profite-

710 1082 877 1138 mur,
909 1068 1238 1141 utcunque
1271 1059 1582 1141 quosdam
1621 1060 1869 1143 ingenii
1899 1060 2109 1123 fervor
2143 1060 2335 1143 paulo
2365 1059 2602 1142 abripit
2639 1058 2920 1141 longius,

714 1172 780 1227 et
817 1166 914 1246 (ut
943 1163 1013 1225 in
1041 1183 1421 1245 paroxysmo
1446 1157 1591 1225 ‘fieri
1622 1163 1879 1245 assolet)
1910 1172 2230 1245 augentur
2259 1184 2360 1225 res
2393 1183 2587 1245 supra
2615 1161 2881 1225 modum
2905 1186 2921 1224 ε

713 1274 934 1330 tamen
963 1265 1112 1328 lites
1156 1287 1289 1328 non
1330 1273 1501 1343 sunt,
1537 1266 1755 1349 quales
1784 1265 1959 1329 videt
1995 1265 2355 1329 cardinalis
2401 1285 2517 1348 per
2557 1265 2918 1328 somnium:

714 1392 837 1435 nec
862 1369 1028 1433 tales
1058 1370 1274 1447 etiam,
1307 1369 1485 1452 quin,
1515 1369 1630 1432 ubi
1673 1368 1993 1432 deferbuit
2030 1368 2202 1432 calor
2241 1367 2370 1445 ille,
2404 1367 2738 1431 commode
2771 1388 2924 1431 con-

714 1475 916 1539 ciliari
946 1495 1133 1559 posse
1164 1494 1306 1558 spes
1338 1473 1441 1536 sit.
1504 1472 1730 1536 Fidem
1761 1479 1980 1535 autem
2010 1493 2210 1534 unam
2240 1471 2520 1534 retinere
2552 1491 2669 1533 nos
2701 1478 2924 1534 tamen

717 1578 1209 1643 Confessionum
1241 1583 1610 1639 nostrarum
1638 1575 1996 1639 Harmonia
2019 1574 2174 1637 satis
2207 1575 2348 1657 ipsa
2378 1595 2490 1658 per
2520 1595 2587 1637 se
2614 1574 2920 1655 loquitur.

783 1713 934 1764 Fides
956 1712 1241 1774 Anglorum
1265 1710 1329 1760 de
1365 1711 1588 1774 primatu
1612 1710 1767 1773 Regis
1789 1712 1842 1760 in
1866 1709 2216 1775 spiritualibus
2236 1710 2361 1760 adeo
2388 1710 2650 1760 Catholica
2682 1709 2788 1760 dici
2823 1726 2928 1760 non

850 1800 1033 1859 potest,
1067 1799 1127 1844 ut
1158 1808 1223 1844 ne
1259 1794 1411 1842 unius
1450 1793 1656 1855 quidem
1697 1794 1862 1857 Regni
1896 1794 2023 1844 fides
2060 1793 2165 1843 dici
2194 1793 2369 1857 possit,
2409 1809 2527 1844 cum
2566 1795 2624 1843 in
2657 1793 2930 1844 Britannia

847 1892 1035 1941 magna
1066 1878 1135 1925 sit
1162 1875 1439 1926 multitudo
1466 1875 1843 1938 Puritanorum,
1870 1878 1958 1940 qui
1984 1876 2250 1926 Calvinum
2283 1881 2535 1926 auctorem
2561 1878 2719 1926 secuti
2744 1877 2926 1940 prima-

847 1963 959 2008 tum
978 1957 1386 2008 Ecclesiasticum
1409 1973 1513 2008 non
1535 1957 1601 2009 ad
1624 1958 1814 2021 Regem
1837 1959 1925 2009 sed
1947 1958 2011 2009 ad
2033 1959 2277 2009 Senatum
2296 1959 2649 2008 Ministrorum
2672 1960 2929 2023 pertinere

849 2040 1162 2090 contendant
1184 2059 1239 2080 =

804 2133 917 2210 At,
949 2140 1206 2215 recepta
1235 2132 1404 2215 apud
1433 2154 1553 2196 nos
1586 2133 1911 2197 sententia
1939 2134 2014 2196 de
2031 2135 2316 2215 primatu
2337 2134 2532 2215 Reyio
2570 2135 2726 2216 (non
2749 2134 2925 2197 enim

703 2236 888 2319 sides,
920 2245 996 2300 ut
1040 2245 1252 2301 vestra
1291 2238 1370 2301 de
1401 2237 1758 2319 Ροπίᾓῒοίο,
1791 2238 2023 2301 veritas
2059 2237 2338 2321 quidem,
2372 2238 2485 2300 sed
2529 2244 2710 2300 extra
2737 2239 2927 2321 Sym-

716 2340 983 2422 bolum,)
1020 2341 1180 2405 adeo
1213 2363 1346 2405 non
1384 2343 1515 2406 late
1558 2349 1759 2425 patet,
1791 2342 1893 2405 vel
1929 2342 2026 2423 (ut
2061 2341 2120 2404 ei
2159 2341 2338 2424 loqui
2379 2341 2561 2422 libet)
2605 2342 2928 2405 Catholica

713 2466 837 2510 non
876 2452 987 2525 est,
1018 2452 1088 2510 ut
1117 2467 1228 2510 nec
1270 2447 1453 2510 unius
1487 2448 1572 2510 eit
1603 2447 1822 2529 Requi.
1935 2446 2132 2525 Nam,
2167 2453 2232 2510 et
2273 2444 2443 2529 apud
2483 2467 2599 2510 nos
2636 2467 2928 2529 maynam

713 2550 1167 2614 multitudinem
1216 2550 1530 2634 perhibet,
1579 2571 1721 2633 quae
1772 2550 2039 2614 Senatui
2083 2549 2558 2628 Ministrorum,
2600 2571 2722 2613 non
2765 2551 2929 2634 Περὶ

701 2658 951 2739 primas
998 2653 1260 2737 deferat.
1371 2654 1618 2719 Quodsi
1667 2653 1915 2716 deferre
1964 2653 2060 2716 fas
2112 2652 2439 2718 Cardinali
2479 2655 2929 2736 juramentum

716 2759 1075 2838 calumniae,
1108 2779 1239 2822 non
1268 2758 1408 2821 haec
1436 2758 1529 2821 ita
1558 2756 1882 2820 scriberet.
1966 2755 2204 2819 Putida
2232 2754 2404 2818 enim
2435 2755 2573 2818 haec
2604 2755 2931 2820 calumnia

716 2870 833 2926 est.
925 2862 1334 2946 Presbyterio
1365 2862 1533 2925 forte
1575 2861 1657 2924 lis
1702 2867 1803 2923 est
1846 2880 1995 2922 cum
2032 2857 2380 2942 Episcopis,
2422 2860 2817 2942 (quanquam
2863 2867 2932 2924 et

716 2965 830 3027 illa
849 2966 987 3048 jam
1018 2964 1286 3040 refrixit,
1308 2962 1635 3027 Cardinali
1664 2962 2009 3044 praeierunt
2033 2961 2222 3040 viam,
2246 2968 2727 3044 recoynoverunt
2752 2983 2931 3027 erro-

717 3091 857 3133 rem
902 3069 973 3131 in
1016 3090 1092 3132 eo
1140 3070 1390 3150 suumz)
1461 3088 1611 3130 eum
1667 3068 1845 3149 Rege
1892 3066 2072 3129 nulla
2122 3074 2241 3129 est.
2333 3065 2699 3150 Utrobique
2763 3068 2932 3151 Regi

720 3172 1008 3274 defertur
1035 3172 1242 3234 ultro:
1289 3168 1616 3252 utrinque,
1650 3169 1816 3250 quod
1848 3168 2110 3231 Caesaris
2139 3174 2251 3245 est,
2290 3169 2524 3231 Coesari
2552 3169 2900 3234 reddituri.

785 3318 844 3339 =
863 3298 1103 3350 Calvinus
1124 3296 1420 3357 enim,1nst.
1443 3299 1488 3345 4.
1510 3298 1553 3344 2.
1584 3296 1707 3360 [leg.
1725 3296 1800 3359 6.]
1827 3300 1851 3358 ς
1873 3298 1951 3345 9..
1975 3331 1988 3344 .
2012 3332 2024 3345 .
2040 3296 2129 3355 ait,
2155 3295 2334 3359 Neque
2357 3295 2522 3344 ullum
2545 3295 2808 3346 hominem
2827 3296 2935 3347 dici

847 3380 1027 3431 debere
1051 3379 1216 3443 Caput
1237 3379 1494 3438 Ecclesiae,
1517 3392 1621 3428 non
1642 3377 1807 3428 solum
1828 3377 2125 3442 principale,
2148 3377 2234 3427 sed
2258 3393 2420 3442 neque
2444 3378 2822 3428 ministeriale⁸.

805 3491 961 3554 Post
1013 3495 1253 3567 autem,
1303 3485 1645 3553 Calvinum
1693 3485 2048 3550 committit
2095 3485 2453 3564 nobiseum,
2509 3508 2669 3569 quos
2718 3487 2935 3552 Calvi-

781 3653 804 3686 7
861 3643 1044 3694 Matth.
1069 3642 1197 3692 xxii.
1219 3643 1326 3707 21.]

782 3719 802 3742 ¹
868 3709 1087 3759 “Habet
1119 3708 1258 3758 enim
1290 3707 1383 3757 illa
1418 3707 1503 3769 (sc.
1532 3704 1773 3769 Ecclesia)

718 3775 980 3825 Christum
1026 3773 1233 3823 unicum
1280 3786 1428 3822 suum
1484 3776 1652 3835 caput,
1684 3771 1778 3819 sub

717 3855 745 3889 c
784 3841 860 3889 ‘us
919 3839 1210 3903 principatu
1270 3851 1444 3887 omnes
1500 3836 1636 3886 inter
1688 3850 1779 3884 nos

717 3920 775 3953 co
859 3918 1041 3962 remus,
1085 3902 1360 3952 seeundum
1390 3916 1507 3950 eum
1541 3899 1773 3951 ordinem

716 3975 770 4019 et
812 3982 924 4018 eam
975 3967 1172 4031 politia
1215 3968 1427 4016 formam
1471 3980 1624 4029 quam
1666 3967 1773 4028 ipse

716 4033 1042 4098 praescripsit.
1111 4031 1371 4094 Insignem
1417 4031 1591 4093 itaque
1645 4029 1774 4093 inju-

717 4101 844 4149 riam
884 4098 1086 4148 Christo
1119 4096 1327 4157 faciunt,
1367 4109 1524 4158 quum
1558 4109 1618 4144 eo
1649 4109 1772 4157 pree-

717 4170 862 4213 textu
887 4164 1067 4213 volunt
1096 4161 1356 4211 hominem
1378 4175 1538 4209 unum
1562 4174 1773 4223 praeesse

717 4229 957 4278 Ecclesiae
994 4228 1258 4285 universae,
1294 4227 1415 4289 quia
1458 4225 1566 4274 hese
1610 4227 1775 4287 capite

716 4308 883 4342 carere
906 4307 1008 4342 non
1147 4291 1203 4340 it.
1274 4291 1505 4339 Christus
1539 4291 1675 4338 enim
1700 4304 1776 4338 ca·

716 4364 811 4419 put
834 4363 967 4406 est..
986 4393 997 4404 .
1077 4371 1132 4404 ec
1155 4370 1236 4405 me
1248 4355 1389 4412 latet,
1400 4354 1527 4418 quid
1543 4355 1770 4405 mvillari

717 4421 930 4478 soleant,
985 4434 1141 4482 quum
1205 4420 1299 4468 hoc
1356 4420 1461 4467 illis
1516 4420 1772 4483 objicitur,

719 4485 979 4534 Christum
1023 4483 1217 4532 scilieet
1239 4485 1440 4546 proprie
1463 4485 1628 4532 vocari
1667 4486 1774 4532 uni·

717 4563 832 4597 cum
850 4551 1016 4611 eaput,
1030 4547 1149 4609 quia
1172 4562 1261 4597 sua
1273 4549 1571 4598 auctoritate
1587 4564 1774 4611 suoque

1860 3640 2068 3691 nomine
2101 3644 2240 3690 totus
2260 3645 2467 3704 regnet;
2503 3640 2590 3691 sed
2613 3642 2752 3692 istud
2792 3644 2933 3694 nihil

1862 3705 2076 3766 obstare,
2090 3706 2359 3768 quominus
2375 3706 2469 3756 sub
2488 3707 2598 3769 ipso
2615 3708 2685 3755 sit
2705 3707 2932 3757 alterum

1862 3774 2016 3832 caput
2027 3771 2359 3820 ministeriale
2376 3773 2455 3834 (ut
2474 3771 2770 3834 loquuntur)
2789 3773 2930 3835 quod

1864 3834 1906 3897 ej
1915 3851 1972 3884 us
1994 3836 2126 3884 vices
2149 3836 2206 3884 in
2227 3837 2376 3884 terris
2397 3841 2555 3897 gerat.
2613 3835 2808 3886 Verum
2834 3838 2931 3887 hoc

1860 3900 2042 3949 cavillo
2098 3899 2230 3949 nihil
2286 3900 2574 3963 proficiunt,
2624 3901 2728 3950 nisi
2783 3903 2932 3964 prius

1860 3964 2176 4014 ostenderint
2194 3965 2286 4014 hoc
2299 3965 2646 4014 ministerium
2668 3980 2699 4015 a
2719 3965 2929 4016 Christo

1859 4043 1965 4078 esse
1998 4029 2302 4079 ordinatum.
2371 4029 2646 4092 Apostolus
2677 4031 2818 4080 enim
2855 4035 2931 4081 to·

1859 4099 1967 4143 tam
2010 4094 2531 4144 subministrationem
2566 4109 2658 4157 per
2691 4097 2929 4146 membra

1860 4158 2095 4208 diffusam
2131 4173 2237 4208 esse
2272 4158 2433 4217 docet,
2456 4160 2701 4208 virtutem
2729 4161 2793 4209 ab
2823 4176 2928 4211 uno

1860 4224 1952 4273 illo
1973 4225 2165 4273 coelesti
2189 4225 2353 4287 eapite
2365 4224 2769 4274 fluere.”-Galv.
2795 4225 2929 4274 lust.

1861 4289 1949 4337 lib.
1976 4290 2041 4337 ir.
2068 4304 2170 4351 cap.
2194 4291 2239 4338 6.
2265 4291 2351 4351 §9-
2379 4289 2490 4352 Op„
2513 4294 2637 4338 tom.
2655 4290 2726 4337 ix.
2748 4304 2796 4353 p.
2813 4293 2929 4340 296.

1857 4358 1910 4404 et
1926 4354 2047 4402 ibid.
2069 4360 2093 4416 ς
2110 4357 2188 4413 10,
2207 4355 2272 4417 (p.
2291 4354 2423 4416 297.)
2441 4357 2471 4380 “
2491 4353 2605 4403 Illic
2623 4355 2640 4410 (
2651 4353 2771 4416 Eph.
2791 4356 2858 4404 iv.
2878 4359 2929 4414 4)

1857 4419 2057 4467 nullum
2072 4419 2405 4469 ministeriale
2427 4425 2579 4482 caput
2594 4419 2820 4482 (Paulus.
2837 4425 2927 4484 sc.)

1859 4482 2294 4546 commemorat.”]
