3165 4959
900 355 1267 406 1101001111
1310 326 1673 408 110013οΝ810.
2305 342 2387 404 41

179 516 303 593 sed,
335 522 415 578 ιιι
445 534 734 599 purpura
758 512 1036 597 fulgeret
1054 540 1073 592 3
1123 522 1208 593 et,
1242 535 1384 598 quae
1414 515 1645 579 melius
1682 515 1818 597 jam
1850 524 2001 577 ante
2023 512 2391 596 scripserat,

179 641 448 703 quaeque
484 604 668 682 Sixto
690 618 990 683 Pontifici
1033 618 1440 682 stomachum
1477 619 1704 697 fecere,
1735 624 2193 700 recognosceret
2213 644 2231 678 .·
2259 618 2393 708 ‚qui

180 727 439 808 obliquo
469 731 694 788 tamen
726 723 912 788 oculo
941 723 1288 807 respiceret
1317 723 1521 806 (scio),
1547 721 1747 804 siquis
1778 744 1928 786 eum
1957 721 2038 785 de
2067 720 2237 784 facto
2267 722 2390 786 hoc

179 830 557 909 Apo-statam
587 828 912 923 scriberet.

242 975 409 1024 Primi
447 978 620 1023 autem
654 973 710 1023 in
735 973 905 1024 Scotia
938 988 1189 1024 eversores
1214 973 1489 1024 Catholicae
1509 972 1629 1023 fidei
1654 977 1706 1024 et
1726 973 1933 1025 haeresis
1966 977 2154 1024 satores
2186 974 2392 1024 fuerunt

302 1056 407 1104 viri
430 1055 640 1118 quidam
662 1055 861 1105 factiosi
886 1060 938 1105 et
960 1056 1258 1116 turbulenti,
1297 1071 1423 1120 quos
1444 1055 1717 1119 Apostolos
1754 1056 2016 1105 nominare
2049 1056 2209 1105 scelus
2231 1056 2390 1105 maxi-

305 1152 451 1186 mum
475 1140 621 1186 esset.
655 1136 837 1199 Neque
859 1136 923 1186 de
948 1137 1040 1187 hae
1075 1153 1128 1188 re
1152 1138 1282 1187 mihi
1304 1137 1460 1187 fidem
1482 1138 1657 1188 haberi
1679 1138 1808 1198 vole,
1832 1138 1918 1187 sed
1942 1137 2083 1200 Regi.
2134 1138 2220 1187 Sic
2250 1139 2389 1187 enim

307 1219 400 1268 ille
418 1255 431 1267 .
446 1254 460 1267 .
481 1255 494 1266 .
513 1219 568 1267 in
588 1218 806 1268 Basilice
823 1219 973 1280 Doro,
998 1220 1086 1269 lib.
1101 1220 1154 1268 ii.
1176 1235 1224 1284 p.
1244 1221 1307 1269 40
1328 1224 1382 1269 et
1399 1221 1477 1269 41.
1503 1223 1517 1246 ‘
1532 1219 1820 1269 Reformata
1833 1219 2031 1282 Religio
2053 1220 2110 1268 in
2130 1219 2261 1269 hanc
2283 1234 2393 1269 nos-

308 1305 443 1349 tram
462 1300 684 1349 Scotiam
703 1300 879 1349 divino
901 1301 1049 1363 plane
1066 1301 1311 1351 miraculo
1327 1300 1617 1351 introducta
1634 1305 1725 1361 est,
1745 1303 1846 1350 &cst
1907 1300 1975 1350 Et,
1989 1302 2138 1365 paulo
2155 1305 2281 1365 post,
2301 1305 2316 1327 ‘
2331 1300 2393 1350 In

305 1382 400 1431 ina
420 1387 474 1431 et
495 1395 664 1429 rernm
687 1385 740 1430 et
756 1385 1041 1444 temporum
1066 1383 1355 1433 confusione
1379 1383 1477 1432 orti
1504 1385 1626 1431 sunt
1648 1382 1856 1445 quidam
1881 1382 2045 1444 igneae
2067 1390 2262 1430 naturae
2285 1396 2394 1429 con·

308 1463 604 1522 donatores,
627 1462 940 1528 &cl—[Bell.
965 1465 1119 1528 Apol.
1139 1479 1232 1529 pro
1256 1464 1432 1528 Resp.]
1470 1479 1518 1527 p.
1539 1467 1616 1513 10.
1647 1464 1786 1527 [Op.‚
1809 1466 1932 1512 tom.
1947 1463 2033 1512 vii.
2058 1463 2150 1512 ool.
2176 1461 2203 1512 ’ἲ
2210 1464 2287 1511 10.
2307 1461 2390 1523 C.]

269 1572 505 1635 Scotiae
556 1593 705 1637 vero
764 1572 1000 1657 injuria
1049 1596 1288 1657 magna
1332 1574 1427 1651 fit,
1477 1572 1643 1655 Regi
1693 1571 2009 1634 maxima:
2079 1570 2265 1654 eujus
2315 1569 2394 1632 de
2443 1577 2703 1635 Quomodo

182 1676 343 1739 libro
375 1675 548 1758 quod
580 1676 802 1739 citavit
833 1676 1215 1754 CardinaliS,
1247 1678 1342 1741 ita
1380 1677 1622 1754 citavit,
1658 1682 1734 1739 ut
1775 1676 2000 1739 stricto
2030 1676 2178 1759 jure
2227 1675 2393 1738 actio
2418 1722 2482 1771 ap

2494 1641 2619 1705 ligio

2482 1706 2550 1756 ud
2573 1707 2683 1756 Seo-

180 1780 518 1843 calumniae
547 1778 616 1841 in
647 1800 796 1842 eum
825 1779 1083 1842 institui
1111 1780 1331 1864 possit.
1422 1780 1620 1858 Nam,
1652 1778 1764 1842 ubi
1797 1780 1956 1857 Rex,
1992 1779 2144 1841 Cum
2173 1780 2390 1857 multa,
2419 1776 2498 1822 ²⁰⁸
2519 1772 2667 1821 refor-

177 1885 241 1948 id
271 1885 383 1947 ille
415 1884 506 1947 sic
536 1884 787 1966 accipit,
819 1883 908 1948 sie
935 1885 1152 1963 refert,
1187 1885 1367 1968 quasi
1397 1884 1678 1961 dixisset,
1710 1884 1860 1946 Cum
1890 1885 2133 1946 omnino
2164 1884 2388 1946 omnia.

178 1988 268 2050 Et
299 1986 434 2063 ubi,
469 1987 595 2048 orti
631 1992 776 2048 sunt
806 1987 1077 2068 quidam,
1112 1988 1251 2049 Rex
1279 2013 1292 2050 :
1340 1986 1406 2049 id
1448 1993 1565 2065 est,
1608 1984 1972 2068 (Cardinale
2009 1986 2382 2069 interprete)

178 2111 250 2153 ac
279 2090 337 2152 si
367 2110 507 2152 non
538 2089 834 2170 quosdam
865 2088 1147 2168 dixisset,
1181 2089 1292 2153 sed
1329 2089 1519 2172 plane
1548 2090 1883 2151 universos.
1973 2089 2207 2171 Neque
2242 2110 2393 2151 vero

175 2216 418 2257 novum
447 2192 540 2270 id,
571 2194 671 2256 vel
702 2192 783 2256 de
811 2214 957 2256 raro
987 2192 1531 2276 contingentibus,
1563 2200 1639 2255 ut
1669 2191 1750 2254 ad
1781 2213 1940 2276 opus
1969 2213 2008 2255 a
2036 2193 2178 2256 Deo
2206 2192 2391 2256 insti-

176 2308 393 2361 tutum
436 2296 711 2360 afferant
757 2317 927 2380 saepe
964 2297 1259 2360 homines
1302 2295 1614 2378 infirmum
1655 2317 1853 2373 suum,
1884 2304 1959 2361 ut
2005 2319 2044 2360 a
2086 2297 2392 2379 praeclaro

176 2403 464 2487 incoepto
524 2423 657 2465 non
727 2422 977 2485 semper
1035 2401 1202 2465 absit
1274 2400 1625 2463 temeritas.
1743 2401 1969 2464 Bonus
2029 2401 2393 2485 Imperator

177 2511 215 2570 J
220 2509 439 2591 epthe,
474 2527 597 2569 nee
640 2506 779 2568 sine
819 2506 1008 2589 jussu
1038 2505 1164 2568 Dei
1199 2526 1377 2588 opus,
1412 2505 1582 2589 quod
1615 2527 1954 2588 aggressus
1994 2513 2093 2568 est
2117 2532 2135 2584 3
2183 2513 2250 2569 et
2281 2507 2394 2569 ad-

172 2613 440 2676 miscuit
473 2619 695 2675 tamen
724 2610 785 2675 ei
812 2611 945 2675 voti
975 2610 1457 2674 temeritatem&
1523 2610 1735 2672 David
1762 2630 1912 2672 vero
1942 2611 2041 2671 vir
2067 2611 2399 2672 secundum

174 2738 281 2779 cor
310 2718 506 2778 Deit-
551 2716 662 2799 qui
706 2723 950 2779 temere
994 2723 1217 2778 tamen
1255 2714 1715 2799 jusjurandum
1756 2713 1990 2792 emisit,
2024 2713 2105 2776 de
2144 2713 2398 2777 Nabale

171 2842 318 2883 cum
354 2818 605 2882 familia
642 2825 786 2882 tota
828 2817 1314 2881 exscindendo‘.
1405 2818 1498 2880 At
1537 2816 1661 2879 1100
1708 2822 1950 2899 quanto
1993 2815 2216 2898 magiS,
2250 2836 2398 2878 cum

177 2924 381 3007 (quod
409 2944 534 2987 1100
561 2923 776 3007 ipsum
804 2924 1089 2986 insolens
1122 2922 1241 3004 est)
1272 2920 1631 3004 adjungant
1662 2941 1728 2982 se
1759 2939 1923 3001 saepe
1954 2921 2228 3001 operarii
2255 2921 2395 2983 sub-

171 3028 351 3090 doli=
383 3026 467 3089 ad
511 3026 681 3091 viros
727 3026 931 3090 bonos
976 3033 1289 3108 tanquam
1331 3023 1673 3107 participes
1713 3022 1941 3106 operiS,
1989 3023 2395 3107 (procurante

166 3153 311 3194 rem
380 3131 644 3213 Satana)
717 3151 865 3213 qu0,
928 3150 1151 3192 eorum
1208 3129 1600 3206 interventa,
1661 3147 1801 3189 rem
1859 3135 2065 3191 totam
2127 3139 2391 3195 evertat.

168 3235 396 3298 Etiam
428 3255 509 3296 ex
538 3234 635 3311 iis,
659 3234 771 3316 qui
799 3234 1200 3296 Servatorem
1233 3231 1443 3314 ipsum
1475 3232 1682 3295 secuti
1712 3239 1886 3309 sunt,
1912 3233 2200 3317 plerique
2223 3236 2394 3298 Eum

166 3345 440 3422 propter
480 3336 816 3420 spirituale
853 3335 1017 3398 nihil
1064 3334 1474 3418 quaesierunt,
1518 3333 1631 3397 sed
1673 3356 1800 3417 quo
1844 3337 2288 3400 manducarent
2320 3339 2396 3400 de

158 3445 497 3527 panibus',
530 3449 591 3506 et
628 3443 836 3505 saturi
865 3442 1109 3504 domum
1137 3441 1303 3502 irent
1328 3467 1346 3501 .-
1394 3440 1538 3503 Nec
1567 3439 1713 3504 ideo
1753 3447 1991 3520 tamen,
2026 3442 2136 3525 qui
2168 3445 2392 3506 Serva-

164 3557 384 3613 torem
446 3552 831 3630 sequuntur,
890 3566 1027 3608 non
1084 3543 1412 3607 laudandi.
1519 3545 1608 3607 Et
1665 3543 1772 3609 hic
1824 3546 2181 3610 Cardinalis
2242 3568 2395 3610 con-

164 3653 519 3717 scientiam
576 3651 783 3735 pulso,
912 3649 1076 3714 Quae
1135 3669 1269 3713 non
1325 3648 1420 3710 ita
1477 3647 1727 3730 pridem
1785 3649 2016 3711 accidit
2075 3649 2394 3714 Indorum

163 3756 527 3834 conversiO,
570 3756 789 3837 (opera
829 3760 1068 3831 autem,
1100 3759 1176 3815 ut
1210 3752 1437 3830 fertur,
1472 3752 1514 3815 J
1518 3752 1892 3832 esuitarum)
1934 3773 2152 3815 annon
2185 3753 2258 3815 in
2298 3775 2392 3833 ea,

160 3871 420 3927 temere
451 3867 635 3943 gesta
662 3859 966 3942 pleraque
997 3864 1063 3919 et
1086 3876 1253 3920 caeco
1280 3856 1573 3940 impetu?
1663 3855 1949 3919 Nullane
1980 3857 2295 3939 cupiditas
2323 3859 2395 3923 in

164 3988 261 4045 ea,
296 3972 417 4029 aut
462 3984 646 4027 sacra
687 3962 891 4025 fames
934 3959 1265 4024 dominata
1294 3966 1394 4022 est
1414 3961 1444 4023 ?
1535 3961 1780 4023 Annon
1811 3980 1950 4022 eam
1983 3961 2194 4043 ignoce,
2228 3962 2395 4026 addo

164 4071 394 4148 etiam,
432 4066 673 4149 ferreoe
710 4073 964 4128 naturae
1008 4062 1304 4127 homines
1337 4064 1619 4128 exsecuti
1651 4065 1850 4127 sunt?
1943 4065 2073 4130 Qui
2102 4066 2174 4128 in
2202 4066 2396 4130 mise-

163 4195 275 4250 ros
305 4173 460 4236 illos
491 4178 558 4235 et
589 4168 961 4233 seminudos
993 4167 1312 4232 Barbaros
1339 4166 1695 4230 horrendas
1736 4174 1984 4251 strages
2016 4168 2392 4232 ediderunt:

166 4275 334 4338 adeo
367 4280 590 4337 autem
633 4270 1008 4349 horrendas,
1039 4277 1115 4333 ut
1155 4290 1378 4332 earum
1420 4269 1661 4332 similes
1702 4270 1878 4333 haud
1919 4293 2188 4355 usquam
2224 4273 2395 4356 quis-

236 4446 254 4467 ¹
292 4435 484 4500 [Num.
510 4434 581 4483 xi.
607 4436 686 4490 30,
712 4432 821 4495 31.]
1392 4438 1413 4460 '¹
1450 4431 1501 4558 [2
1526 4429 1638 4480 Cor.
1665 4431 1734 4479 xi.
1763 4432 1869 4495 13.]

236 4510 251 4531 ·
286 4505 341 4565 [1
372 4501 508 4549 Sam.
534 4500 646 4547 xiii.
672 4496 772 4559 14]
1395 4503 1414 4524 ⁷
1478 4494 1625 4545 Joan.
1650 4497 1716 4546 vi.
1743 4496 1842 4561 26.]

238 4571 251 4594 ⁸
291 4568 345 4630 [1
379 4567 515 4615 Sam.
540 4579 657 4613 xxv.
686 4564 789 4628 22]

2418 1837 2598 1900 mata]
