3165 4959
909 342 1270 391 stomoma
1316 345 1676 393 nasronsm.
2262 333 2385 395 431

317 495 489 629 Gillgal
521 496 1142 645 [leq.B(-}]algala.']—[Bell.
1181 500 1332 564 Apol.
1372 515 1465 564 pro
1510 500 1682 564 Resp]
1728 516 1774 564 p.
1814 501 1922 554 175.
1979 500 2112 566 [Op.,
2158 505 2277 552 tom.
2304 504 2390 552 vii.

316 593 374 628 co
400 616 412 628 .
435 583 546 632 803.
569 582 630 630 A.

277 679 389 757 At,
422 701 566 761 quae
603 680 695 744 ibi
724 679 919 743 verba
956 680 1203 753 inserit,
1237 681 1532 745 Perrexit
1561 702 1776 743 omnus
1806 683 2096 762 populus,
2128 679 2201 745 el
2218 680 2387 763 sece-

193 788 336 844 runt
388 782 475 844 ibi
526 785 756 865 Reyem
798 783 958 846 Saul
1015 804 1223 847 caram
1273 785 1541 848 Domino
1588 787 1653 847 in
1703 784 1971 868 Gilqald,
2020 807 2210 869 quam
2260 785 2389 849 vim

193 884 492 965 habeant,
526 887 686 950 sciat
717 887 954 951 Lector
983 909 1061 951 ex
1090 887 1246 951 locis
1277 888 1437 966 aliis,
1470 888 1582 952 ubi
1613 889 1808 953 verba
1835 888 2060 953 eadem
2088 897 2389 972 repetun-

193 995 317 1066 tur,
370 989 674 1053 Fecerunt
719 990 996 1053 Roboam
1046 992 1272 1073 Reyem
1289 1001 1334 1071 Β,
1376 992 1678 1054 Fecerunt
1723 993 1880 1055 Joas
1930 991 2204 1075 Reyem‘.
2298 992 2390 1057 At

192 1098 462 1176 uterque
498 1115 577 1157 ex
617 1094 1012 1158 successione
1055 1094 1281 1173 haeres,
1327 1116 1448 1159 nec
1483 1094 1639 1177 fieri
1680 1102 1999 1178 poterant,
2043 1096 2213 1178 quod
2249 1096 2389 1179 jam

193 1202 387 1259 erant.
449 1197 754 1259 Fecerunt
785 1198 1078 1260 Salomon
1106 1198 1374 1279 Reyemss
1404 1198 1685 1262 secundo
1713 1201 1965 1281 (nempe
1995 1199 2094 1263 uti
2129 1199 2391 1263 Saulem

191 1301 335 1382 hic.)
388 1302 503 1365 Bis
535 1323 681 1366 vero
709 1301 882 1366 idem
899 1301 1051 1383 fieri
1080 1324 1213 1366 non
1241 1310 1474 1386 potest.
1540 1303 1729 1370 Quod
1761 1305 1958 1367 semel
1982 1305 2119 1388 jam
2137 1302 2390 1384 factum

193 1411 306 1482 est,
336 1404 574 1468 iterum
601 1403 752 1485 fieri
797 1426 930 1468 non
957 1411 1188 1489 potest.
1281 1406 1497 1472 Quare
1527 1405 1595 1469 id
1624 1405 1823 1484 verbi,
1856 1428 2003 1470 cum
2034 1403 2392 1487 defectura

192 1507 325 1591 ipsa
362 1529 497 1571 non
537 1516 773 1591 posset,
807 1529 949 1591 quae
981 1509 1120 1591 jam
1151 1508 1494 1592 praecessit,
1527 1508 1608 1572 de
1650 1509 1899 1573 solenni
1927 1509 2079 1587 ritu,
2113 1517 2179 1574 et
2208 1510 2392 1573 inau-

194 1611 465 1693 gurandi
503 1611 882 1675 caeremonia
920 1611 1179 1695 publica
1210 1611 1708 1695 intelligendum
1749 1619 1867 1692 est,
1902 1635 2047 1695 qua,
2091 1614 2223 1695 (qui
2253 1614 2392 1697 jam

194 1722 309 1791 cst,
341 1714 561 1777 divina
589 1714 923 1794 electione,
955 1722 1030 1778 ut
1060 1715 1236 1792 Saul,
1267 1723 1537 1798 paterna
1564 1716 1667 1779 vel
1701 1715 2143 1799 designatione¹
2166 1716 2390 1796 haeres,

195 1825 265 1880 ut
299 1817 626 1896 Salomon,
654 1817 755 1881 vel
798 1824 1024 1897 morte,
1069 1825 1145 1881 ut
1186 1818 1496 1897 Roboam,
1544 1826 1610 1882 et
1650 1819 1847 1901 Joas,)
1888 1819 2058 1902 quod
2091 1820 2229 1902 jam
2270 1826 2390 1898 est,

192 1920 258 1983 id
316 1920 529 2004 palam
582 1927 649 1984 et
701 1920 876 1984 omni
920 1921 1156 2004 populo
1207 1942 1346 1985 esse
1393 1922 1793 1985 declaratur:
1862 1921 2120 1986 futurus
2171 1928 2391 1986 tamen

195 2024 301 2106 qui
346 2030 467 2101 est,
515 2023 569 2087 si
606 2024 949 2086 declaratio
988 2023 1170 2087 nulla
1208 2024 1575 2089 accederet:
1623 2031 1847 2107 utpote
1889 2045 1924 2088 e
1955 2046 2083 2107 qua
2116 2026 2392 2087 essentia»

194 2127 350 2191 nihil
395 2127 770 2210 acquiritur,
801 2134 1058 2191 tantum
1101 2129 1338 2191 notitia>
1380 2129 1587 2212 magis
1627 2136 2043 2211 pervagatum
2082 2128 2391 2192 redditur.

193 2232 423 2295 Factus
452 2252 606 2315 ergo
639 2231 794 2294 Saul
836 2231 908 2294 in
952 2231 1216 2315 Mispha
1245 2232 1406 2310 Rex,
1450 2231 1520 2294 in
1552 2231 1774 2315 Gilgal
1818 2231 2169 2296 solenniter
2211 2233 2392 2295 inau—

187 2341 468 2415 ‚aurata-9.

251 2460 285 2510 J
288 2461 516 2513 odicium
545 2463 759 2513 sortium
793 2461 944 2513 fuisse
965 2500 978 2513 .
1004 2499 1016 2512 .
1042 2500 1053 2512 .
1077 2461 1327 2513 indicium
1359 2463 1544 2527 potius,
1567 2462 1673 2513 sive
1694 2460 2063 2526 praejudicium,
2086 2476 2236 2525 quam
2257 2462 2396 2514 ‘abso-

316 2547 488 2595 lutum
520 2544 1008 2610 judicium—[Bell.
1044 2546 1194 2609 Apol.
1230 2560 1322 2610 pro
1360 2543 1530 2609 Resp.]
1573 2559 1623 2608 p.
1662 2545 1773 2596 175.
1823 2543 1958 2608 [Op.,
2002 2547 2125 2593 tom.
2162 2545 2251 2593 vii.
2297 2545 2391 2594 col.

319 2628 433 2676 803.
469 2625 550 2690 B.]

277 2725 374 2788 Ex
406 2746 484 2790 eo
515 2731 753 2803 autem,
786 2725 957 2808 quod
1000 2724 1082 2788 ad
1115 2745 1374 2808 poenam
1402 2722 1761 2807 capitalem,
1798 2723 2159 2810 proejadz'cii
2202 2723 2395 2787 modo

194 2827 321 2891 vim
375 2829 595 2891 Sortes
653 2828 968 2906 habeant,
1016 2849 1152 2891 non
1202 2834 1377 2891 recte
1419 2826 1762 2890 concludat
1811 2826 1952 2914 quis
2009 2825 2081 2888 in
2131 2826 2394 2909 reliquis

192 2931 420 2996 itidem
465 2933 592 2996 vim
643 2932 835 2995 aliam
893 2952 1026 2994 non
1077 2931 1331 2995 habere.
1421 2931 1579 2993 Non
1639 2929 1813 2993 enim
1866 2931 1933 2993 in
1982 2930 2198 2992 Sortes
2240 2951 2393 2994 con-

193 3035 417 3113 sensit,
472 3034 582 3117 qui
637 3034 806 3097 male
854 3033 1006 3117 quid
1056 3032 1335 3111 admisit,
1384 3032 1693 3115 cujusque
1745 3031 1825 3095 de
1876 3032 2093 3112 Capite
2144 3031 2393 3115 agitur,

195 3137 547 3200 mittuntur
584 3136 653 3200 in
694 3136 993 3214 invitum,
1039 3156 1159 3199 nec
1199 3134 1494 3198 submisit
1535 3155 1604 3198 se
1647 3134 1949 3198 Sortibus.
2039 3136 2130 3199 At
2164 3128 2400 3218 quibus

195 3240 441 3303 Electio
468 3260 598 3323 prae
627 3261 825 3304 manu
858 3246 976 3317 est,
1000 3239 1338 3303 alteriusve
1363 3239 1806 3302 Controversia»
1834 3239 2000 3318 fluia,
2032 3239 2101 3302 in
2130 3261 2396 3302 manum

195 3344 605 3422 conveniunt,
637 3351 712 3408 ut
740 3364 1117 3426 quacunque
1162 3349 1345 3425 parte
1385 3343 1687 3407 ceciderit
1729 3344 1903 3421 Sor-S,
1949 3343 2020 3406 in
2050 3365 2194 3407 eam
2222 3344 2396 3407 ultro

197 3447 325 3511 sint
352 3447 529 3510 ituri.
608 3447 780 3511 Meri
808 3447 915 3510 hic
939 3467 1093 3530 ergo
1104 3447 1342 3528 judicii
1364 3445 1494 3509 vim
1515 3445 1776 3509 habent.
1857 3447 2264 3528 Quanquam,
2284 3445 2396 3510 ubi

197 3558 416 3631 aperta
459 3549 805 3633 Scripturae
835 3550 1029 3613 verba
1072 3556 1247 3628 sunt,
1292 3549 1549 3626 Videtis,
1589 3569 1766 3630 quem
1809 3549 1993 3631 elegit
2022 3550 2327 3611 Dominus
2344 3546 2394 3626 ¹¹,

196 3651 275 3715 de
318 3652 514 3716 Saule
531 3679 550 3731 3
609 3652 894 3730 Ostende,
932 3673 1110 3734 quem
1148 3649 1456 3734 eleyerisi,
1504 3651 1585 3715 de
1628 3650 1951 3729 Matthia3
1997 3651 2066 3715 id
2110 3651 2266 3734 quin
2304 3651 2399 3714 ita

185 3754 435 3833 factum
466 3756 570 3835 sit,
609 3758 705 3838 (ut
733 3756 930 3820 verba
957 3754 1223 3837 habent)
1260 3755 1535 3818 amentis
1565 3761 1662 3818 est
1683 3754 2027 3837 disputare.

259 3892 368 3942 Nos
391 3929 403 3942 .
429 3928 441 3940 .
467 3928 480 3941 .
503 3892 739 3942 electioni
773 3891 1079 3942 Pontificum
1111 3892 1192 3942 bis
1220 3892 1557 3950 interfuimus,
1591 3904 1684 3940 nac
1705 3893 1877 3940 tamen
1899 3890 1962 3940 da
1983 3890 2272 3954 praegrandi
2307 3890 2398 3940 illa

325 3975 443 4038 [leq.
467 3975 591 4039 ista]
623 3975 838 4038 pecunia
873 3975 1143 4037 quicquam
1176 3971 1698 4036 audivimus—[Bell.
1723 3972 1871 4035 Apol.
1895 3987 1987 4035 pro
2012 3972 2181 4036 Resp.]
2216 3988 2265 4037 p.
2285 3974 2393 4025 176.

326 4057 459 4122 [Op.,
484 4057 709 4106 tomffii.
733 4057 826 4106 col.
843 4059 954 4108 803.
980 4056 1061 4121 B.]

281 4157 375 4220 At
404 4156 484 4219 de
503 4158 870 4238 proeyrandz'
899 4158 1013 4219 illa
1032 4158 1322 4238 pecunia,
1353 4176 1486 4219 non
1516 4155 1606 4216 ad
1631 4157 2003 4219 calumniam
2020 4156 2299 4236 pertinet
2328 4154 2395 4217 id

197 4259 426 4337 dicere,
462 4259 575 4324 sed
614 4260 695 4323 ad
741 4261 1028 4324 delim‘um
1066 4280 1320 4343 negare.
1416 4260 1550 4322 Cur
1589 4259 1682 4321 ita
1722 4259 1978 4323 delicias
2016 4259 2209 4322 faciat
2240 4261 2393 4323 Car-

259 4428 280 4459 *
320 4428 374 4492 [1
403 4429 536 4480 Sam.
562 4430 642 4490 (al.
669 4430 811 4494 Reg.)
836 4432 908 4480 xi.
932 4431 1030 4494 15.]
1401 4438 1425 4470 Β
1459 4430 1483 4477 1
1512 4427 1695 4478 Chron.
1720 4429 1859 4478 xxix.
1884 4431 1961 4479 22.

263 4503 283 4525 θ
323 4497 346 4543 1
378 4493 465 4556 [al.
490 4495 559 4622 3.]]
583 4496 704 4558 Reg.
729 4497 818 4545 xii.
847 4499 889 4545 1.
1403 4493 1423 4523 ¹¹
1458 4493 1502 4622 {l
1534 4493 1668 4543 Sam.
1697 4494 1779 4554 (al.
1804 4494 1946 4571 ἷξες.)
1973 4511 2020 4544 x.
2045 4495 2148 4558 24.]

266 4558 280 4588 ‘
317 4560 346 4606 2
371 4559 451 4621 [al.
478 4561 522 4609 4.
583 4560 702 4622 Reg.
725 4576 795 4610 xi.
821 4563 898 4610 12.
1403 4558 1414 4589 ¹
1484 4560 1598 4609 Act.
1626 4560 1798 4623 Apost.
1825 4574 1858 4608 1.
1884 4559 1984 4623 24.]

2417 690 2618 755 [Postea

2414 757 2707 805 solemniter

2414 821 2677 883 inaugura·

2414 885 2534 948 tua]

2504 2027 2633 2089 312

2419 2735 2607 2848 {Quale

2441 2801 2572 2850 uerit.
2594 2815 2690 2848 sor·

2420 2865 2550 2914 tium
2567 2865 2699 2929 judi·

2421 2930 2601 2991 cium]

2420 4163 2521 4278 {De
2542 4178 2643 4214 am·

2457 4229 2530 4278 itu
2556 4230 2612 4278 in

2420 4294 2666 4344 electione

2422 4359 2626 4409 Pontifi-

2419 4426 2577 4487 cum.]
