3165 4959
1270 323 1357 371 AD
1400 321 1639 371 amm.
2411 305 2567 369 χχιιι

356 478 661 544 inveniat.
755 478 1069 562 Utraque,
1114 478 1194 542 ab
1235 478 1461 542 eodem
1506 478 1812 561 profecta,
1860 485 1926 542 et
1974 477 2235 554 subditi,
2283 484 2349 541 et
2396 477 2566 560 grati

355 582 556 647 animi
585 582 810 647 officiis
854 581 1366 659 devinctissimo;
1415 582 1495 645 ad
1537 581 1815 645 eundem
1860 582 2056 644 finem
2103 581 2345 644 directa
2386 589 2566 644 utra-

352 710 478 771 que
514 689 614 770 (ut
642 688 739 751 rei
768 686 962 750 simul
997 687 1390 764 Christianae,
1422 685 1619 749 simul
1647 686 1859 767 Reyioe
1898 685 2232 748 inserviret
2252 686 2294 769 ε)
2341 691 2567 748 contra

350 790 635 854 eundem
708 797 982 872 utraque
1040 788 1518 867 Adversarium‚
1580 796 1854 871 utraque
1926 810 2041 872 pro
2101 787 2324 851 eodem
2387 789 2564 870 Rege

349 893 619 976 optimo,
652 891 880 957 eodem
925 892 1181 969 affectu,
1215 899 1281 955 et
1324 891 1558 955 favoris
1600 913 1731 973 spe,
1779 891 2027 976 judicio
2063 890 2259 974 (quod
2299 891 2564 974 plurimi

349 994 534 1073 facio,
598 995 667 1057 id
725 996 846 1076 est)
903 996 1045 1058 Tuo
1104 993 1464 1077 subjicitur.
1557 994 1684 1057 Cui
1740 994 1796 1056 si
1855 1015 1924 1057 se
1982 993 2316 1076 probarint
2349 1019 2363 1056 ε
2426 1014 2564 1056 ιιοιι

351 1099 672 1175 morabor,
749 1098 893 1176 etsi,
970 1103 1037 1161 et
1109 1098 1248 1161 haec
1324 1118 1598 1181 quoque,
1671 1103 1746 1160 ut
1819 1096 2205 1180 jamdudum
2279 1097 2564 1179 superior

354 1201 730 1284 Responsio,
768 1222 998 1283 parum
1046 1200 1318 1264 candide
1365 1199 1684 1263 habeatur
1736 1199 1904 1281 apud
1950 1221 2155 1281 genus
2201 1200 2561 1277 hominum,

352 1303 696 1366 inimicum·
730 1304 906 1387 pacis
946 1302 1239 1386 publicae,
1271 1303 1610 1365 inimicum
1640 1302 1978 1385 potestatis
2010 1301 2254 1383 Regiae.
2348 1301 2561 1365 Tanto

351 1414 571 1469 autem
602 1406 839 1483 minus,
874 1405 1045 1489 quod
1074 1425 1209 1467 non
1238 1425 1355 1467 nos
1384 1404 1599 1482 modO,
1625 1404 1737 1467 sed
1767 1403 2082 1487 imprimis
2103 1405 2338 1465 Ducem
2366 1404 2561 1487 hujus

351 1509 592 1570 militine
621 1509 1028 1590 Majestatem
1064 1507 1277 1586 Tuam,
1309 1509 1527 1590 (quam
1559 1506 1641 1569 ad
1675 1506 1944 1588 vestigia
1973 1505 2321 1588 sequimur)
2347 1506 2563 1589 ignavi

351 1612 608 1674 eminus
654 1612 976 1675 allatrent.
1066 1612 1293 1675 Unum
1343 1612 1513 1696 quod
1560 1618 1838 1694 possunt
1874 1610 2142 1673 faciunt.
2232 1611 2451 1692 Atque
2486 1618 2562 1672 ut

352 1714 544 1793 thra,
574 1714 742 1780 nihil
773 1736 1057 1798 unquam
1087 1715 1355 1798 possint,
1388 1716 1605 1778 Deum
1636 1714 1788 1797 Opt.
1815 1714 1994 1777 Max.
2026 1712 2341 1796 supplices
2369 1733 2562 1776 vene—

348 1838 573 1880 ramur
588 1842 606 1893 ;
656 1816 765 1899 qui
795 1818 1210 1902 Majestatem
1240 1818 1445 1880 Tuam
1477 1817 1558 1879 ad
1588 1823 1845 1900 tempus
1875 1816 1993 1880 aevi
2021 1816 2332 1894 mortalis,
2366 1837 2560 1899 quam

348 1919 726 2001 longissime
772 1919 1181 1997 incolumem,
1211 1920 1284 1982 in
1316 1918 1632 1984 Columen
1664 1919 2048 1983 Christianae
2076 1918 2170 1981 rei
2198 1926 2529 1982 conservet
2539 1942 2558 1995 ;

347 2042 502 2084 cum
548 2043 658 2105 spe
701 2043 1021 2105 prospera,
1058 2022 1296 2085 Domus
1332 2022 1474 2083 Pace
1502 2022 1734 2103 Reyiae,
1779 2021 1850 2083 in
1894 2028 2268 2104 perpetuam
2304 2022 2563 2104 Regno-

349 2146 499 2188 rum
528 2131 596 2188 et
626 2124 969 2189 Virtutum
1001 2125 1489 2203 successionem,
1521 2132 1838 2188 aeternum
1870 2123 2216 2188 duraturae.

880 2294 1317 2359 Serenissimae
1347 2294 1687 2379 Majestati
1717 2302 1848 2362 tuae

1048 2486 1088 2528 a
1118 2462 1355 2543 Sacri8‚
1387 2463 1466 2528 ab
1497 2463 1961 2549 EleemosyniS,

1153 2632 1471 2698 Subditus
1503 2635 1867 2716 Servusque
1897 2633 2382 2710 Devotissimus,

1986 2802 2063 2865 L.
2110 2800 2555 2866 ELIENSIS.
