3165 4959
940 336 1304 386 Aromeum
1349 336 1711 385 nnsmnsm.
2300 327 2431 391 883

218 489 547 574 empsisse,
571 491 752 555 nulla
780 492 883 556 vel
912 493 1311 571 eruditionis,
1335 491 1436 558 vel
1465 493 1825 558 sanctitatis
1857 494 2104 560 eximiae
2132 496 2431 580 opinione

216 594 559 677 insignem,
602 593 824 657 soletis
867 594 1078 660 dicere
1093 597 1123 658 P
1214 596 1304 660 Et
1347 595 1456 659 ille
1493 596 1634 680 jam
1677 596 1877 660 Stella
1921 596 2122 677 vobis,
2152 598 2227 662 in
2268 599 2431 663 eoelo

218 694 598 778 splendida?
679 695 892 761 Quam
923 717 1073 762 vero
1102 698 1388 773 hoenon
1429 697 1776 761 convenit?
1856 697 2070 763 Quam
2099 706 2240 764 toto
2270 700 2431 764 eoelo

216 796 475 861 aberrat
506 796 923 863 cardinalis?
994 800 1257 865 Quanto
1284 798 1522 864 rectius
1554 801 1713 879 Rex,
1738 799 1849 883 qui
1876 820 1992 883 per
2019 802 2281 866 eoeleste
2309 803 2432 866 hoe

217 900 399 964 sidus
458 900 776 964 illustrem
828 902 1110 986 aliquam
1169 924 1530 986 personam,
1584 903 1654 967 in
1705 904 1887 982 coelo,
1936 905 2078 970 1000
2134 905 2421 987 (scilieet)

213 1004 528 1070 Eoelesiae
557 1003 821 1068 sublimi
849 1012 916 1069 et
955 1006 1268 1071 eminenti
1298 1005 1511 1084 sitam,
1541 1007 1853 1069 sideribus
1894 1006 2050 1089 ipsis
2080 1028 2428 1089 supparem,

212 1106 500 1170 nominis
530 1106 841 1186 claritate,
874 1116 940 1171 et
970 1108 1306 1192 dignitatis
1334 1109 1530 1173 radiis
1558 1109 1751 1191 longe
1782 1110 2041 1192 lateque
2069 1110 2432 1192 fulgentem

214 1207 590 1289 Pontificem
634 1209 913 1293 aliquem
960 1211 1175 1294 potius
1221 1212 1632 1295 designatum
1676 1212 1907 1294 putet?
1996 1212 2083 1274 In
2126 1212 2432 1294 Pontzfioe

216 1311 397 1376 enim
427 1311 652 1376 insunt
679 1312 821 1377 haee
850 1314 1105 1377 omnia:
1152 1313 1234 1377 ad
1256 1335 1606 1398 pauperem
1635 1322 1702 1378 et
1730 1314 2027 1396 ignotum
2049 1316 2432 1378 Monachum

214 1414 608 1498 detorqueri,
639 1414 763 1479 nisi
791 1415 1009 1500 inepte
1037 1438 1171 1481 non
1201 1412 1493 1500 possunt.

279 1548 351 1598 Et
371 1563 465 1598 nos
487 1584 499 1597 .
526 1586 538 1599 .
562 1586 574 1598 .
599 1549 744 1599 facile
778 1549 1123 1600 demonstrare
1145 1565 1426 1615 possumus,
1447 1565 1548 1614 quo
1579 1550 1733 1601 modo
1765 1549 2020 1600 Lutherus
2051 1551 2307 1612 ceciderit,
2330 1565 2430 1615 quo

344 1645 498 1691 anno,
532 1645 633 1694 qua
664 1632 938 1692 oeoesione,
959 1636 1151 1695 quanto
1182 1633 1416 1695 strepitu,
1439 1636 1493 1681 et
1524 1646 1676 1695 quem
1710 1634 1990 1683 exereitum
2027 1632 2334 1682 locustarum
2364 1632 2427 1683 de

344 1704 514 1775 abyssi
547 1716 701 1776 puteo
734 1710 916 1761 eduxit
951 1712 1060 1777 [lay.
1084 1713 1528 1763 eduxerit—Bell.
1551 1713 1704 1777 Apol.
1738 1728 1832 1777 pro
1864 1712 2034 1778 Resp.]
2069 1729 2118 1779 p.
2146 1715 2257 1765 163.
2292 1714 2426 1779 [Op.,

347 1797 471 1842 tom.
496 1793 583 1842 vii.
606 1792 700 1842 eol.
727 1792 839 1844 790.
859 1791 936 1857 C.]

304 1895 417 1971 At,
443 1913 565 1975 qua
594 1893 914 1955 occasione
941 1892 1222 1976 primum
1245 1893 1572 1958 Lutherus
1611 1891 1682 1956 in
1712 1900 2041 1957 certamen
2071 1893 2421 1972 deseendit,
2450 1896 2723 1962 [Lutherus

211 1994 739 2078 praetereundum
764 1995 1091 2059 Cardinali
1111 1995 1270 2072 fuit;
1317 1995 1425 2060 vix
1453 2017 1530 2059 ea
1558 1994 1716 2059 satis
1745 1996 2019 2060 honesta
2034 1996 2178 2076 fuit,
2200 2019 2326 2081 qua
2343 1997 2423 2060 ad
2448 1961 2724 2087 &pazt-elna

214 2099 466 2180 Papam
492 2099 723 2182 ipsum,
748 2123 877 2183 qua
905 2101 987 2164 ad
1020 2102 1210 2183 Papoe
1245 2101 1592 2174 Quoestores
1610 2128 1630 2163 .·
1678 2101 1946 2183 Papam,
1973 2101 2082 2184 qui
2103 2102 2422 2183 indulgen-

216 2203 452 2264 tiarum
500 2202 857 2286 impostura
903 2205 1103 2268 veteri
1154 2203 1374 2268 orbem
1426 2204 1871 2267 Christianum
1918 2204 2216 2287 expilare,
2276 2205 2428 2288 (qua

213 2314 355 2368 arte
385 2304 685 2368 dotandis
716 2306 1058 2384 sororibus,
1091 2305 1373 2369 ditandis
1403 2306 1770 2389 Nepotibus
1801 2306 1914 2369 diu
1943 2307 2150 2390 abusi)
2178 2332 2192 2370 :
2250 2308 2427 2380 Quae-

212 2413 437 2487 3tores,
486 2408 595 2492 qui
640 2429 775 2472 non
817 2408 955 2473 sine
1006 2408 1196 2489 foeda,
1241 2429 1363 2472 nee
1413 2408 1680 2472 ferenda
1723 2408 2138 2493 blasphemia,
2184 2431 2428 2475 merces

214 2509 360 2574 illas
388 2511 766 2593 protrudere
797 2512 988 2592 soliti,
1028 2512 1126 2594 (ιιι
1156 2519 1293 2576 erat
1327 2513 1504 2576 Gens
1546 2511 1661 2575 illa
1688 2510 1883 2574 nimis
1914 2511 2123 2576 audax
2151 2533 2423 2597 semper,

215 2620 285 2678 et
336 2614 747 2697 importuna,)
800 2622 941 2678 tum
1000 2615 1406 2697 iudulyentiis
1465 2618 1600 2679 suis
1656 2614 2017 2692 efferendis,
2071 2616 2172 2679 vel
2228 2616 2426 2680 etiam

227 2715 480 2799 (horreo
528 2716 834 2799 scribens)
891 2717 1092 2801 siquis
1142 2718 1222 2780 B.
1252 2716 1597 2800 Virginem
1635 2717 2000 2782 violasset·:
2047 2724 2210 2795 tum,
2252 2719 2425 2782 Reli-

219 2820 388 2901 quiis
411 2819 873 2902 confingendis,
898 2829 974 2884 ut
1003 2820 1198 2883 etiam
1227 2818 1308 2883 de
1330 2820 1559 2903 pennis
1584 2819 1664 2884 ab
1697 2820 1800 2883 ala
1823 2819 2142 2884 Gabrielis
2174 2821 2427 2900 avulsis,

220 2921 461 3005 populo
489 2943 605 3005 per
631 2921 926 2986 fraudem
953 2922 1351 2987 illuderent‘.
1420 2924 1579 2987 Tam
1612 2943 1760 2986 vero
1789 2923 1928 2986 haec
1947 2922 2235 2987 Luthero
2245 2924 2431 3005 justa

220 3022 350 3087 fuit
390 3026 650 3103 occasiO,
683 3025 752 3088 in
786 3025 931 3089 illos
968 3026 1302 3089 Bullarum
1332 3024 1694 3089 venditores
1735 3025 2107 3104 invehendi,
2138 3032 2274 3089 tam
2309 3027 2431 3091 hoe

224 3147 416 3208 grave
444 3127 690 3190 malum
721 3126 881 3192 Orbi
911 3127 1225 3205 incubuit,
1253 3135 1326 3193 ut
1349 3126 1651 3210 Pontifex
1677 3128 1835 3211 ipse,
1860 3135 1936 3191 ιιι
1965 3129 2188 3193 Patres
2217 3129 2287 3192 in
2315 3151 2432 3194 suo

229 3229 427 3312 (quod
476 3232 729 3313 vocant)
783 3231 1073 3296 Concilio
1133 3231 1215 3295 ad
1266 3231 1670 3310 Tridentum,
1721 3231 1945 3297 faeeem
1995 3232 2174 3296 illam
2223 3239 2432 3297 totam

222 3333 883 3415 Indulymiariorum,
913 3355 1049 3397 non
1088 3333 1337 3398 minore
1379 3342 1535 3398 nota
1580 3356 1775 3418 quam
1819 3335 2147 3400 Lutherus
2194 3337 2433 3400 confix-

224 3437 371 3514 erit,
402 3437 662 3519 penitus
700 3437 898 3501 etiam
937 3437 1130 3521 (quod
1164 3436 1352 3500 initio
1398 3458 1724 3500 summum
1765 3438 1966 3520 nefas)
2005 3460 2123 3502 suo
2155 3439 2433 3503 Decreto
2543 3511 2546 3516 ,

225 3539 576 3603 sustulerit.
688 3540 1063 3604 Exerevisse
1114 3540 1275 3601 enim
1333 3540 1428 3601 ita
1487 3545 1857 3620 quaestorum
1915 3541 2243 3618 malitiam,
2297 3560 2434 3602 cum

224 3663 449 3724 maqno
490 3642 780 3723 fidelium
838 3644 1106 3706 omnium
1163 3640 1460 3703 scandalo
1519 3646 1581 3702 et
1640 3642 1910 3721 querela,
1961 3647 2033 3704 ut
2093 3642 2168 3705 de
2225 3661 2437 3705 eorum

227 3745 652 3808 emendatione
695 3745 869 3807 nulla
900 3764 1041 3826 spes
1075 3743 1343 3824 amplius
1368 3743 1593 3805 relicta
1621 3742 1930 3805 videatur.
2024 3743 2333 3823 Statuere,
2365 3751 2434 3807 ut

215 3849 510 3928 posthac,
554 3848 623 3909 in
682 3847 1139 3929 quibuscunque
1196 3845 1567 3908 Christianae
1617 3845 1964 3926 Reliyionis
2007 3846 2177 3923 locis,
2227 3867 2436 3909 eorum

226 3970 447 4013 nomeu
505 3955 691 4031 atque
744 3970 894 4012 usus
946 3950 1198 4031 penitus
1259 3948 1644 4011 aboleatur-⁰.
1750 3949 1967 4031 Atque
2039 3948 2165 4012 hoe
2236 3949 2433 4028 exitu,

294 4126 313 4150 ⁸
348 4117 504 4182 [Vide
521 4116 803 4168 Chemnitii
822 4118 1000 4167 Exam.
1015 4116 1163 4167 Cone.
1184 4116 1290 4166 'Pri-
1376 4115 1612 4166 seandalo
1645 4119 1699 4166 et
1725 4116 1927 4179 querela
1955 4131 2236 4167 exerescere
2271 4116 2438 4181 depre-

226 4183 368 4232 dent.
434 4182 439 4186 '
486 4220 497 4231 .
522 4183 588 4231 iv.
612 4198 659 4260 p.
686 4184 763 4232 84.
785 4184 833 4232 b.
862 4182 1086 4232 Francos.
1111 4180 1277 4259 1569]
1375 4180 1641 4240 hendatur,
1679 4185 1738 4229 ut
1776 4180 1839 4229 de
1872 4195 2045 4230 eorum
2087 4180 2440 4231 emendatione

295 4249 315 4279 ‘
338 4197 663 4361 gffplumn
694 4246 918 4310 Spiritus
939 4246 1112 4297 Sancti
1135 4247 1290 4309 loqm-
1374 4246 1518 4294 nulla
1560 4259 1674 4308 spes
1717 4245 1935 4308 amplius
1976 4245 2152 4296 relicta
2193 4246 2438 4306 videatur,

227 4316 316 4361 tur
380 4312 671 4368 hemnitiuffi
698 4312 877 4362 Exam.
896 4312 1044 4361 Cone.
1062 4311 1289 4361 Trident.
1376 4313 1571 4368 statuit.
1605 4313 1665 4358 ut
1701 4309 1922 4372 posthae.
1960 4308 2297 4360 eles—Cone.
2334 4311 2438 4360 'Pri-

227 4391 343 4471 m?
355 4377 698 4517 {5122ssssngssss
742 4456 914 4492 eorum
969 4441 1168 4491 malitia
1222 4441 1295 4490 ita
1379 4373 2189 4503 &Etii'nzaegotxiti’tglgffxrisschfi
2210 4375 2439 4507 &ssi-313.

229 4506 459 4568 quotldie
524 4520 710 4567 magno
773 4507 1001 4556 fidelium
1063 4505 1292 4555 omnium
