3165 4959
416 1119 538 1168 item

430 1183 543 1245 phe-

384 1245 593 1310 sinum]

388 1535 540 1601 [Quoe
565 1534 653 1584 Re-

383 1615 508 1676 gum
531 1614 638 1663 par—

385 1671 463 1713 tes
484 1678 540 1712 1n

693 358 824 422 228
1325 375 1412 421 An
1455 371 1838 420 munimus
1881 371 2280 420 Bmfflmm1

697 551 847 593 vero
879 529 1232 593 secundum
1263 529 1426 593 nulli
1457 549 1787 611 negamus,
1870 527 2163 591 Tertium
2191 526 2285 591 ibi
2316 527 2649 590 Canonem
2680 547 2719 589 a
2749 527 2907 590 Car-

702 632 934 712 dinale,
967 652 1115 695 cum
1147 633 1299 711 suiS,
1341 639 1652 715 negatum
1683 631 2024 694 asserimus
2040 640 2085 694 Β.

771 768 850 817 Ex
872 769 1024 818 tertio
1046 804 1058 816 .
1085 805 1097 818 .
1123 804 1135 817 .
1161 767 1395 818 Generali
1420 804 1431 816 .
1458 804 1470 815 .
1497 804 1508 816 .
1533 767 1667 817 nihil
1690 766 1833 816 aliud
1852 766 2116 826 adducam,
2139 766 2240 815 nisi
2262 769 2460 829 partem
2490 764 2732 828 Epistolae
2755 763 2913 813 'l'heo-

838 850 966 900 dosii
1002 849 1060 913 [J
1065 849 1275 914 unioris]
1307 849 1438 913 Imp.
1470 848 1536 899 ad
1569 885 1581 900 .
1611 885 1624 897 .
1656 884 1667 897 .
1701 848 1982 911 Synodum,
2015 884 2026 896 .
2052 884 2063 896 .
2088 882 2102 896 .
2133 851 2192 896 ut.
2223 846 2332 896 Rex
2360 846 2633 907 intelligat,
2664 859 2778 909 quae
2804 846 2914 893 sint

836 935 1003 996 partes
1024 931 1219 993 Regum
1247 932 1302 980 in
1328 930 1805 996 conciliis—[Bell.
1828 931 1979 994 Apol.
2010 945 2103 995 pro
2126 928 2295 994 Rcsp.]
2325 945 2375 994 p.
2400 933 2479 980 90.
2518 928 2651 993 [Op.‚
2674 933 2797 978 tom.
2821 928 2911 978 vii.

835 1014 927 1063 col.
952 1015 1062 1065 755.
1093 1012 1173 1076 B.]

793 1114 1010 1178 Etiam
1051 1114 1341 1178 Tertium
1388 1114 1708 1178 Generale
1756 1112 2055 1190 excussit,
2103 1133 2227 1175 nec
2279 1112 2620 1195 quicquam
2673 1111 2913 1194 reperit

708 1218 859 1303 nisi2
903 1218 1094 1281 sicui
1138 1218 1393 1281 animus
1440 1217 1544 1295 sit,
1586 1223 1841 1298 partem
1870 1217 2174 1297 Epistola²
2204 1216 2293 1277 ad
2324 1215 2664 1278 Concilium
2711 1216 2914 1277 missae

708 1342 825 1403 pro
858 1320 1148 1384 Concilio
1176 1320 1333 1384 boni
1378 1320 1729 1383 consulere.
1824 1321 1913 1382 Et
1957 1319 2097 1401 haec
2133 1319 2272 1401 jam
2318 1325 2470 1381 ante
2514 1317 2755 1381 obtrita
2797 1325 2913 1396 est,

712 1424 886 1507 apud
912 1425 1183 1487 'Portum
1200 1422 1249 1502 ¹¹,
1296 1446 1416 1488 nec
1457 1423 1568 1502 ibi,
1603 1444 1745 1506 quae
1784 1424 2022 1505 Reyum
2060 1429 2276 1506 partes
2317 1422 2469 1500 sint,
2514 1421 2718 1505 liquet
2736 1448 2755 1500 3
2802 1421 2916 1486 sed

714 1548 858 1611 quae
894 1528 1219 1590 Comitum.
1313 1528 1453 1591 Rex
1483 1533 1698 1589 autem
1736 1526 1967 1609 (puto),
2003 1526 2059 1588 si
2098 1547 2232 1587 non
2267 1531 2530 1607 praestat
2562 1523 2914 1603 Cardinali,

713 1639 778 1693 at
806 1631 1031 1692 Comiti
1059 1637 1340 1712 praestat,
1372 1636 1445 1692 ut
1476 1635 1691 1713 partes
1720 1629 1816 1691 illi
1847 1629 2091 1712 priores
2123 1627 2273 1707 sint,
2298 1636 2364 1691 et
2393 1628 2597 1711 magis
2627 1628 2918 1711 amplum

386 1726 663 1791 Conciliia]
712 1754 972 1810 munuS,
1007 1754 1200 1815 quam
1226 1732 1451 1794 Comiti
1472 1759 1490 1793 :
1524 1732 1625 1795 vel
1655 1753 1733 1795 ex
1760 1731 1904 1810 hoc,
1939 1730 2109 1814 quod
2141 1723 2360 1813 coegit
2387 1730 2717 1814 Synodum
2738 1730 2918 1793 illam

400 3191 524 3256 [Qui
551 3189 675 3240 Con·

396 3257 529 3305 ciliis
552 3257 624 3304 in-

396 3326 578 3370 teresse

396 3383 656 3447 debeant]

712 1834 1133 1910 TheodosiuS,
1189 1833 1364 1916 quod
1401 1833 1803 1898 Candidiano
1849 1855 1982 1896 non
2025 1833 2244 1896 licuit:
2292 1831 2392 1896 vel
2437 1853 2513 1894 ex
2556 1832 2700 1911 hoc,
2748 1834 2919 1916 quod

715 1936 1098 1999 auctoritate
1129 1957 1245 1998 sua
1290 1935 1571 2000 Decreta
1600 1938 1739 2020 ejus
1772 1937 2194 2013 confirmavit,
2228 1934 2398 2018 quod
2439 1955 2650 2018 neque
2681 1935 2918 1999 Candi-

717 2039 908 2102 diano
937 2038 1052 2101 fas,
1144 2039 1232 2100 Et
1270 2059 1406 2100 non
1434 2037 1692 2120 ignorat
1721 2045 1943 2101 tamen
1975 2038 2353 2116 Cardinalis,
2389 2038 2487 2102 vel
2516 2060 2594 2101 ex
2625 2040 2772 2122 jure
2803 2060 2921 2103 suo

719 2140 1050 2205 Canonico
1082 2140 1307 2220 caveri,
1337 2141 1444 2203 ubi
1472 2161 1575 2204 res
1591 2140 1754 2222 fidei
1788 2143 2018 2222 ayitur,
2051 2150 2126 2204 ut
2147 2139 2262 2223 sas
2289 2142 2394 2217 sit,
2427 2148 2487 2204 et
2516 2141 2734 2203 Laicis
2761 2144 2920 2205 inte-

719 2243 932 2307 resse-¹.
1022 2245 1211 2324 Tum,
1247 2245 1684 2309 Candidianus
1712 2245 1944 2308 Comes
1958 2244 1997 2323 ³,
2037 2244 2117 2326 (si
2144 2243 2213 2307 id
2241 2245 2312 2306 in
2344 2243 2662 2307 mandatis
2692 2245 2923 2309 habuit

718 2369 757 2410 a
784 2347 1166 2426 TheodosiO,
1212 2354 1284 2410 ut
1329 2349 1763 2411 dissentientes
1803 2338 2132 2425 cohiberet,
2165 2353 2232 2410 et
2275 2348 2664 2429 repugnandi
2705 2349 2921 2411 studia

720 2451 1173 2533 compesceret)
1232 2437 1397 2535 saepe
1457 2471 1718 2515 necesse
1761 2439 1990 2514 habuit
2037 2449 2378 2513 admiscere
2395 2447 2402 2455 ’
2422 2470 2489 2513 ee
2520 2451 2923 2514 'tractatibus

728 2555 1063 2636 (tractatus
1095 2554 1268 2617 enim
1304 2576 1438 2619 non
1483 2555 1624 2618 sine
1669 2554 2051 2616 dissensione
2080 2552 2344 2633 fiebant)
2385 2574 2550 2636 saepe
2581 2560 2922 2637 utramque

719 2664 968 2740 partem
999 2658 1189 2721 officii
1231 2658 1597 2736 admonere,
1635 2678 1803 2740 saepe
1835 2655 2229 2719 sententiam
2259 2677 2441 2719 suam
2470 2656 2919 2740 interponere:

722 2759 895 2842 quod
961 2784 999 2824 a
1062 2762 1547 2825 Glorioeiesimis
1605 2759 1933 2824 Judicibus
1991 2761 2058 2821 in
2118 2765 2342 2841 quarto
2400 2760 2696 2823 Generali
2755 2781 2923 2843 saepe

720 2863 1086 2927 factitatum
1117 2871 1214 2927 est
1233 2863 1282 2929 k.

787 2996 938 3047 Vidit
960 3033 971 3046 .
998 3032 1010 3045 .
1035 3035 1047 3047 .
1072 2997 1181 3047 Rex
1203 2998 1259 3047 in
1276 2998 1517 3048 Conciliis
1542 3032 1555 3047 .
1581 3035 1595 3046 .
1620 3035 1632 3046 .
1657 3012 1761 3048 non
1777 2997 2064 3047 convenisse
2077 3011 2250 3046 omnes
2274 2996 2661 3056 Ecclesiasticos,
2683 2996 2772 3046 sed
2793 2996 2926 3046 solos

850 3077 1352 3142 Episcopos—[Bell.
1377 3077 1524 3142 Apol.
1549 3092 1641 3141 pro
1665 3077 1833 3141 Resp.]
1858 3092 1905 3140 p.
1927 3080 2004 3127 91.
2032 3077 2164 3142 [Op.,
2189 3084 2310 3129 tom.
2329 3079 2415 3130 vii.
2442 3079 2534 3128 col.
2555 3079 2665 3130 755.
2693 3076 2769 3142 C.]

816 3177 1178 3239 Convenisse
1230 3177 1319 3238 ad
1360 3178 1640 3239 Concilio
1686 3179 1850 3240 solos
1879 3178 2243 3259 Episcopo&
2326 3179 2624 3242 Nimium
2666 3178 2734 3241 id
2781 3177 2925 3259 qui-

724 3278 872 3340 dem
901 3282 1056 3340 erat.
1149 3277 1354 3361 Leget
1385 3279 1581 3367 enim,
1622 3264 1703 3342 ad
1734 3280 2081 3358 Nicenum,
2116 3281 2531 3365 Presbyteros
2560 3280 2824 3357 multOS,
2858 3286 2925 3342 et

724 3380 1045 3443 Diaconos
1092 3381 1497 3445 convenisse:
1544 3382 1977 3447 Athanasium
2019 3405 2289 3467 quoque,
2323 3385 2686 3448 Diaconum
2729 3382 2926 3446 modo

791 3559 815 3591 Ι
858 3549 985 3614 [Τὸν
1030 3549 1192 3611 μέντοι
1237 3552 1785 3603 Κωνσταντινουπόλεως

729 3616 985 3665 ἐπίσκοπον
1018 3617 1150 3678 ἔχειν
1181 3615 1245 3664 τὰ
1273 3618 1506 3680 πρεσβεῖα
1535 3620 1624 3676 τῆς
1647 3621 1786 3678 τιμῆς

726 3681 851 3741 μετὰ
876 3680 963 3728 τὸν
983 3684 1070 3740 τῆς
1093 3681 1272 3740 Ῥώμης
1306 3682 1582 3742 ἐπίσκοπον,
1619 3684 1693 3731 διὰ
1724 3680 1784 3730 τὸ

731 3743 848 3793 εἶναι
877 3746 1033 3805 αὐτὴν
1066 3745 1176 3794 νέαν
1217 3744 1467 3806 Ῥόμην.-
1481 3746 1631 3795 Cone.
1655 3745 1708 3795 C.
1728 3745 1785 3795 P.

732 3808 853 3858 Can.
872 3809 1163 3860 iii.—Conc.
1190 3812 1308 3858 tom.
1335 3811 1387 3858 ii.
1411 3811 1502 3860 eol.
1529 3812 1638 3863 947.
1664 3810 1746 3874 C.]

796 3871 817 3902 '¹
856 3872 1014 3935 [Vide
1038 3875 1233 3924 Tortur.
1258 3873 1415 3936 Tol-ti,
1446 3889 1493 3938 p.
1512 3874 1622 3925 2062
1646 3874 1782 3923 Edit.

728 3936 1068 4051 now-Deerat.
1094 4001 1203 4052 Par.
1229 4002 1261 4051 i.
1285 4002 1415 4052 Dist.
1435 4004 1562 4052 xcvi.
1588 4018 1691 4066 cap.
1712 4004 1778 4051 iv,

729 4065 744 4090 ‘
771 4063 1235 4129 Ubinam.'-Corp.
1279 4066 1388 4114 Jur.
1431 4067 1551 4116 Can.
1591 4072 1712 4116 tom.
1745 4068 1780 4116 i.

729 4128 840 4176 coll.
881 4131 990 4188 465.
1023 4131 1133 4179 466.
1151 4148 1164 4190 ;
1208 4135 1260 4179 et
1292 4131 1418 4178 conf.
1459 4130 1683 4181 Jacobat.
1720 4131 1783 4180 de

730 4190 919 4242 Concil.
944 4194 1031 4243 lib.
1056 4194 1108 4242 ii.
1133 4208 1180 4256 p.
1200 4196 1276 4243 59.
1302 4195 1363 4242 D.
1384 4194 1439 4244 E.
1463 4196 1554 4244 col.
1579 4198 1624 4244 2.
1648 4195 1784 4259 apud

728 4255 875 4305 Cone.
902 4262 1023 4306 tom.
1047 4257 1190 4322 xvii]

790 4320 806 4359 2
854 4321 1184 4385 [Ἐντέταλται
1227 4321 1386 4371 τοίνυν
1421 4322 1734 4381 Κανδιδιανδς,
1759 4325 1785 4372 ὀ

727 4385 1243 4449 μεγαλοπρεπέστατος
1264 4388 1410 4446 κόμης
1434 4391 1529 4436 τῶν
1551 4393 1783 4438 καθωσιω-

727 4446 883 4506 μίνων
903 4450 1211 4510 δομεστικῶν,
1235 4450 1348 4511 ἀχρὶ
1370 4451 1460 4508 τῆς
1486 4452 1627 4513 ἁγίας
1659 4455 1786 4514 ὑμῶν

730 4512 945 4568 διαβῆναι
981 4511 1193 4569 συνόδου,
1246 4514 1323 4561 καὶ
1365 4516 1517 4573 μηδὲν
1558 4516 1647 4575 μὲν
1682 4518 1787 4566 ταῖς

726 4572 831 4634 περὶ
864 4574 961 4621 τῶν
993 4573 1244 4634 δογμάτων
1263 4577 1530 4637 γινομέναις
1557 4577 1786 4640 ζητήσεσι

1870 3553 2162 3612 κοινωνῆσαι,
2182 3555 2296 3604 τοὺς
2318 3554 2570 3615 novumcas-
2593 3554 2642 3603 δὲ
2681 3554 2758 3603 καὶ
2790 3555 2929 3615 μονά-

1871 3615 2054 3678 ζοντας,
2075 3615 2187 3667 τούς
2214 3637 2270 3667 τε
2305 3620 2396 3677 ἤδη
2418 3620 2494 3668 διὰ
2518 3619 2662 3667 τοῦτο
2685 3629 2929 3679 συνειλεγ-

1869 3683 2049 3741 μένους,
2079 3683 2155 3731 καὶ
2188 3684 2300 3733 τούς
2323 3682 2617 3743 συνάγεσθαι
2636 3683 2926 3742 μέλλοντας,

1869 3748 1958 3804 τῆς
1980 3746 2125 3803 αὐτῆς
2154 3749 2295 3796 παντὶ
2315 3750 2472 3810 τρόπῳ
2493 3747 2696 3809 χωρίσαι
2720 3745 2926 3797 πόλεως.

1872 3846 1884 3859 .
1911 3847 1922 3858 .
1948 3846 1960 3857 .
1983 3810 2076 3859 Καὶ
2097 3811 2346 3874 φροντίσαι
2366 3814 2453 3861 τοῦ
2471 3811 2536 3870 μή
2557 3829 2665 3860 τινα
2686 3810 2930 3873 &xamen

1870 3876 1923 3936 ἐξ
1960 3875 2258 3925 ἀντιπαθείας
2294 3877 2373 3924 ἐπὶ
2401 3875 2553 3925 πλέον
2589 3878 2929 3939 παραταθῆναι·

1871 3941 1931 3989 ὥς
1968 3940 2027 3987 ἂν
2061 3941 2129 3999 μὴ
2167 3943 2224 3990 ἐκ
2256 3938 2431 3989 τούτου
2465 3940 2495 3997 ἡ
2532 3943 2619 3998 τῆς
2653 3939 2930 4001 ἁγιωτάτης

1869 4005 1995 4065 ὑμῶν
2018 4002 2221 4055 συνόδου
2244 4003 2633 4067 παρεμποδίζοιτο
2664 4003 2928 4064 διάσκεψις.

1869 4068 1948 4116 καὶ
1984 4070 2017 4128 ἦ
2045 4070 2243 4133 ἀκριβὴς
2267 4069 2355 4126 τῆς
2381 4069 2608 4126 ἀληθείας
2639 4067 2840 4130 ζήτησις
2873 4070 2929 4119 ἐκ

1867 4132 1956 4191 τῆς
1993 4133 2304 4195 ἐγγινομένης
2336 4132 2490 4195 τύχον
2528 4131 2738 4182 ἀτάκτου
2771 4153 2928 4196 περιη-

1868 4194 2060 4257 χήσεως
2086 4196 2652 4262 διακροόπται-Τὴοοᾱ,
2677 4197 2839 4261 Epist.
2862 4197 2928 4247 ad

1871 4260 2019 4310 Conc.
2057 4261 2405 4325 Eph.-Conc.
2439 4260 2567 4325 Eph.
2603 4276 2708 4325 par.
2742 4263 2779 4310 i.
2817 4277 2926 4325 cap.

1871 4340 2023 4374 xxxv.
2062 4326 2209 4375 Cone.
2236 4330 2358 4375 tom.
2380 4326 2453 4375 iii.
2478 4326 2570 4376 col.
2589 4327 2702 4375 442.
2730 4325 2787 4375 E.
2815 4328 2926 4377 443.

1869 4388 2153 4519 ΑἷΒίξῙίἀο
2168 4454 2316 4504 Cone.
2335 4453 2503 4504 Chalc.
2522 4455 2636 4504 Act.
2653 4453 2925 4505 ii.-—Conc.

1873 4521 1995 4567 tom.
2026 4520 2091 4567 iv.
2141 4519 2232 4568 col.
2258 4520 2369 4570 337.
2395 4519 2486 4578 B.;
2541 4522 2593 4569 et
2627 4519 2743 4568 Act.
2772 4519 2928 4568 lii.—

1873 4581 1998 4630 ibid.
2033 4582 2123 4633 col.
2150 4584 2261 4634 468.
2286 4584 2339 4633 Ο.
2360 4582 2448 4646 D.]
