3165 4959
435 1145 557 1208 131

670 324 798 390 172
1296 340 1383 387 An
1428 338 1809 388 CARDINAms
1853 336 2251 385 nmmum

669 500 808 555 tum
842 512 958 575 pro
989 491 1281 575 deposito
1313 493 1578 574 Regem,
1614 512 1805 574 quem
1850 490 1979 554 duo
2011 488 2354 553 Pontifices
2385 486 2874 571 deposuerantfl.

674 594 858 659 Idem
890 601 957 658 et
986 594 1055 656 in
1079 594 1397 677 Hispania
1425 593 1640 673 visuri,
1674 594 1725 656 si
1750 593 2117 676 Philippum
2142 592 2260 669 II.,
2293 590 2464 674 quod
2493 589 2773 653 habebat
2803 590 2879 653 in

673 696 891 760 animo
925 696 1145 760 Sixtus
1175 697 1281 775 V.,
1313 696 1941 761 excommunicatum
1984 694 2211 778 prim0,
2245 692 2699 776 deponendum
2729 699 2879 775 post

672 798 1037 861 censuisset.
1145 800 1493 863 Assumere
1552 819 1705 881 ergo
1764 798 1903 861 haec
1959 818 2093 860 non
2152 795 2393 874 debuit,
2456 815 2599 879 quae
2656 794 2748 858 sic
2805 796 2878 857 in

672 902 922 964 dubium
965 904 1250 966 revocari
1296 903 1505 966 solent
1534 928 1554 979 3
1619 902 1729 965 sed
1783 901 2107 984 disputare
2140 925 2154 962 ε
2220 899 2274 962 si
2322 898 2411 961 sic
2463 901 2562 983 (ιιι
2620 898 2734 981 ait)
2792 897 2880 961 ad

669 1007 726 1069 A
734 1004 1056 1088 pologiam
1085 1006 1318 1069 directe
1345 1007 1715 1087 respondere
1742 1005 1813 1067 in
1843 1004 2058 1068 animo
2088 1002 2436 1067 habuisset.

741 1156 993 1207 Posterius
1014 1161 1166 1221 caput
1186 1158 1252 1208 ad
1274 1157 1519 1208 fallendos
1540 1158 1750 1209 lectores
1772 1158 2009 1221 ambiguo
2041 1193 2054 1205 .
2090 1192 2103 1204 .
2140 1193 2151 1205 .
2186 1155 2500 1218 proponitur,
2530 1155 2664 1218 (cum
2686 1153 2881 1204 dieitur

802 1275 816 1289 .
852 1274 865 1288 .
901 1275 914 1288 .
949 1274 961 1287 .
999 1243 1012 1266 ⁴
1037 1239 1183 1289 Hanc
1215 1239 1272 1289 in
1309 1240 1470 1303 Reges
1508 1245 1827 1304 potestatem,
1860 1241 2012 1302 &002
2081 1237 2262 1296 Quaero
2296 1236 2435 1285 enim
2471 1235 2594 1298 quid
2630 1236 2729 1285 sibi
2764 1236 2882 1286 vult

803 1318 948 1378 illud,
987 1319 1136 1370 Hane
1174 1320 1712 1385 potestatem—[Bell.
1756 1319 1906 1384 Apol.
1944 1333 2036 1383 pro
2072 1317 2242 1382 Resp]
2279 1333 2327 1381 p.
2354 1318 2432 1368 54.
2469 1316 2602 1382 [Op.,
2638 1322 2762 1367 tom.
2786 1318 2877 1366 vii.

804 1400 917 1450 coll.
943 1400 1053 1452 734.
1081 1401 1143 1451 D.
1169 1402 1280 1454 735.
1306 1402 1396 1465 A.]

474 1544 576 1594 lem
594 1545 651 1596 in
678 1547 687 1560 ¹
767 1518 964 1597 Quin,
995 1519 1118 1582 hoc
1146 1519 1285 1603 ipso
1308 1521 1446 1603 jam
1467 1520 1630 1598 loco,
1653 1519 1767 1582 ubi
1785 1518 2040 1602 satagit,
2071 1524 2146 1581 ut
2177 1522 2438 1580 excuset
2467 1537 2534 1579 se
2566 1516 2877 1595 criminis,

414 1556 476 1592 ua

346 1539 458 1668 43.

458 1623 511 1658 es
532 1623 615 1673 ΡΟ·
678 1621 850 1704 quod
882 1622 1116 1684 directe
1145 1643 1268 1684 non
1294 1623 1703 1702 responderit,
1733 1627 1967 1684 statum
1997 1640 2199 1684 caasae
2228 1640 2351 1682 non
2379 1621 2663 1697 mutavit,
2695 1625 2884 1682 extra

346 1676 586 1723 testatem

347 1736 531 1787 habeat

672 1744 804 1787 rem
834 1726 1149 1807 diores-sus
1194 1746 1318 1788 non
1362 1727 1467 1802 sit,
1512 1725 1639 1788 tria
1681 1725 1819 1787 haec
1869 1724 2177 1806 (iuquam)
2222 1722 2346 1786 hoe
2388 1722 2527 1805 ipso
2563 1723 2703 1805 jam
2733 1724 2878 1787 loeo

348 1799 623 1867 Pontifex]
671 1826 862 1892 facit:
911 1827 1068 1890 dum
1108 1828 1335 1890 cavillo
1377 1827 1580 1890 eludit
1624 1828 1952 1906 lectorem,
2004 1827 2287 1909 ambiyae
2339 1848 2380 1889 a
2424 1828 2594 1908 Reye
2630 1828 2888 1908 positas

670 1949 857 1992 voces
904 1929 1041 2007 has,
1071 1929 1259 1991 Hanc
1297 1930 1366 1991 in
1394 1930 1596 2011 Reyes
1618 1934 2013 2010 potestatem.
2106 1928 2262 2007 Ubi,
2295 1930 2456 1991 hanc
2484 1935 2886 2009 potestatem,

672 2031 828 2112 quid
852 2030 975 2093 sibi
1004 2031 1176 2109 velit,
1210 2033 1451 2114 quaerit.
1541 2030 1816 2094 Omissis
1863 2039 2082 2094 autem
2131 2030 2279 2108 inis,
2329 2032 2399 2092 in
2438 2031 2658 2113 Reges,
2752 2031 2892 2096 Vix

672 2134 906 2196 directe
933 2133 1077 2197 hoe.
1164 2135 1457 2198 Potestas
1486 2133 1659 2197 enim
1691 2135 1759 2195 in
1787 2134 1989 2216 Reges
2019 2133 2352 2198 Pontificis
2383 2134 2539 2216 quid
2567 2134 2689 2197 sibi
2717 2136 2893 2214 velit,

672 2236 814 2320 quis
843 2238 1049 2301 nescit
1069 2238 1099 2300 Ρ
1144 2245 1219 2300 ιιι
1251 2238 1436 2301 anxie
1465 2259 1626 2321 opus
1655 2237 1738 2300 sit
1768 2257 2057 2320 qaoerere,
2091 2237 2247 2319 quid
2276 2257 2429 2301 voce
2446 2239 2787 2319 potestatis
2816 2239 2889 2301 in

668 2341 870 2422 Reges
914 2341 1412 2424 intelligendum
1470 2342 1705 2405 veniat.
1799 2341 1994 2407 Quod
2052 2349 2291 2418 autem,
2351 2343 2513 2404 hanc
2576 2343 2643 2404 in
2701 2362 2885 2424 reyes

653 2450 1050 2527 potestatm,
1112 2445 1364 2525 dixerit,
1422 2445 1493 2510 id
1540 2445 1622 2510 ad
1675 2445 2001 2530 superiora
2044 2445 2268 2510 referri
2316 2444 2525 2524 debet,
2574 2445 2709 2511 Ubi
2754 2447 2879 2510 duo

666 2552 909 2610 tantum
931 2568 1061 2611 esse
1109 2549 1319 2630 capita
1371 2548 1545 2627 dicit,
1590 2547 1671 2611 de
1709 2548 1940 2631 quibus
1984 2547 2054 2611 in
2097 2547 2414 2630 Apologia
2457 2547 2774 2627 disseruit,
2805 2555 2881 2611 ut

667 2670 860 2732 supra
897 2652 1126 2714 monui.
1222 2652 1431 2734 Supra
1460 2652 1731 2714 monitus
1759 2651 1979 2729 lector,
2024 2671 2161 2715 non
2192 2650 2300 2713 hic
2335 2651 2475 2734 jam
2507 2651 2718 2715 denuo
2747 2673 2878 2714 mo-

667 2755 905 2816 nendus
934 2760 1072 2818 erat
1100 2760 1237 2817 tam
1268 2756 1416 2818 cito.
1506 2754 1695 2817 Hanc
1734 2756 1803 2817 in
1852 2755 2053 2837 Reyes
2085 2760 2483 2835 potestatem,
2527 2754 2711 2818 facile
2760 2777 2881 2839 per

671 2878 740 2922 se
764 2858 1173 2938 intellexerit,
1206 2858 1286 2922 de
1318 2881 1446 2942 qua
1476 2859 1617 2922 Rex
1645 2879 1838 2940 supra
1867 2865 2210 2922 monuerat.
2306 2860 2484 2924 Nam
2517 2865 2593 2922 ut
2622 2862 2785 2924 hanc
2814 2861 2886 2923 ἐπ’

669 2960 872 3042 Reyes
910 2968 1293 3043 potestatem
1315 2961 1668 3038 Pontifieis,
1702 2961 1782 3024 de
1811 2960 2177 3025 obedientia
2205 2961 2610 3027 subditorum
2638 2963 2884 3028 intelli-

671 3070 870 3144 geret,
918 3075 1050 3142 aut,
1098 3070 1173 3127 ut
1213 3067 1377 3127 lianc
1418 3066 1486 3126 in
1528 3064 1730 3146 Reyes
1755 3071 2152 3146 potestatem,
2186 3065 2265 3129 de
2303 3072 2620 3147 potestate
2653 3068 2880 3147 prohi-

674 3166 856 3228 bendi
890 3168 1298 3248 juramenta;
1362 3188 1552 3231 nemo
1611 3174 1748 3231 tam
1813 3169 2049 3253 (eredo)
2112 3169 2419 3234 insulsus.
2510 3171 2599 3233 Et
2651 3171 2881 3235 lectori

672 3268 913 3352 injuria
958 3270 1032 3333 fit
1076 3292 1117 3333 a
1157 3270 1517 3349 Cardinale,
1552 3271 1664 3354 qui
1694 3271 1784 3335 sic
1823 3273 2015 3356 nugis
2044 3272 2146 3335 his
2191 3273 2535 3338 detinetur.
2628 3274 2882 3340 Verum

677 3371 1003 3435 Cardinali
1032 3379 1282 3436 eertum
1318 3373 1588 3454 diqredi,
1620 3372 1703 3436 ad
1732 3374 1856 3438 alia
1884 3374 2103 3437 omnia
2131 3375 2378 3457 diqredi
2407 3382 2474 3439 et
2507 3379 2880 3459 retroffredi,

676 3496 869 3557 quam
911 3482 988 3538 ut
1029 3474 1109 3538 de
1138 3474 1357 3539 odiosa
1383 3475 1505 3539 hae
1533 3477 1603 3538 in
1630 3477 1831 3559 Reyes
1864 3484 2180 3559 potestate
2223 3481 2517 3562 conyredi
2544 3481 2717 3559 velit,
2764 3489 2884 3545 aut

673 3580 957 3643 universe
984 3579 1088 3644 vel
1116 3578 1459 3662 disputare,
1490 3579 1593 3643 vel
1624 3579 1854 3644 dioere.
1946 3580 2207 3645 Diceret
2234 3582 2305 3644 in
2336 3583 2529 3646 Brevi
2556 3583 2881 3662 Pontifex,

679 3683 940 3762 diceret,
974 3704 1166 3766 quam
1195 3689 1465 3766 partem,
1493 3704 1688 3765 quam
1716 3704 1939 3748 vocem
1978 3684 2070 3748 ibi
2107 3685 2498 3768 prohiberet.
2590 3687 2885 3772 Respon-

681 3787 863 3851 deret
895 3785 1253 3850 Cardinalis
1285 3787 1538 3864 directe,
1565 3785 1791 3865 sicubi,
1822 3787 1892 3849 in
1912 3787 1954 3849 J
1954 3796 2315 3867 uramento,
2336 3788 2719 3853 obedientiae
2738 3812 2888 3872 vox,

681 3890 868 3954 aliter
928 3910 1121 3972 quam
1180 3889 1381 3953 civilis
1440 3888 1824 3953 obedientiae
1884 3911 2077 3954 sensu
2131 3892 2380 3955 veniret
2438 3892 2886 3976 intelligenda.

680 3994 838 4058 Non
888 3991 1080 4057 facit:
1128 3992 1430 4076 ambages
1491 3991 1741 4075 quaerit,
1789 3993 2179 4080 principium
2235 3996 2420 4079 petit,
2469 3997 2704 4061 directe
2748 4018 2890 4063 non

679 4096 1029 4178 respondet.

751 4262 774 4295 ‘¹
811 4263 997 4326 [Henr.
1021 4263 1204 4315 se.1V.
1238 4264 1495 4328 depositus
1552 4265 1740 4316 rimum
1826 4267 1914 4317 lib.
1940 4267 2088 4317 xcvii.
2123 4283 2229 4333 cap.
2253 4270 2298 4318 4.
2333 4272 2455 4319 tom.
2480 4269 2547 4319 iv.
2582 4284 2630 4333 p.
2655 4268 2791 4333 794.)
2833 4275 2890 4321 et

682 4342 715 4378 a
756 4327 904 4378 Sixto
926 4329 1009 4390 V.,
1043 4329 1256 4406 (sshuan.
1299 4330 1437 4381 Hist.
1479 4280 1566 4380 lig.
1593 4331 1740 4380 lxxii.
1826 4333 2086 4383 absolutus
2105 4333 2310 4383 demum
2337 4332 2480 4396 (ibid.
2503 4334 2593 4385 lib.
2610 4335 2750 4384 cxiii.
2774 4350 2887 4400 cap.

685 4406 794 4454 cap.
833 4396 877 4443 5.
922 4398 1047 4442 tom.
1082 4408 1182 4471 ιγ..
1241 4431 1253 4443 .
1293 4396 1454 4472 ξολ).
1482 4396 1668 4446 iterum
1710 4412 1743 4446 a
1827 4400 1906 4448 22.
1939 4402 2062 4447 tom.
2085 4413 2132 4447 ν.
2165 4413 2250 4462 pp.
2271 4400 2384 4475 522,
2406 4397 2547 4460 523]

688 4454 1204 4584 azzi-..we
1226 4459 1740 4588 exagitor-..1232
1894 4470 1915 4495 ‘²
1951 4462 2176 4527 [m.
2198 4463 2382 4514 ”m
2415 4477 2467 4528 Ρ·
2490 4463 2599 4526 2⁵³
