3165 4959
747 298 875 359 114
1372 312 1457 359 AD
1503 311 1886 359 cAsmNALIs
1927 310 2324 358 BELLARMINI

743 469 1022 533 honores
1052 471 1253 533 evecti
1286 477 1458 532 sunt.
1550 471 1643 531 At
1679 474 1798 542 est,
1840 475 2075 551 praeter
2113 468 2259 544 ista,
2304 468 2376 530 in
2409 467 2696 550 Regibus
2733 489 2953 531 exsors

528 583 614 644 88
746 573 1041 655 quaedam
1089 572 1461 651 eminentia,
1513 594 1659 655 qua,
1708 585 2137 654 praeterquam
2195 571 2370 633 inter
2428 592 2516 648 se,
2571 591 2769 651 pares
2817 593 2953 634 non

745 682 933 739 sunt:
979 675 1258 758 reliquos
1287 696 1510 739 omnes
1540 675 1730 755 longe
1761 674 2166 759 multumque
2195 681 2342 756 post
2374 694 2442 736 se
2470 673 2868 756 relinquunt.

809 817 1063 868 Henricus
1086 818 1368 868 V111.Rex
1393 818 1695 881 Aug-lorum,
1735 833 1837 866 non
1871 816 2142 880 indignum
2182 817 2282 866 sibi
2321 819 2522 881 putavit
2544 817 2781 868 adversus
2813 818 2950 868 Mar-

873 901 1044 949 tinum
1068 900 1347 950 Lutherum
1372 900 1682 949 Monachum
1705 936 1717 948 .
1744 936 1756 948 .
1781 936 1792 948 .
1819 899 2266 963 scribom—[Bell.
2293 899 2443 963 Apol.
2477 915 2569 963 pro
2593 899 2762 964 Resp.]
2796 916 2844 964 p.
2871 904 2951 950 30.

878 982 1012 1046 [Op.,
1033 987 1158 1032 tom.
1175 984 1263 1032 vii.
1288 982 1380 1033 col.
1407 983 1517 1034 Ἰ122.
1542 981 1632 1045 Α.]

446 1091 693 1170 Exempla
839 1081 1106 1164 Scripsit
1137 1081 1216 1144 de
1247 1089 1496 1165 septem
1529 1080 1983 1158 sacramentis,
2006 1087 2199 1161 atque
2229 1078 2436 1143 obiter
2463 1079 2534 1142 in
2565 1080 2953 1157 Lutherum,

426 1173 636 1285 vfffff
753 1185 891 1248 Rex
923 1183 1247 1248 Henricus
1277 1184 1479 1247 VIII.
1572 1183 1682 1246 Ita
1709 1182 1916 1246 visum
1947 1190 2066 1261 est,
2098 1182 2299 1245 voluit
2344 1203 2419 1246 eo
2464 1204 2531 1246 se
2577 1182 2951 1246 demittere:

752 1287 806 1351 si
858 1287 927 1350 id
975 1286 1308 1365 noluisset,
1361 1286 1541 1350 haud
1593 1285 1652 1349 ei
1701 1285 2038 1368 quisquam
2096 1285 2329 1368 (credo)
2385 1286 2568 1349 litem
2627 1285 2952 1350 movisset.

752 1392 897 1454 Nec
929 1391 1094 1474 Regi
1137 1398 1362 1454 nostro
1405 1390 1627 1473 igitur,
1661 1389 1714 1451 si
1752 1410 1901 1452 cum
1933 1388 2274 1452 Cardinale
2303 1388 2686 1451 nominatim
2717 1389 2787 1451 in
2816 1411 2952 1452 cer-

752 1501 974 1557 tamen
1018 1494 1318 1577 componi
1354 1493 1586 1557 noluit.
1675 1491 1905 1555 Voluit
1951 1491 2119 1554 forte
2164 1512 2311 1554 cum
2356 1491 2644 1556 Luthero
2681 1493 2955 1574 experiri

757 1596 1116 1661 Henricus:
1162 1618 1297 1660 non
1325 1596 1465 1659 vult
1495 1617 1642 1659 cum
1673 1594 2014 1658 Cardinale
2048 1596 2188 1658 Rex
2216 1603 2453 1658 noster.
2533 1595 2774 1658 Utrum
2803 1616 2955 1658 vero

755 1699 861 1762 hic
906 1698 1245 1762 laudamus
1266 1700 1296 1761 ⁴?
1388 1699 1555 1762 Uter
1605 1696 1856 1774 meliuS,
1910 1697 2189 1780 magisve
2235 1717 2313 1760 ex
2357 1695 2673 1780 dignitate
2704 1699 2953 1780 Regia?

754 1802 899 1865 Nec
945 1808 1041 1864 est
1082 1801 1257 1864 enim
1287 1801 1485 1883 Regis
1527 1800 1634 1863 hic
1669 1800 1939 1863 Henrici
1987 1806 2052 1864 et
2100 1800 2329 1865 Nostri
2376 1800 2658 1864 conditio
2707 1801 2954 1865 eadem.

756 1902 880 1966 Ille
910 1903 1273 1967 Lutherum
1318 1903 1491 1967 ultro
1532 1902 1870 1980 lacessivit,
1916 1924 2037 1966 nec
2067 1902 2147 1966 ab
2180 1923 2257 1966 eo
2286 1903 2385 1967 vel
2413 1903 2609 1967 verbo
2637 1904 2910 1968 violatus
2938 1932 2951 1968 :

758 2008 917 2083 Rex,
950 2006 1308 2071 Cardinalis
1338 2006 1631 2089 Epistola
1672 2007 1884 2085 laesuS,
1924 2006 1995 2069 in
2040 2006 2356 2089 dignitate
2401 2029 2535 2086 sua,
2576 2008 2646 2070 in
2690 2029 2953 2072 suorum

755 2109 881 2173 fide
921 2109 1108 2174 laesus
1152 2117 1217 2174 et
1259 2109 1613 2186 lacessitus,
1646 2130 1720 2172 ac
1751 2110 1962 2192 Reges
2002 2109 2074 2171 in
2118 2131 2195 2173 eo
2243 2131 2483 2187 omnes,
2519 2110 2954 2175 defensionem

755 2214 1030 2296 suscepit
1073 2214 1516 2292 necessariam,
1559 2213 1680 2291 sui,
1713 2221 1778 2277 et
1823 2214 2114 2276 aliorum.
2205 2213 2363 2277 Non
2396 2214 2598 2297 igitur
2626 2223 2955 2280 certamen

752 2317 1250 2400 Theologicum3
1299 2317 1672 2401 Principum
1725 2318 1913 2395 salus,
1967 2317 2184 2400 populi
2231 2318 2389 2380 fides
2438 2319 2786 2401 agebatur:
2832 2341 2958 2384 nec

754 2421 917 2485 inire
963 2428 1290 2486 certamen
1340 2421 1607 2506 ingenii,
1636 2415 1768 2485 ‘sed
1816 2420 2123 2505 injuriam
2173 2421 2421 2485 illatam
2465 2424 2837 2507 propulsare
2882 2424 2954 2488 in

756 2525 971 2589 animo
998 2525 1243 2589 habuit.

817 2660 1053 2711 Julianus
1068 2675 1264 2725 quoque
1280 2659 1575 2725 Imperator,
1593 2660 1714 2724 quia
1734 2674 1837 2709 non
1856 2662 2124 2709 contentus
2140 2658 2394 2722 imperiali
2422 2660 2702 2724 splendore,
2720 2662 2958 2725 cupiebat

882 2744 1037 2792 etiam
1060 2743 1244 2792 clarere
1276 2743 1482 2792 nomine
1519 2738 1834 2802 eruditionis,
1858 2741 2062 2805 scripsit
2082 2740 2254 2800 libros,
2277 2755 2380 2790 non
2401 2740 2641 2792 adversus
2662 2742 2839 2806 Reges,
2864 2746 2955 2794 sed

882 2822 1117 2873 adversus
1139 2823 1409 2887 Magistros
1433 2824 1837 2873 Christianorum
1853 2822 2104 2886 0.—[Beu.
2130 2820 2277 2884 Apol.
2302 2836 2393 2886 pro
2427 2822 2596 2887 Resp]
2634 2838 2681 2887 p.
2703 2826 2779 2874 31.
2819 2824 2957 2889 [Op.,

881 2910 1003 2955 tom.
1024 2906 1110 2954 vii.
1134 2906 1222 2955 col.
1248 2906 1357 2958 722.
1383 2905 1468 2969 A.]

428 3011 480 3075 [J
486 3010 685 3075 allant]
839 3002 1056 3065 Etiam
1118 3003 1159 3065 J
1164 3002 1463 3065 ulianizat
1539 3002 1770 3065 denuo·
1882 3000 2197 3085 Quodque
2255 3001 2350 3064 illi
2406 3024 2665 3080 nomen,
2726 3005 2826 3068 vel
2883 3005 2957 3068 in

753 3106 990 3190 scripto
1026 3107 1236 3189 priore
1247 3105 1284 3185 s,
1317 3106 1537 3169 odium
1569 3106 1846 3170 concivit
1893 3106 2210 3170 bonorum
2255 3106 2564 3185 omnium,
2598 3128 2719 3172 nec
2747 3130 2822 3172 eo
2852 3110 2957 3173 vel

751 3209 858 3273 hic
896 3209 1035 3293 jam
1080 3209 1378 3286 abstinet,
1412 3231 1538 3291 qua
1578 3215 1678 3272 est
1717 3209 1788 3271 in
1819 3209 2094 3291 Regium
2125 3230 2367 3272 nomen
2397 3210 2683 3273 caritate.
2779 3211 2956 3277 Quid

753 3313 1020 3376 autem?
1112 3314 1280 3377 Cum
1315 3314 1629 3394 Apo-stata
1672 3312 1781 3377 ille
1829 3333 2215 3397 magnopere
2260 3312 2684 3397 philosophus
2729 3314 2956 3379 haberi

753 3423 1035 3500 cuperet,
1076 3416 1249 3479 ultro
1291 3422 1518 3480 contra
1554 3437 1686 3478 rem
1722 3416 2144 3479 Christianam
2189 3415 2591 3499 scriptitavit.
2683 3418 2775 3481 At
2806 3440 2958 3482 suas

751 3541 854 3583 res
906 3520 1038 3603 egit
1087 3521 1227 3584 Rex
1268 3526 1509 3597 noster,
1558 3527 1626 3583 et
1675 3525 1773 3583 est
1819 3520 1877 3583 ei
1928 3518 2165 3601 (nescio
2217 3519 2559 3601 quomodo)
2603 3520 2698 3584 vis
2740 3521 2955 3586 facta:

749 3643 873 3688 nec
903 3629 1128 3687 contra
1155 3644 1286 3686 rem
1317 3623 1568 3707 scripsit
1599 3629 1840 3699 tamen,
1872 3621 1999 3685 nisi
2029 3622 2617 3700 Antichristianam,
2649 3645 2770 3687 nec
2800 3646 2956 3689 con-

750 3736 855 3790 tra
897 3725 1238 3810 magistros
1274 3727 1790 3803 Christianorum,
1824 3726 1979 3808 quin
2011 3725 2432 3788 Proditorum.
2522 3727 2960 3809 Blaspkemias

753 3830 1014 3912 spiravit
1069 3831 1110 3893 J
1113 3829 1314 3894 uliani
1365 3829 1563 3893 liber:
1630 3830 1767 3892 Rex
1813 3835 1954 3892 toto
2010 3849 2125 3891 suo
2170 3828 2556 3891 meretricem
2602 3829 2962 3896 insectatur

750 3934 962 4012 mod0,
996 3935 1097 3995 cui
1142 3935 1379 4015 scripta
1427 3934 1494 3994 in
1530 3930 1752 4012 fronte
1799 3932 2174 4012 blasphemia
2187 3941 2232 3993 Β.
2327 3931 2500 3996 Quid
2545 3932 2789 3997 habent
2817 3935 2961 4000 haec

754 4037 961 4099 simile
984 4038 1013 4098 ?

818 4211 837 4233 ²
874 4204 1029 4268 [Vide
1053 4204 1204 4267 Cyril.
1233 4205 1378 4255 Alex.
1402 4205 1457 4253 in
1480 4204 1511 4253 J
1517 4205 1688 4261 ulian„
1723 4206 1811 4266 qui
1963 4204 1978 4234 ¹
2015 4205 2170 4269 [vide
2196 4204 2339 4268 Resp.
2370 4205 2528 4262 Toni.
2553 4223 2599 4271 p.
2626 4211 2718 4269 96;
2753 4214 2805 4258 et
2829 4209 2959 4260 Bell.

752 4270 910 4317 “huic
927 4270 1082 4345 operi,
1095 4271 1294 4319 omissis
1309 4269 1558 4319 duntaxat
1570 4270 1627 4317 in
1647 4268 1811 4319 Chris-
1901 4271 2011 4333 Op„
2035 4271 2257 4319 tom.vii.
2283 4271 2378 4319 col.
2399 4271 2532 4335 683]

753 4337 884 4391 tum,
920 4333 1139 4396 Ejusque
1188 4335 1485 4396 religionem
1527 4335 1811 4394 invectivis,
1962 4344 1986 4375 ⁸
2019 4335 2194 4399 [Apoc.
2213 4336 2334 4383 xvii.
2361 4339 2419 4392 33
2450 4342 2503 4384 et
2524 4337 2584 4385 cf.
2609 4337 2657 4385 S.
2677 4337 2820 4387 Hier.
2843 4339 2960 4390 adv.

752 4398 1029 4447 maximam
1065 4404 1259 4461 partem
1301 4414 1506 4462 operum
1542 4399 1813 4449 Julianaeo·
1897 4400 2152 4449 Jovinian.
2193 4400 2281 4447 lib.
2307 4400 2382 4450 iii.
2421 4404 2549 4460 §38.
2603 4402 2713 4465 Op.,
2754 4409 2876 4453 tom.
2903 4406 2960 4456 ii.

754 4462 1169 4587 xpmgssilloexum„
1208 4464 1322 4513 Cav.
1346 4464 1479 4513 Hist.
1504 4465 1602 4514 Lit.
1631 4470 1750 4515 tom.
1777 4466 1807 4514 i.
1897 4465 2008 4514 coll.
2037 4467 2147 4515 382.
2167 4464 2218 4512 E.
2246 4468 2355 4514 383.
2375 4466 2457 4528 A]
