3165 4959
702 302 831 363 328
1332 317 1415 362 An
1459 316 1840 363 CARDINALIS
1883 314 2302 363 nmmum.

701 473 910 551 illum,
952 480 1018 535 et
1065 473 1191 536 alio
1234 481 1380 556 post
1425 473 1727 537 effectum
1774 471 2042 536 dederit.
2152 473 2309 536 Non
2356 472 2527 535 cadit
2574 471 2644 534 in
2690 473 2913 536 Deum

701 575 1041 658 protelatio
1088 576 1244 639 haec.
1338 577 1558 654 Porm,
1606 577 1715 659 qui
1767 585 2018 639 certum
2057 582 2313 658 tempus
2361 574 2684 658 designari
2720 597 2917 658 posse

700 678 883 741 valde
936 678 1193 757 vellent,
1254 680 1508 762 (nempe
1562 680 1675 763 qui
1722 678 1989 742 domum
2041 678 2206 742 Eliae
2258 681 2638 760 sequuntur)
2699 686 2766 740 et
2816 679 2918 742 bis

702 782 869 843 mille
905 803 1100 845 annos
1136 782 1396 845 Messiae
1441 782 1771 845 ascribunt
1791 792 1837 860 y;
1883 789 2104 845 tamen
2136 790 2203 845 et
2233 781 2398 859 illoc,
2439 782 2508 844 in
2545 782 2916 846 Elector-um

695 886 994 966 qratiam,
1018 907 1149 949 uno
1171 906 1282 949 ore
1307 886 1492 949 aiunt
1521 886 1970 949 abbreviandos
1997 886 2153 950 fore.
2243 886 2448 969 Atqui
2475 887 2915 969 protelandOS,

704 992 770 1049 et
813 987 998 1049 annis
1043 1008 1264 1064 annOS,
1300 986 1434 1050 dies
1479 987 1726 1067 diebuS,
1780 987 2190 1073 adjiciendos,
2228 988 2668 1071 Theoloyorum
2715 1010 2917 1053 nemo

702 1090 802 1153 vel
849 1090 1006 1173 legit
1048 1091 1149 1154 vel
1194 1090 1451 1155 audivit.
1542 1091 1820 1173 Lonyius
1878 1114 2032 1175 ergo
2076 1112 2447 1174 proroyoere,
2495 1092 2738 1155 diutius
2787 1094 2916 1156 dif-

700 1193 866 1255 ferre
903 1193 1098 1276 (quod
1143 1193 1249 1256 hic
1294 1193 1447 1256 facit
1494 1193 1904 1278 Cardinalis),
1960 1195 2027 1257 id
2079 1194 2337 1278 quidem
2379 1195 2775 1276 Theoloyiam
2819 1203 2917 1258 est

700 1302 1001 1359 evertere.

788 1400 931 1462 Nec
989 1399 1089 1463 vel
1144 1402 1312 1465 Jura
1371 1400 1511 1484 ipsa
1566 1400 1690 1464 hoc
1747 1400 2091 1484 patiuntur
2108 1426 2125 1478 3
2194 1401 2329 1479 ubi,
2377 1402 2679 1482 restringi
2737 1402 2913 1480 odia,

686 1502 949 1583 favores
994 1505 1274 1566 convenit
1318 1504 1613 1585 ampliari
1631 1513 1673 1566 ¹.
1782 1504 1974 1569 Quod
2019 1525 2169 1567 vero
2215 1503 2349 1568 dies
2393 1505 2603 1588 pauci,
2648 1512 2918 1588 tempus

702 1606 894 1670 breve
924 1607 1027 1684 sit,
1060 1607 1262 1670 favori
1303 1606 1371 1669 id
1400 1608 1475 1670 fit
1504 1606 1885 1669 Elec-torum.
1949 1607 2290 1670 Pauciores
2329 1628 2484 1689 ergo
2523 1607 2660 1670 dies
2692 1615 2912 1685 suntn,

701 1719 956 1793 tempus
984 1710 1276 1787 breviu83
1324 1718 1390 1774 et
1417 1711 1542 1775 hoc
1571 1732 1830 1793 aequum
1861 1717 1997 1773 est:
2048 1717 2123 1773 ut
2145 1710 2247 1773 vel
2277 1711 2492 1793 plures
2513 1711 2756 1789 illi,·vel
2789 1713 2916 1776 hoc

702 1814 960 1895 longius
991 1814 1092 1890 sit,
1124 1814 1192 1876 id
1221 1834 1372 1876 vero
1400 1835 1483 1876 ne
1513 1814 1647 1891 fiat,
1671 1814 1781 1896 jus
1810 1813 2024 1896 ipsum
2055 1814 2433 1878 intercedet.

790 1916 991 1980 Recte
1022 1937 1175 1999 ergo
1212 1916 1509 1979 concludi
1537 1924 1752 2000 potest
1790 1916 1968 1981 locus
1995 1916 2103 1981 hic
2120 1942 2139 1993 3
2187 1918 2275 1980 Et
2304 1917 2443 1982 loco
2471 1917 2624 1981 huic
2655 1920 2912 2002 Apoca-

700 2020 984 2103 lypsewS,
1031 2027 1097 2081 et
1140 2040 1290 2082 vero
1334 2019 1531 2082 etiam
1577 2026 1728 2082 voto
1772 2020 2072 2082 Auctoris
2115 2021 2275 2103 ejus),
2308 2021 2459 2084 Divi
2504 2022 2547 2084 J
2550 2024 2798 2101 oannis»,
2831 2047 2912 2087 ex

703 2122 1017 2186 diametro
1074 2142 1436 2204 repugnare
1496 2120 1857 2185 Cardinalis
1917 2121 2214 2204 glossam.
2310 2124 2416 2186 Sic
2475 2123 2649 2186 enim
2697 2126 2912 2189 verbis

701 2224 850 2288 libri
894 2225 1027 2288 fere
1079 2224 1462 2303 novissimis,
1501 2225 1622 2297 Qui
1669 2223 2044 2305 testificatur
2086 2226 2216 2288 Itaec
2263 2226 2439 2305 dicit,
2476 2227 2698 2305 Amen,
2729 2232 2911 2291 venio

702 2328 824 2391 cito
843 2337 890 2393 ⁸.
982 2328 1103 2392 Cui
1136 2328 1179 2390 J
1183 2349 1443 2406 oanneS,
1475 2329 1697 2405 Amen,
1729 2328 1949 2390 Etiam
1979 2330 2137 2407 veni,
2168 2330 2439 2392 Domine
2464 2333 2642 2396 Jeme.

789 2431 936 2495 Nec
970 2432 1137 2496 male
1165 2439 1388 2496 tamen
1416 2432 1518 2495 vel
1557 2433 1649 2497 sic
1679 2431 1852 2497 cadit
1892 2432 2106 2515 glossa
2142 2431 2281 2496 haec
2310 2453 2494 2511 nova,
2525 2432 2635 2496 sed
2663 2433 2738 2497 in
2765 2450 2910 2499 rem

702 2543 994 2599 nostram
1036 2535 1193 2598 satis
1238 2537 1595 2600 commode.
1685 2535 1889 2599 Venit
1919 2535 2093 2599 enim
2138 2557 2215 2599 ea
2245 2536 2606 2599 cardinalis
2645 2537 2715 2599 in
2761 2560 2906 2602 sen-

702 2639 974 2701 tentiam
1021 2645 1308 2702 nostram
1360 2661 1510 2717 una,
1541 2660 1675 2702 una
1714 2639 1988 2702 incurrit
2030 2638 2102 2701 in
2139 2638 2635 2721 Hieronymum.
2727 2641 2904 2705 Nam

704 2744 756 2806 si
788 2745 1206 2827 quadraginta
1236 2745 1501 2826 quinque
1541 2745 1675 2807 dies
1709 2744 1816 2806 isti
1842 2744 2058 2828 plures
2098 2743 2295 2807 etiam
2322 2744 2486 2807 forte
2527 2745 2676 2822 sint,
2711 2768 2902 2829 quam

706 2847 1464 2931 quadragintaquinque,
1497 2868 1649 2930 ergo
1680 2868 1967 2910 numerus
1999 2848 2105 2911 hic
2135 2855 2358 2926 certus,
2378 2869 2503 2930 pro
2533 2850 2792 2913 incerto.

791 2952 977 3028 Tum,
1009 2972 1218 3034 neque
1255 2952 1595 3024 Quinarius
1635 2951 1760 3028 hic,
1794 2952 2293 3033 quadragenario
2334 2952 2611 3030 additae,
2643 2954 2799 3017 facit
2829 2964 2904 3018 ut

703 3060 908 3116 certus
943 3055 1045 3116 sit.
1136 3055 1278 3117 Nec
1324 3076 1479 3137 ergo
1524 3076 1759 3117 menses
1802 3057 1943 3134 duo,
1978 3057 2399 3139 quadraginta
2433 3058 2759 3137 mensibus,
2791 3081 2904 3123 nec

701 3176 814 3218 sea·
843 3176 1097 3233 memeS,
1132 3158 1400 3218 triennio
1430 3156 1655 3234 additi,
1687 3158 1928 3221 facient
1957 3166 2032 3222 ut
2060 3159 2160 3222 vel
2188 3160 2297 3223 ille
2342 3159 2426 3222 sit
2457 3167 2680 3224 certus.
2745 3163 2906 3227 Non

700 3259 874 3321 enim
908 3258 1258 3341 quadratus
1298 3259 1403 3322 hic
1447 3282 1757 3325 numerus
1794 3268 1889 3326 est
1933 3264 2442 3346 quadragenarii,
2473 3266 2583 3348 qui
2627 3267 2904 3331 incertus

699 3361 1027 3425 interdum
1072 3368 1191 3439 est,
1235 3383 1313 3425 ex
1360 3364 1682 3426 sententia
1727 3365 2122 3430 cardinalis:
2177 3368 2297 3430 Est
2342 3374 2408 3431 et
2450 3367 2692 3432 fractus
2738 3371 2904 3435 alter

697 3466 992 3546 quinarii,
1027 3465 1135 3548 qui
1164 3486 1482 3529 numerum
1512 3467 1840 3530 Cardinali
1871 3475 2105 3531 certum
2135 3490 2386 3552 semper
2415 3470 2647 3537 reddit.
2724 3475 2903 3538 Ante

697 3568 956 3652 quidem
996 3568 1296 3648 reddidit,
1330 3576 1396 3632 at
1434 3570 1572 3652 jam
1619 3591 1752 3633 non
1781 3571 2016 3649 reddit,
2047 3572 2318 3636 discedit
2363 3574 2536 3637 enim
2569 3575 2902 3640 interdum

696 3693 735 3734 a
777 3693 864 3736 se.
953 3672 1232 3755 Longius
1277 3679 1493 3737 autem
1526 3674 1877 3754 producere
1914 3675 2051 3758 jam
2094 3681 2352 3759 tempus
2403 3677 2546 3756 hoc,
2595 3678 2732 3742 dies
2783 3681 2902 3745 hos

696 3796 949 3858 augere,
996 3776 1064 3839 id
1122 3777 1391 3861 perinde
1444 3784 1544 3840 est
1590 3797 1664 3840 ac
1712 3798 2057 3841 numerum
2100 3779 2293 3859 hunc,
2342 3781 2452 3864 qui
2497 3782 2688 3865 paulo
2749 3794 2901 3848 ante

695 3883 901 3940 certus
930 3886 1087 3957 erat,
1121 3880 1424 3942 incertum
1444 3879 1581 3962 jam
1615 3900 1753 3942 esse
1784 3881 2091 3945 confiteri.

756 4035 778 4066 5
814 4026 968 4092 [Vide
1024 4028 1117 4078 Th.
1165 4029 1422 4096 Goodwin.
1478 4028 1640 4078 ‘Mon
1696 4035 1749 4079 et
1901 4037 1920 4060 ²
1981 4030 2110 4081 Vide
2136 4031 2227 4082 VI.
2258 4032 2455 4084 Decret.
2474 4035 2563 4085 lib.
2581 4052 2627 4084 v.
2655 4036 2756 4086 Tit..
2786 4039 2899 4087 xiii.

691 4091 892 4140 Aaron?
938 4093 1025 4142 lib.
1066 4094 1139 4143 iii.
1179 4109 1284 4159 cap.
1322 4094 1390 4142 ix.
1433 4098 1456 4155 ς
1494 4098 1555 4152 ὃς
1612 4095 1748 4158 apud
1839 4093 1914 4143 De
2005 4096 2609 4161 guliesuris.Reg.xv.—
2623 4102 2900 4166 Corp.Jur.

694 4154 903 4214 Ugolini
937 4156 1083 4209 Thes,
1119 4163 1240 4209 tom.
1266 4160 1340 4209 iii.
1376 4159 1490 4209 coll.
1525 4160 1747 4209 ccxci.-—
1837 4158 1953 4208 Can.
1982 4165 2105 4209 tom.
2131 4162 2204 4210 iii.
2228 4163 2319 4211 col.
2347 4164 2481 4230 798]

690 4221 889 4286 ccxc-it}
1046 4263 1053 4268 .
1897 4233 1922 4255 ⁸
1952 4224 2109 4289 Apoc.
2134 4228 2262 4278 xxii.
2285 4229 2365 4277 20.
