<?xml version="1.0" encoding="UTF-8"?>
<!DOCTYPE html PUBLIC "-//W3C//DTD XHTML 1.0 Transitional//EN"
    "http://www.w3.org/TR/xhtml1/DTD/xhtml1-transitional.dtd">
<html xmlns="http://www.w3.org/1999/xhtml" xml:lang="en" lang="en">
 <head>
  <title>
</title>
<meta http-equiv="Content-Type" content="text/html;charset=utf-8" />
  <meta name='ocr-system' content='tesseract 3.04.00' />
  <meta name='ocr-capabilities' content='ocr_page ocr_carea ocr_par ocr_line ocrx_word'/>
</head>
<body>
  <div class='ocr_page' id='page_1' title='image "./responsioadapol01andrgoog_0382.png"; bbox 0 0 3165 4959; ppageno 0'>
   <div class='ocr_carea' id='block_1_1' title="bbox 686 293 2270 355">
    <p class='ocr_par' dir='ltr' id='par_1_1' title="bbox 686 293 2270 355">
     <span class='ocr_line' id='line_1_1' title="bbox 686 293 2270 355; baseline -0.002 0"><span class='ocrx_word' id='word_1_1' title='bbox 686 293 816 355; x_wconf 77' lang='lat'><strong>346</strong></span> <span class='ocrx_word' id='word_1_2' title='bbox 1318 302 1402 350; x_wconf 77' lang='lat' dir='ltr'><strong>n&gt;</strong></span> <span class='ocrx_word' id='word_1_3' title='bbox 1446 301 1828 351; x_wconf 73' lang='lat' dir='ltr'><strong>cmmffls</strong></span> <span class='ocrx_word' id='word_1_4' title='bbox 1871 301 2270 352; x_wconf 68' lang='lat' dir='ltr'><strong>Bnmmm1</strong></span> 
     </span>
    </p>
   </div>
   <div class='ocr_carea' id='block_1_2' title="bbox 687 455 2911 1776">
    <p class='ocr_par' dir='ltr' id='par_1_2' title="bbox 687 455 2908 823">
     <span class='ocr_line' id='line_1_2' title="bbox 687 455 2908 541; baseline -0.003 -17"><span class='ocrx_word' id='word_1_5' title='bbox 687 480 809 524; x_wconf 89' lang='lat' dir='ltr'><strong>nec</strong></span> <span class='ocrx_word' id='word_1_6' title='bbox 834 459 1038 522; x_wconf 73' lang='lat' dir='ltr'><strong>Filius</strong></span> <span class='ocrx_word' id='word_1_7' title='bbox 1079 458 1341 541; x_wconf 89' lang='lat' dir='ltr'><strong>quidem</strong></span> <span class='ocrx_word' id='word_1_8' title='bbox 1385 458 1653 521; x_wconf 72' lang='lat' dir='ltr'><strong>hominis</strong></span> <span class='ocrx_word' id='word_1_9' title='bbox 1681 464 1826 521; x_wconf 89' lang='lat' dir='ltr'><strong>tum</strong></span> <span class='ocrx_word' id='word_1_10' title='bbox 1862 457 2251 521; x_wconf 69' lang='lat' dir='ltr'><strong><em>ascenderat.</em></strong></span> <span class='ocrx_word' id='word_1_11' title='bbox 2343 455 2563 521; x_wconf 85' lang='lat' dir='ltr'><strong>Malus</strong></span> <span class='ocrx_word' id='word_1_12' title='bbox 2600 455 2712 519; x_wconf 87' lang='lat' dir='ltr'><strong>hic</strong></span> <span class='ocrx_word' id='word_1_13' title='bbox 2757 475 2908 518; x_wconf 86' lang='lat' dir='ltr'><strong>mos</strong></span> 
     </span>
     <span class='ocr_line' id='line_1_3' title="bbox 690 562 1151 637; baseline -0.007 -10"><span class='ocrx_word' id='word_1_14' title='bbox 690 562 1151 637; x_wconf 70' lang='lat' dir='ltr'><strong>cardinalium,</strong></span> 
     </span>
     <span class='ocr_line' id='line_1_4' title="bbox 1758 677 2273 738; baseline -0.002 -9"><span class='ocrx_word' id='word_1_15' title='bbox 1758 677 1955 729; x_wconf 78' lang='lat' dir='ltr'><strong>-Rem</strong></span> <span class='ocrx_word' id='word_1_16' title='bbox 1973 677 2142 738; x_wconf 72' lang='lat' dir='ltr'><strong>facins,</strong></span> <span class='ocrx_word' id='word_1_17' title='bbox 2164 692 2273 728; x_wconf 74' lang='lat' dir='ltr'><strong>rem</strong></span> 
     </span>
     <span class='ocr_line' id='line_1_5' title="bbox 1147 756 2500 823; baseline -0.001 -14"><span class='ocrx_word' id='word_1_18' title='bbox 1147 758 1203 810; x_wconf 87' lang='lat' dir='ltr'><strong>Si</strong></span> <span class='ocrx_word' id='word_1_19' title='bbox 1224 760 1385 823; x_wconf 77' lang='lat' dir='ltr'><strong>possis</strong></span> <span class='ocrx_word' id='word_1_20' title='bbox 1405 763 1556 821; x_wconf 78' lang='lat' dir='ltr'><strong>recte,</strong></span> <span class='ocrx_word' id='word_1_21' title='bbox 1576 759 1624 809; x_wconf 77' lang='lat' dir='ltr'><strong>si</strong></span> <span class='ocrx_word' id='word_1_22' title='bbox 1645 773 1765 819; x_wconf 87' lang='lat' dir='ltr'><strong>non,</strong></span> <span class='ocrx_word' id='word_1_23' title='bbox 1788 773 2085 823; x_wconf 83' lang='lat' dir='ltr'><strong>quocunque</strong></span> <span class='ocrx_word' id='word_1_24' title='bbox 2105 757 2259 809; x_wconf 85' lang='lat' dir='ltr'><strong>modo</strong></span> <span class='ocrx_word' id='word_1_25' title='bbox 2281 772 2389 809; x_wconf 87' lang='lat' dir='ltr'><strong>rem</strong></span> <span class='ocrx_word' id='word_1_26' title='bbox 2400 756 2500 821; x_wconf 83' lang='lat'><strong>¹,—</strong></span> 
     </span>
    </p>

    <p class='ocr_par' dir='ltr' id='par_1_3' title="bbox 693 871 2911 1776">
     <span class='ocr_line' id='line_1_6' title="bbox 694 871 2908 959; baseline -0.002 -20"><span class='ocrx_word' id='word_1_27' title='bbox 694 873 1039 959; x_wconf 82' lang='lat' dir='ltr'><strong>arripiendi</strong></span> <span class='ocrx_word' id='word_1_28' title='bbox 1088 873 1354 953; x_wconf 86' lang='lat' dir='ltr'><strong>scilicet,</strong></span> <span class='ocrx_word' id='word_1_29' title='bbox 1399 880 1596 957; x_wconf 85' lang='lat' dir='ltr'><strong>prout</strong></span> <span class='ocrx_word' id='word_1_30' title='bbox 1646 893 1750 936; x_wconf 90' lang='lat' dir='ltr'><strong>res</strong></span> <span class='ocrx_word' id='word_1_31' title='bbox 1803 871 2052 951; x_wconf 85' lang='lat' dir='ltr'><strong>tulerit,</strong></span> <span class='ocrx_word' id='word_1_32' title='bbox 2096 871 2447 955; x_wconf 82' lang='lat' dir='ltr'><strong>Scripturae</strong></span> <span class='ocrx_word' id='word_1_33' title='bbox 2490 871 2652 950; x_wconf 89' lang='lat' dir='ltr'><strong>loca,</strong></span> <span class='ocrx_word' id='word_1_34' title='bbox 2696 892 2908 955; x_wconf 85' lang='lat' dir='ltr'><strong>eaque</strong></span> 
     </span>
     <span class='ocr_line' id='line_1_7' title="bbox 694 974 2906 1061; baseline -0.001 -20"><span class='ocrx_word' id='word_1_35' title='bbox 694 978 779 1042; x_wconf 80' lang='lat' dir='ltr'><strong>ad</strong></span> <span class='ocrx_word' id='word_1_36' title='bbox 798 978 1176 1041; x_wconf 89' lang='lat' dir='ltr'><strong>institutum</strong></span> <span class='ocrx_word' id='word_1_37' title='bbox 1203 996 1506 1061; x_wconf 74' lang='lat' dir='ltr'><strong>praesens,</strong></span> <span class='ocrx_word' id='word_1_38' title='bbox 1525 996 1661 1039; x_wconf 91' lang='lat' dir='ltr'><strong>non</strong></span> <span class='ocrx_word' id='word_1_39' title='bbox 1691 974 1828 1039; x_wconf 88' lang='lat' dir='ltr'><strong>sine</strong></span> <span class='ocrx_word' id='word_1_40' title='bbox 1856 976 1921 1038; x_wconf 80' lang='lat' dir='ltr'><strong>vi</strong></span> <span class='ocrx_word' id='word_1_41' title='bbox 1942 975 2044 1039; x_wconf 82' lang='lat' dir='ltr'><strong>vel</strong></span> <span class='ocrx_word' id='word_1_42' title='bbox 2072 980 2339 1053; x_wconf 78' lang='lat' dir='ltr'><strong>tortura,</strong></span> <span class='ocrx_word' id='word_1_43' title='bbox 2360 981 2555 1057; x_wconf 83' lang='lat' dir='ltr'><strong>atque</strong></span> <span class='ocrx_word' id='word_1_44' title='bbox 2582 975 2906 1058; x_wconf 79' lang='lat' dir='ltr'><strong>ingratia-s</strong></span> 
     </span>
     <span class='ocr_line' id='line_1_8' title="bbox 694 1076 2907 1164; baseline -0.001 -21"><span class='ocrx_word' id='word_1_45' title='bbox 694 1079 1091 1164; x_wconf 82' lang='lat' dir='ltr'><strong>applicandi3</strong></span> <span class='ocrx_word' id='word_1_46' title='bbox 1157 1078 1341 1161; x_wconf 73' lang='lat' dir='ltr'><strong>quasi</strong></span> <span class='ocrx_word' id='word_1_47' title='bbox 1388 1078 1588 1160; x_wconf 90' lang='lat' dir='ltr'><strong>siquis</strong></span> <span class='ocrx_word' id='word_1_48' title='bbox 1639 1077 1871 1160; x_wconf 87' lang='lat' dir='ltr'><strong>cuique</strong></span> <span class='ocrx_word' id='word_1_49' title='bbox 1919 1098 2072 1159; x_wconf 77' lang='lat' dir='ltr'><strong>equo</strong></span> <span class='ocrx_word' id='word_1_50' title='bbox 2117 1098 2324 1140; x_wconf 89' lang='lat' dir='ltr'><strong>unum</strong></span> <span class='ocrx_word' id='word_1_51' title='bbox 2371 1076 2671 1159; x_wconf 80' lang='lat' dir='ltr'><strong>idemque</strong></span> <span class='ocrx_word' id='word_1_52' title='bbox 2722 1084 2907 1161; x_wconf 83' lang='lat' dir='ltr'><strong>aptet</strong></span> 
     </span>
     <span class='ocr_line' id='line_1_9' title="bbox 693 1179 2906 1267; baseline -0.001 -20"><span class='ocrx_word' id='word_1_53' title='bbox 693 1186 1065 1267; x_wconf 71' lang='lat' dir='ltr'><strong>ephippium.</strong></span> <span class='ocrx_word' id='word_1_54' title='bbox 1158 1184 1256 1247; x_wconf 90' lang='lat' dir='ltr'><strong>Ut</strong></span> <span class='ocrx_word' id='word_1_55' title='bbox 1286 1181 1664 1247; x_wconf 87' lang='lat' dir='ltr'><strong>Bellarmini</strong></span> <span class='ocrx_word' id='word_1_56' title='bbox 1695 1181 1836 1265; x_wconf 88' lang='lat' dir='ltr'><strong>jam</strong></span> <span class='ocrx_word' id='word_1_57' title='bbox 1877 1180 2004 1258; x_wconf 90' lang='lat' dir='ltr'><strong>hic,</strong></span> <span class='ocrx_word' id='word_1_58' title='bbox 2036 1179 2149 1244; x_wconf 90' lang='lat' dir='ltr'><strong>ubi</strong></span> <span class='ocrx_word' id='word_1_59' title='bbox 2187 1180 2415 1245; x_wconf 81' lang='lat' dir='ltr'><strong>incidit</strong></span> <span class='ocrx_word' id='word_1_60' title='bbox 2458 1180 2709 1245; x_wconf 78' lang='lat' dir='ltr'><strong>occasio</strong></span> <span class='ocrx_word' id='word_1_61' title='bbox 2739 1202 2906 1265; x_wconf 81' lang='lat' dir='ltr'><strong>prae-</strong></span> 
     </span>
     <span class='ocr_line' id='line_1_10' title="bbox 696 1283 2911 1367; baseline -0.002 -16"><span class='ocrx_word' id='word_1_62' title='bbox 696 1309 886 1366; x_wconf 82' lang='lat' dir='ltr'><strong>sens3</strong></span> <span class='ocrx_word' id='word_1_63' title='bbox 932 1294 1008 1350; x_wconf 89' lang='lat' dir='ltr'><strong>ut</strong></span> <span class='ocrx_word' id='word_1_64' title='bbox 1051 1286 1335 1362; x_wconf 86' lang='lat' dir='ltr'><strong>Baronii,</strong></span> <span class='ocrx_word' id='word_1_65' title='bbox 1387 1287 1606 1367; x_wconf 73' lang='lat' dir='ltr'><strong>Surye,</strong></span> <span class='ocrx_word' id='word_1_66' title='bbox 1650 1285 1862 1363; x_wconf 86' lang='lat' dir='ltr'><strong>Petre,</strong></span> <span class='ocrx_word' id='word_1_67' title='bbox 1905 1284 2118 1347; x_wconf 79' lang='lat' dir='ltr'><strong>occide</strong></span> <span class='ocrx_word' id='word_1_68' title='bbox 2137 1310 2158 1345; x_wconf 93' lang='grc'><strong>.·</strong></span> <span class='ocrx_word' id='word_1_69' title='bbox 2205 1283 2398 1366; x_wconf 87' lang='lat' dir='ltr'><strong>quod,</strong></span> <span class='ocrx_word' id='word_1_70' title='bbox 2432 1303 2581 1346; x_wconf 87' lang='lat' dir='ltr'><strong>cum</strong></span> <span class='ocrx_word' id='word_1_71' title='bbox 2610 1283 2911 1347; x_wconf 82' lang='lat' dir='ltr'><strong>Annales</strong></span> 
     </span>
     <span class='ocr_line' id='line_1_11' title="bbox 698 1384 2911 1470; baseline -0.002 -16"><span class='ocrx_word' id='word_1_72' title='bbox 698 1390 1026 1465; x_wconf 83' lang='lat' dir='ltr'><strong>scriberet,</strong></span> <span class='ocrx_word' id='word_1_73' title='bbox 1070 1395 1246 1453; x_wconf 90' lang='lat' dir='ltr'><strong>recte</strong></span> <span class='ocrx_word' id='word_1_74' title='bbox 1290 1388 1753 1470; x_wconf 83' lang='lat' dir='ltr'><strong>interpretatus</strong></span> <span class='ocrx_word' id='word_1_75' title='bbox 1796 1391 1914 1464; x_wconf 90' lang='lat' dir='ltr'><strong>est,</strong></span> <span class='ocrx_word' id='word_1_76' title='bbox 1975 1391 2042 1449; x_wconf 87' lang='lat' dir='ltr'><strong>et</strong></span> <span class='ocrx_word' id='word_1_77' title='bbox 2092 1384 2177 1449; x_wconf 87' lang='lat' dir='ltr'><strong>ad</strong></span> <span class='ocrx_word' id='word_1_78' title='bbox 2225 1406 2385 1463; x_wconf 89' lang='lat' dir='ltr'><strong>rem,</strong></span> <span class='ocrx_word' id='word_1_79' title='bbox 2447 1386 2524 1448; x_wconf 83' lang='lat' dir='ltr'><strong>de</strong></span> <span class='ocrx_word' id='word_1_80' title='bbox 2579 1387 2911 1449; x_wconf 79' lang='lat' dir='ltr'><strong>vocatione</strong></span> 
     </span>
     <span class='ocr_line' id='line_1_12' title="bbox 704 1487 2910 1570; baseline -0.002 -14"><span class='ocrx_word' id='word_1_81' title='bbox 704 1494 1082 1556; x_wconf 68' lang='lat' dir='ltr'><strong>Gentianam:</strong></span> <span class='ocrx_word' id='word_1_82' title='bbox 1131 1497 1200 1555; x_wconf 83' lang='lat' dir='ltr'><strong>at</strong></span> <span class='ocrx_word' id='word_1_83' title='bbox 1241 1490 1357 1554; x_wconf 91' lang='lat' dir='ltr'><strong>ubi</strong></span> <span class='ocrx_word' id='word_1_84' title='bbox 1396 1509 1546 1553; x_wconf 90' lang='lat' dir='ltr'><strong>cum</strong></span> <span class='ocrx_word' id='word_1_85' title='bbox 1588 1490 1835 1553; x_wconf 74' lang='lat' dir='ltr'><strong>Venetis</strong></span> <span class='ocrx_word' id='word_1_86' title='bbox 1869 1487 2168 1569; x_wconf 55' lang='lat' dir='ltr'><strong>Pontifici</strong></span> <span class='ocrx_word' id='word_1_87' title='bbox 2205 1487 2309 1567; x_wconf 90' lang='lat' dir='ltr'><strong>lis,</strong></span> <span class='ocrx_word' id='word_1_88' title='bbox 2349 1508 2467 1570; x_wconf 85' lang='lat' dir='ltr'><strong>pro</strong></span> <span class='ocrx_word' id='word_1_89' title='bbox 2513 1508 2584 1552; x_wconf 80' lang='lat' dir='ltr'><strong>re</strong></span> <span class='ocrx_word' id='word_1_90' title='bbox 2632 1495 2813 1567; x_wconf 84' lang='lat' dir='ltr'><strong>nata,</strong></span> <span class='ocrx_word' id='word_1_91' title='bbox 2843 1490 2910 1552; x_wconf 85' lang='lat' dir='ltr'><strong>vi</strong></span> 
     </span>
     <span class='ocr_line' id='line_1_13' title="bbox 697 1590 2908 1670; baseline -0.002 -11"><span class='ocrx_word' id='word_1_92' title='bbox 697 1596 869 1660; x_wconf 86' lang='lat' dir='ltr'><strong>vocis</strong></span> <span class='ocrx_word' id='word_1_93' title='bbox 920 1594 1093 1658; x_wconf 87' lang='lat' dir='ltr'><strong>illius</strong></span> <span class='ocrx_word' id='word_1_94' title='bbox 1141 1594 1219 1656; x_wconf 82' lang='lat' dir='ltr'><strong>de</strong></span> <span class='ocrx_word' id='word_1_95' title='bbox 1264 1594 1433 1670; x_wconf 73' lang='lat' dir='ltr'><strong>coeIO,</strong></span> <span class='ocrx_word' id='word_1_96' title='bbox 1480 1612 1629 1656; x_wconf 87' lang='lat' dir='ltr'><strong>vere</strong></span> <span class='ocrx_word' id='word_1_97' title='bbox 1679 1600 1748 1656; x_wconf 92' lang='lat' dir='ltr'><strong>et</strong></span> <span class='ocrx_word' id='word_1_98' title='bbox 1798 1591 1882 1655; x_wconf 80' lang='lat' dir='ltr'><strong>ad</strong></span> <span class='ocrx_word' id='word_1_99' title='bbox 1931 1590 2187 1655; x_wconf 80' lang='lat' dir='ltr'><strong>literam</strong></span> <span class='ocrx_word' id='word_1_100' title='bbox 2243 1591 2504 1655; x_wconf 77' lang='lat' dir='ltr'><strong>Venetos</strong></span> <span class='ocrx_word' id='word_1_101' title='bbox 2546 1598 2862 1656; x_wconf 73' lang='lat' dir='ltr'><strong>mactatos</strong></span> <span class='ocrx_word' id='word_1_102' title='bbox 2878 1601 2908 1630; x_wconf 87' lang='lat'><strong>¹¹</strong></span> 
     </span>
     <span class='ocr_line' id='line_1_14' title="bbox 704 1694 1788 1776; baseline -0.003 -15"><span class='ocrx_word' id='word_1_103' title='bbox 704 1697 925 1776; x_wconf 84' lang='lat' dir='ltr'><strong>voluit,</strong></span> <span class='ocrx_word' id='word_1_104' title='bbox 959 1696 1014 1759; x_wconf 86' lang='lat' dir='ltr'><strong>si</strong></span> <span class='ocrx_word' id='word_1_105' title='bbox 1041 1695 1208 1760; x_wconf 86' lang='lat' dir='ltr'><strong>vires</strong></span> <span class='ocrx_word' id='word_1_106' title='bbox 1239 1702 1384 1759; x_wconf 91' lang='lat' dir='ltr'><strong>tum</strong></span> <span class='ocrx_word' id='word_1_107' title='bbox 1414 1694 1788 1759; x_wconf 76' lang='lat' dir='ltr'><strong>adfuissent.</strong></span> 
     </span>
    </p>
   </div>
   <div class='ocr_carea' id='block_1_3' title="bbox 764 1843 2907 2070">
    <p class='ocr_par' dir='ltr' id='par_1_4' title="bbox 764 1843 2907 2070">
     <span class='ocr_line' id='line_1_15' title="bbox 764 1843 2907 1907; baseline -0.001 -11"><span class='ocrx_word' id='word_1_108' title='bbox 764 1847 938 1897; x_wconf 84' lang='lat' dir='ltr'><strong>Enoch</strong></span> <span class='ocrx_word' id='word_1_109' title='bbox 959 1850 1011 1896; x_wconf 86' lang='lat' dir='ltr'><strong>et</strong></span> <span class='ocrx_word' id='word_1_110' title='bbox 1033 1846 1171 1896; x_wconf 85' lang='lat' dir='ltr'><strong>Elias</strong></span> <span class='ocrx_word' id='word_1_111' title='bbox 1196 1860 1300 1896; x_wconf 89' lang='lat' dir='ltr'><strong>non</strong></span> <span class='ocrx_word' id='word_1_112' title='bbox 1320 1844 1653 1895; x_wconf 79' lang='lat' dir='ltr'><strong>ascenderunt</strong></span> <span class='ocrx_word' id='word_1_113' title='bbox 1686 1881 1696 1894; x_wconf 95' lang='lat'><strong>.</strong></span> <span class='ocrx_word' id='word_1_114' title='bbox 1734 1881 1745 1892; x_wconf 94' lang='lat'><strong>.</strong></span> <span class='ocrx_word' id='word_1_115' title='bbox 1782 1881 1794 1892; x_wconf 93' lang='lat'><strong>.</strong></span> <span class='ocrx_word' id='word_1_116' title='bbox 1829 1844 1885 1893; x_wconf 87' lang='lat' dir='ltr'><strong>in</strong></span> <span class='ocrx_word' id='word_1_117' title='bbox 1914 1843 2099 1893; x_wconf 86' lang='lat' dir='ltr'><strong>coelum</strong></span> <span class='ocrx_word' id='word_1_118' title='bbox 2122 1858 2296 1894; x_wconf 79' lang='lat' dir='ltr'><strong>verum</strong></span> <span class='ocrx_word' id='word_1_119' title='bbox 2323 1848 2476 1907; x_wconf 76' lang='lat' dir='ltr'><strong>atque</strong></span> <span class='ocrx_word' id='word_1_120' title='bbox 2497 1843 2796 1906; x_wconf 67' lang='lat' dir='ltr'><strong>aethereum,</strong></span> <span class='ocrx_word' id='word_1_121' title='bbox 2820 1845 2907 1894; x_wconf 68' lang='lat' dir='ltr'><strong>aed</strong></span> 
     </span>
     <span class='ocr_line' id='line_1_16' title="bbox 830 1924 2907 1990; baseline 0 -14"><span class='ocrx_word' id='word_1_122' title='bbox 830 1963 843 1976; x_wconf 94' lang='lat'><strong>.</strong></span> <span class='ocrx_word' id='word_1_123' title='bbox 877 1963 889 1975; x_wconf 89' lang='lat'><strong>.</strong></span> <span class='ocrx_word' id='word_1_124' title='bbox 925 1962 939 1974; x_wconf 93' lang='lat'><strong>.</strong></span> <span class='ocrx_word' id='word_1_125' title='bbox 975 1932 1175 1976; x_wconf 62' lang='lat' dir='ltr'><strong>aereum</strong></span> <span class='ocrx_word' id='word_1_126' title='bbox 1204 1926 1641 1989; x_wconf 64' lang='lat' dir='ltr'><strong>tannim-[Bell.</strong></span> <span class='ocrx_word' id='word_1_127' title='bbox 1668 1926 1819 1989; x_wconf 82' lang='lat' dir='ltr'><strong>Apol.</strong></span> <span class='ocrx_word' id='word_1_128' title='bbox 1842 1940 1935 1990; x_wconf 88' lang='lat' dir='ltr'><strong>pro</strong></span> <span class='ocrx_word' id='word_1_129' title='bbox 1963 1924 2144 1989; x_wconf 82' lang='lat' dir='ltr'><strong>Resp.]</strong></span> <span class='ocrx_word' id='word_1_130' title='bbox 2176 1939 2226 1989; x_wconf 88' lang='lat' dir='ltr'><strong>p.</strong></span> <span class='ocrx_word' id='word_1_131' title='bbox 2254 1926 2364 1975; x_wconf 80' lang='lat'><strong>144.</strong></span> <span class='ocrx_word' id='word_1_132' title='bbox 2392 1925 2530 1990; x_wconf 88' lang='lat' dir='ltr'><strong>[Op.,</strong></span> <span class='ocrx_word' id='word_1_133' title='bbox 2550 1931 2675 1977; x_wconf 79' lang='lat' dir='ltr'><strong>tom.</strong></span> <span class='ocrx_word' id='word_1_134' title='bbox 2697 1927 2790 1978; x_wconf 80' lang='lat' dir='ltr'><strong>vii.</strong></span> <span class='ocrx_word' id='word_1_135' title='bbox 2812 1928 2907 1977; x_wconf 85' lang='lat' dir='ltr'><strong>col.</strong></span> 
     </span>
     <span class='ocr_line' id='line_1_17' title="bbox 828 2007 1047 2070; baseline -0.014 -11"><span class='ocrx_word' id='word_1_136' title='bbox 828 2008 940 2059; x_wconf 80' lang='grc'><strong>785.</strong></span> <span class='ocrx_word' id='word_1_137' title='bbox 968 2007 1047 2070; x_wconf 86' lang='lat' dir='ltr'><strong>B.]</strong></span> 
     </span>
    </p>
   </div>
   <div class='ocr_carea' id='block_1_4' title="bbox 376 2100 2908 2300">
    <p class='ocr_par' dir='ltr' id='par_1_5' title="bbox 376 2100 2908 2300">
     <span class='ocr_line' id='line_1_18' title="bbox 381 2100 2908 2189; baseline 0 -19"><span class='ocrx_word' id='word_1_138' title='bbox 381 2122 596 2186; x_wconf 78' lang='lat' dir='ltr'><strong>[Utrum</strong></span> <span class='ocrx_word' id='word_1_139' title='bbox 620 2121 677 2170; x_wconf 84' lang='lat' dir='ltr'><strong>in</strong></span> <span class='ocrx_word' id='word_1_140' title='bbox 788 2106 1074 2169; x_wconf 85' lang='lat' dir='ltr'><strong>Tandem</strong></span> <span class='ocrx_word' id='word_1_141' title='bbox 1103 2125 1253 2169; x_wconf 83' lang='lat' dir='ltr'><strong>vero</strong></span> <span class='ocrx_word' id='word_1_142' title='bbox 1307 2105 1440 2188; x_wconf 86' lang='lat' dir='ltr'><strong>(illo</strong></span> <span class='ocrx_word' id='word_1_143' title='bbox 1484 2100 1689 2174; x_wconf 76' lang='grc' dir='ltr'>οὐδεὶς</span> <span class='ocrx_word' id='word_1_144' title='bbox 1732 2102 2104 2184; x_wconf 76' lang='grc' dir='ltr'>ἀναβέβηκε</span> <span class='ocrx_word' id='word_1_145' title='bbox 2145 2126 2283 2169; x_wconf 90' lang='lat' dir='ltr'><strong>non</strong></span> <span class='ocrx_word' id='word_1_146' title='bbox 2325 2104 2648 2189; x_wconf 88' lang='lat' dir='ltr'><strong>obstante)</strong></span> <span class='ocrx_word' id='word_1_147' title='bbox 2691 2128 2908 2171; x_wconf 78' lang='lat' dir='ltr'><strong>ascen·</strong></span> 
     </span>
     <span class='ocr_line' id='line_1_19' title="bbox 376 2200 2908 2300; baseline -0.002 -23"><span class='ocrx_word' id='word_1_148' title='bbox 376 2200 564 2300; x_wconf 58' lang='lat' dir='ltr'><strong>{geffi</strong></span> <span class='ocrx_word' id='word_1_149' title='bbox 702 2210 866 2273; x_wconf 76' lang='lat' dir='ltr'><strong>disse</strong></span> <span class='ocrx_word' id='word_1_150' title='bbox 895 2206 1212 2286; x_wconf 89' lang='lat' dir='ltr'><strong>concedit,</strong></span> <span class='ocrx_word' id='word_1_151' title='bbox 1236 2214 1304 2271; x_wconf 90' lang='lat' dir='ltr'><strong>et</strong></span> <span class='ocrx_word' id='word_1_152' title='bbox 1333 2208 1401 2270; x_wconf 79' lang='lat' dir='ltr'><strong>in</strong></span> <span class='ocrx_word' id='word_1_153' title='bbox 1430 2209 1646 2272; x_wconf 73' lang='lat' dir='ltr'><strong>coelum</strong></span> <span class='ocrx_word' id='word_1_154' title='bbox 1663 2231 1688 2271; x_wconf 93' lang='lat'><strong>.·</strong></span> <span class='ocrx_word' id='word_1_155' title='bbox 1732 2230 1868 2272; x_wconf 93' lang='lat' dir='ltr'><strong>non</strong></span> <span class='ocrx_word' id='word_1_156' title='bbox 1895 2216 2119 2272; x_wconf 86' lang='lat' dir='ltr'><strong>tamen</strong></span> <span class='ocrx_word' id='word_1_157' title='bbox 2145 2229 2357 2272; x_wconf 81' lang='lat' dir='ltr'><strong>verum</strong></span> <span class='ocrx_word' id='word_1_158' title='bbox 2385 2209 2602 2272; x_wconf 82' lang='lat' dir='ltr'><strong>coelum</strong></span> <span class='ocrx_word' id='word_1_159' title='bbox 2630 2216 2693 2272; x_wconf 83' lang='lat' dir='ltr'><strong>et</strong></span> <span class='ocrx_word' id='word_1_160' title='bbox 2722 2212 2908 2274; x_wconf 72' lang='lat' dir='ltr'><strong>cethe-</strong></span> 
     </span>
    </p>
   </div>
   <div class='ocr_carea' id='block_1_5' title="bbox 380 2310 2921 3519">
    <p class='ocr_par' dir='ltr' id='par_1_6' title="bbox 380 2310 2921 3519">
     <span class='ocr_line' id='line_1_20' title="bbox 380 2310 2911 2394; baseline 0 -19"><span class='ocrx_word' id='word_1_161' title='bbox 380 2314 552 2390; x_wconf 51' lang='lat' dir='ltr'><strong>Enoch</strong></span> <span class='ocrx_word' id='word_1_162' title='bbox 574 2315 627 2362; x_wconf 76' lang='lat' dir='ltr'><strong>et</strong></span> <span class='ocrx_word' id='word_1_163' title='bbox 701 2331 893 2389; x_wconf 82' lang='lat' dir='ltr'><strong>reum,</strong></span> <span class='ocrx_word' id='word_1_164' title='bbox 922 2311 1038 2372; x_wconf 81' lang='lat' dir='ltr'><strong>sed</strong></span> <span class='ocrx_word' id='word_1_165' title='bbox 1075 2311 1143 2372; x_wconf 80' lang='lat' dir='ltr'><strong>in</strong></span> <span class='ocrx_word' id='word_1_166' title='bbox 1187 2314 1432 2373; x_wconf 60' lang='lat' dir='ltr'><strong>aereum</strong></span> <span class='ocrx_word' id='word_1_167' title='bbox 1478 2316 1761 2383; x_wconf 79' lang='lat' dir='ltr'><strong>tantum;</strong></span> <span class='ocrx_word' id='word_1_168' title='bbox 1805 2331 2188 2394; x_wconf 82' lang='lat' dir='ltr'><strong>responsum</strong></span> <span class='ocrx_word' id='word_1_169' title='bbox 2235 2310 2495 2394; x_wconf 89' lang='lat' dir='ltr'><strong>quidem</strong></span> <span class='ocrx_word' id='word_1_170' title='bbox 2535 2315 2803 2390; x_wconf 60' lang='lat' dir='ltr'><strong>aereum,</strong></span> <span class='ocrx_word' id='word_1_171' title='bbox 2843 2320 2911 2376; x_wconf 87' lang='lat' dir='ltr'><strong>et</strong></span> 
     </span>
     <span class='ocr_line' id='line_1_21' title="bbox 380 2378 2914 2505; baseline 0.001 -29"><span class='ocrx_word' id='word_1_172' title='bbox 380 2378 681 2505; x_wconf 51' lang='lat' dir='ltr'><strong>fflffessssffl</strong></span> <span class='ocrx_word' id='word_1_173' title='bbox 707 2414 877 2498; x_wconf 88' lang='lat' dir='ltr'><strong>quod</strong></span> <span class='ocrx_word' id='word_1_174' title='bbox 907 2412 1143 2476; x_wconf 87' lang='lat' dir='ltr'><strong>dicitur</strong></span> <span class='ocrx_word' id='word_1_175' title='bbox 1173 2413 1253 2477; x_wconf 83' lang='lat' dir='ltr'><strong>ab</strong></span> <span class='ocrx_word' id='word_1_176' title='bbox 1290 2434 1366 2477; x_wconf 91' lang='lat' dir='ltr'><strong>eo</strong></span> <span class='ocrx_word' id='word_1_177' title='bbox 1399 2413 1620 2497; x_wconf 82' lang='lat' dir='ltr'><strong>gratis,</strong></span> <span class='ocrx_word' id='word_1_178' title='bbox 1654 2434 1728 2477; x_wconf 89' lang='lat' dir='ltr'><strong>ac</strong></span> <span class='ocrx_word' id='word_1_179' title='bbox 1755 2412 1974 2477; x_wconf 83' lang='lat' dir='ltr'><strong>liberae</strong></span> <span class='ocrx_word' id='word_1_180' title='bbox 2001 2413 2153 2477; x_wconf 89' lang='lat' dir='ltr'><strong>fidei</strong></span> <span class='ocrx_word' id='word_1_181' title='bbox 2182 2419 2300 2478; x_wconf 84' lang='lat' dir='ltr'><strong>est.</strong></span> <span class='ocrx_word' id='word_1_182' title='bbox 2389 2413 2694 2477; x_wconf 73' lang='lat' dir='ltr'><strong>Ascendit</strong></span> <span class='ocrx_word' id='word_1_183' title='bbox 2723 2415 2914 2478; x_wconf 76' lang='lat' dir='ltr'><strong>Elias</strong></span> 
     </span>
     <span class='ocr_line' id='line_1_22' title="bbox 707 2515 2913 2599; baseline 0.002 -21"><span class='ocrx_word' id='word_1_184' title='bbox 707 2520 775 2580; x_wconf 78' lang='lat' dir='ltr'><strong>in</strong></span> <span class='ocrx_word' id='word_1_185' title='bbox 803 2519 1019 2581; x_wconf 81' lang='lat' dir='ltr'><strong>coelum</strong></span> <span class='ocrx_word' id='word_1_186' title='bbox 1028 2529 1075 2595; x_wconf 86' lang='lat'><strong>⁰,</strong></span> <span class='ocrx_word' id='word_1_187' title='bbox 1110 2515 1309 2582; x_wconf 79' lang='lat' dir='ltr'><strong>verba</strong></span> <span class='ocrx_word' id='word_1_188' title='bbox 1336 2523 1491 2582; x_wconf 86' lang='lat' dir='ltr'><strong>sunt</strong></span> <span class='ocrx_word' id='word_1_189' title='bbox 1527 2516 1805 2599; x_wconf 82' lang='lat' dir='ltr'><strong>Spiritus</strong></span> <span class='ocrx_word' id='word_1_190' title='bbox 1838 2516 2099 2595; x_wconf 82' lang='lat' dir='ltr'><strong>Sancti3</strong></span> <span class='ocrx_word' id='word_1_191' title='bbox 2147 2516 2318 2599; x_wconf 90' lang='lat' dir='ltr'><strong>quod</strong></span> <span class='ocrx_word' id='word_1_192' title='bbox 2348 2518 2563 2580; x_wconf 81' lang='lat' dir='ltr'><strong>coelum</strong></span> <span class='ocrx_word' id='word_1_193' title='bbox 2591 2517 2758 2581; x_wconf 88' lang='lat' dir='ltr'><strong>illud</strong></span> <span class='ocrx_word' id='word_1_194' title='bbox 2788 2539 2913 2582; x_wconf 78' lang='lat' dir='ltr'><strong>non</strong></span> 
     </span>
     <span class='ocr_line' id='line_1_23' title="bbox 704 2618 2913 2702; baseline 0 -18"><span class='ocrx_word' id='word_1_195' title='bbox 704 2640 916 2684; x_wconf 79' lang='lat' dir='ltr'><strong>verum</strong></span> <span class='ocrx_word' id='word_1_196' title='bbox 966 2620 1182 2698; x_wconf 86' lang='lat' dir='ltr'><strong>fuerit,</strong></span> <span class='ocrx_word' id='word_1_197' title='bbox 1243 2619 1357 2683; x_wconf 89' lang='lat' dir='ltr'><strong>sed</strong></span> <span class='ocrx_word' id='word_1_198' title='bbox 1416 2618 1833 2702; x_wconf 85' lang='lat' dir='ltr'><strong>aequivocum,</strong></span> <span class='ocrx_word' id='word_1_199' title='bbox 1897 2618 2195 2701; x_wconf 89' lang='lat' dir='ltr'><strong>quodque</strong></span> <span class='ocrx_word' id='word_1_200' title='bbox 2251 2618 2477 2683; x_wconf 86' lang='lat' dir='ltr'><strong>tulerit</strong></span> <span class='ocrx_word' id='word_1_201' title='bbox 2534 2641 2682 2684; x_wconf 89' lang='lat' dir='ltr'><strong>eum</strong></span> <span class='ocrx_word' id='word_1_202' title='bbox 2743 2620 2913 2685; x_wconf 86' lang='lat' dir='ltr'><strong>forte</strong></span> 
     </span>
     <span class='ocr_line' id='line_1_24' title="bbox 712 2720 2909 2806; baseline 0.001 -21"><span class='ocrx_word' id='word_1_203' title='bbox 712 2722 990 2804; x_wconf 86' lang='lat' dir='ltr'><strong>Spiritus</strong></span> <span class='ocrx_word' id='word_1_204' title='bbox 1025 2721 1315 2800; x_wconf 87' lang='lat' dir='ltr'><strong>Domini,</strong></span> <span class='ocrx_word' id='word_1_205' title='bbox 1358 2727 1424 2784; x_wconf 88' lang='lat' dir='ltr'><strong>et</strong></span> <span class='ocrx_word' id='word_1_206' title='bbox 1466 2720 1808 2805; x_wconf 87' lang='lat' dir='ltr'><strong>projecerit</strong></span> <span class='ocrx_word' id='word_1_207' title='bbox 1849 2720 1921 2782; x_wconf 90' lang='lat' dir='ltr'><strong>in</strong></span> <span class='ocrx_word' id='word_1_208' title='bbox 1957 2720 2356 2799; x_wconf 87' lang='lat' dir='ltr'><strong>Paradisum,</strong></span> <span class='ocrx_word' id='word_1_209' title='bbox 2400 2722 2506 2784; x_wconf 83' lang='lat' dir='ltr'><strong>vix</strong></span> <span class='ocrx_word' id='word_1_210' title='bbox 2547 2722 2615 2786; x_wconf 90' lang='lat' dir='ltr'><strong>id</strong></span> <span class='ocrx_word' id='word_1_211' title='bbox 2665 2722 2909 2806; x_wconf 85' lang='lat' dir='ltr'><strong>(credo)</strong></span> 
     </span>
     <span class='ocr_line' id='line_1_25' title="bbox 709 2822 2912 2907; baseline 0.001 -20"><span class='ocrx_word' id='word_1_212' title='bbox 709 2831 1106 2907; x_wconf 86' lang='lat' dir='ltr'><strong>compertum</strong></span> <span class='ocrx_word' id='word_1_213' title='bbox 1146 2823 1496 2887; x_wconf 77' lang='lat' dir='ltr'><strong>cardinali.</strong></span> <span class='ocrx_word' id='word_1_214' title='bbox 1588 2823 1942 2905; x_wconf 82' lang='lat' dir='ltr'><strong>Postquam</strong></span> <span class='ocrx_word' id='word_1_215' title='bbox 1980 2822 2156 2885; x_wconf 89' lang='lat' dir='ltr'><strong>enim</strong></span> <span class='ocrx_word' id='word_1_216' title='bbox 2185 2823 2362 2887; x_wconf 83' lang='lat' dir='ltr'><strong>Elisa</strong></span> <span class='ocrx_word' id='word_1_217' title='bbox 2399 2844 2534 2888; x_wconf 90' lang='lat' dir='ltr'><strong>non</strong></span> <span class='ocrx_word' id='word_1_218' title='bbox 2561 2824 2726 2888; x_wconf 85' lang='lat' dir='ltr'><strong>vidit</strong></span> <span class='ocrx_word' id='word_1_219' title='bbox 2760 2847 2912 2890; x_wconf 88' lang='lat' dir='ltr'><strong>eum</strong></span> 
     </span>
     <span class='ocr_line' id='line_1_26' title="bbox 709 2924 2908 3010; baseline 0.001 -21"><span class='ocrx_word' id='word_1_220' title='bbox 709 2926 1019 3008; x_wconf 83' lang='lat' dir='ltr'><strong>amplius3</strong></span> <span class='ocrx_word' id='word_1_221' title='bbox 1067 2925 1242 2989; x_wconf 82' lang='lat' dir='ltr'><strong>haud</strong></span> <span class='ocrx_word' id='word_1_222' title='bbox 1271 2924 1593 3008; x_wconf 79' lang='lat' dir='ltr'><strong>cuiquam,</strong></span> <span class='ocrx_word' id='word_1_223' title='bbox 1618 2924 1791 3007; x_wconf 91' lang='lat' dir='ltr'><strong>quod</strong></span> <span class='ocrx_word' id='word_1_224' title='bbox 1823 2925 2117 3008; x_wconf 85' lang='lat' dir='ltr'><strong>legimus,</strong></span> <span class='ocrx_word' id='word_1_225' title='bbox 2141 2932 2290 3009; x_wconf 92' lang='lat' dir='ltr'><strong>post</strong></span> <span class='ocrx_word' id='word_1_226' title='bbox 2318 2926 2616 3004; x_wconf 79' lang='lat' dir='ltr'><strong>occurrit,</strong></span> <span class='ocrx_word' id='word_1_227' title='bbox 2646 2936 2908 3010; x_wconf 85' lang='lat' dir='ltr'><strong>praeter-</strong></span> 
     </span>
     <span class='ocr_line' id='line_1_27' title="bbox 710 3027 2914 3110; baseline 0.001 -20"><span class='ocrx_word' id='word_1_228' title='bbox 710 3049 905 3110; x_wconf 88' lang='lat' dir='ltr'><strong>quam</strong></span> <span class='ocrx_word' id='word_1_229' title='bbox 949 3027 1210 3091; x_wconf 88' lang='lat' dir='ltr'><strong>Christo</strong></span> <span class='ocrx_word' id='word_1_230' title='bbox 1257 3027 1455 3090; x_wconf 86' lang='lat' dir='ltr'><strong>semel</strong></span> <span class='ocrx_word' id='word_1_231' title='bbox 1496 3048 1646 3090; x_wconf 91' lang='lat' dir='ltr'><strong>cum</strong></span> <span class='ocrx_word' id='word_1_232' title='bbox 1697 3027 1906 3091; x_wconf 88' lang='lat' dir='ltr'><strong>tribus</strong></span> <span class='ocrx_word' id='word_1_233' title='bbox 1957 3027 2306 3110; x_wconf 84' lang='lat' dir='ltr'><strong>Discipulis</strong></span> <span class='ocrx_word' id='word_1_234' title='bbox 2347 3027 2420 3090; x_wconf 91' lang='lat' dir='ltr'><strong>in</strong></span> <span class='ocrx_word' id='word_1_235' title='bbox 2462 3029 2704 3108; x_wconf 76' lang='lat' dir='ltr'><strong>Monte,</strong></span> <span class='ocrx_word' id='word_1_236' title='bbox 2747 3039 2914 3110; x_wconf 86' lang='lat' dir='ltr'><strong>tum,</strong></span> 
     </span>
     <span class='ocr_line' id='line_1_28' title="bbox 709 3127 2919 3210; baseline 0.001 -17"><span class='ocrx_word' id='word_1_237' title='bbox 709 3150 857 3193; x_wconf 91' lang='lat' dir='ltr'><strong>cum</strong></span> <span class='ocrx_word' id='word_1_238' title='bbox 888 3127 1339 3210; x_wconf 50' lang='lat' dir='ltr'><strong>tranfiguratus</strong></span> <span class='ocrx_word' id='word_1_239' title='bbox 1368 3136 1485 3192; x_wconf 87' lang='lat' dir='ltr'><strong>est.</strong></span> <span class='ocrx_word' id='word_1_240' title='bbox 1564 3129 1779 3207; x_wconf 88' lang='lat' dir='ltr'><strong>Unde,</strong></span> <span class='ocrx_word' id='word_1_241' title='bbox 1809 3130 2048 3193; x_wconf 87' lang='lat' dir='ltr'><strong>mirum</strong></span> <span class='ocrx_word' id='word_1_242' title='bbox 2076 3135 2176 3193; x_wconf 88' lang='lat' dir='ltr'><strong>est</strong></span> <span class='ocrx_word' id='word_1_243' title='bbox 2204 3129 2484 3194; x_wconf 74' lang='lat' dir='ltr'><strong>abfiiisse</strong></span> <span class='ocrx_word' id='word_1_244' title='bbox 2512 3131 2764 3209; x_wconf 85' lang='lat' dir='ltr'><strong>Enoch,</strong></span> <span class='ocrx_word' id='word_1_245' title='bbox 2795 3153 2919 3196; x_wconf 87' lang='lat' dir='ltr'><strong>nec</strong></span> 
     </span>
     <span class='ocr_line' id='line_1_29' title="bbox 709 3228 2920 3312; baseline 0.002 -18"><span class='ocrx_word' id='word_1_246' title='bbox 709 3239 854 3294; x_wconf 89' lang='lat' dir='ltr'><strong>tum</strong></span> <span class='ocrx_word' id='word_1_247' title='bbox 882 3228 1335 3312; x_wconf 84' lang='lat' dir='ltr'><strong>comparuisse,</strong></span> <span class='ocrx_word' id='word_1_248' title='bbox 1360 3249 1510 3293; x_wconf 91' lang='lat' dir='ltr'><strong>cum</strong></span> <span class='ocrx_word' id='word_1_249' title='bbox 1541 3237 1813 3296; x_wconf 56' lang='lat' dir='ltr'><strong>contexte</strong></span> <span class='ocrx_word' id='word_1_250' title='bbox 1841 3252 1979 3308; x_wconf 89' lang='lat' dir='ltr'><strong>suo,</strong></span> <span class='ocrx_word' id='word_1_251' title='bbox 2005 3231 2118 3295; x_wconf 87' lang='lat' dir='ltr'><strong>sed</strong></span> <span class='ocrx_word' id='word_1_252' title='bbox 2146 3230 2236 3296; x_wconf 87' lang='lat' dir='ltr'><strong>sic</strong></span> <span class='ocrx_word' id='word_1_253' title='bbox 2267 3232 2476 3296; x_wconf 88' lang='lat' dir='ltr'><strong>solum</strong></span> <span class='ocrx_word' id='word_1_254' title='bbox 2504 3232 2578 3294; x_wconf 90' lang='lat' dir='ltr'><strong>in</strong></span> <span class='ocrx_word' id='word_1_255' title='bbox 2607 3233 2920 3298; x_wconf 85' lang='lat' dir='ltr'><strong>Paradiso</strong></span> 
     </span>
     <span class='ocr_line' id='line_1_30' title="bbox 710 3331 2921 3416; baseline 0.002 -21"><span class='ocrx_word' id='word_1_256' title='bbox 710 3332 973 3396; x_wconf 87' lang='lat' dir='ltr'><strong>interim</strong></span> <span class='ocrx_word' id='word_1_257' title='bbox 1002 3331 1481 3397; x_wconf 87' lang='lat' dir='ltr'><strong>obambulasse:</strong></span> <span class='ocrx_word' id='word_1_258' title='bbox 1531 3333 1588 3396; x_wconf 88' lang='lat' dir='ltr'><strong>si</strong></span> <span class='ocrx_word' id='word_1_259' title='bbox 1617 3340 1836 3397; x_wconf 84' lang='lat' dir='ltr'><strong>tamen</strong></span> <span class='ocrx_word' id='word_1_260' title='bbox 1878 3333 1975 3416; x_wconf 91' lang='lat' dir='ltr'><strong>(ut</strong></span> <span class='ocrx_word' id='word_1_261' title='bbox 2002 3335 2244 3416; x_wconf 86' lang='lat' dir='ltr'><strong>narrat)</strong></span> <span class='ocrx_word' id='word_1_262' title='bbox 2291 3335 2490 3397; x_wconf 75' lang='lat' dir='ltr'><strong>Testis</strong></span> <span class='ocrx_word' id='word_1_263' title='bbox 2518 3341 2585 3397; x_wconf 88' lang='lat' dir='ltr'><strong>et</strong></span> <span class='ocrx_word' id='word_1_264' title='bbox 2611 3334 2724 3398; x_wconf 79' lang='lat' dir='ltr'><strong>ille</strong></span> <span class='ocrx_word' id='word_1_265' title='bbox 2755 3336 2921 3400; x_wconf 85' lang='lat' dir='ltr'><strong>alter</strong></span> 
     </span>
     <span class='ocr_line' id='line_1_31' title="bbox 712 3433 2918 3519; baseline 0.002 -20"><span class='ocrx_word' id='word_1_266' title='bbox 712 3435 1088 3518; x_wconf 85' lang='lat' dir='ltr'><strong>designatus</strong></span> <span class='ocrx_word' id='word_1_267' title='bbox 1134 3433 1281 3512; x_wconf 86' lang='lat' dir='ltr'><strong>fuit,</strong></span> <span class='ocrx_word' id='word_1_268' title='bbox 1319 3434 1431 3518; x_wconf 92' lang='lat' dir='ltr'><strong>qui</strong></span> <span class='ocrx_word' id='word_1_269' title='bbox 1480 3456 1600 3517; x_wconf 90' lang='lat' dir='ltr'><strong>pro</strong></span> <span class='ocrx_word' id='word_1_270' title='bbox 1648 3436 1908 3500; x_wconf 85' lang='lat' dir='ltr'><strong>Christo</strong></span> <span class='ocrx_word' id='word_1_271' title='bbox 1960 3456 2099 3500; x_wconf 88' lang='lat' dir='ltr'><strong>rem</strong></span> <span class='ocrx_word' id='word_1_272' title='bbox 2151 3443 2400 3519; x_wconf 86' lang='lat' dir='ltr'><strong>gereret</strong></span> <span class='ocrx_word' id='word_1_273' title='bbox 2447 3442 2676 3501; x_wconf 79' lang='lat' dir='ltr'><strong>contra</strong></span> <span class='ocrx_word' id='word_1_274' title='bbox 2721 3439 2918 3503; x_wconf 85' lang='lat' dir='ltr'><strong>Anti·</strong></span> 
     </span>
    </p>
   </div>
   <div class='ocr_carea' id='block_1_6' title="bbox 713 3538 1044 3602">
    <p class='ocr_par' dir='ltr' id='par_1_7' title="bbox 713 3538 1044 3602">
     <span class='ocr_line' id='line_1_32' title="bbox 713 3538 1044 3602; baseline -0.003 0"><span class='ocrx_word' id='word_1_275' title='bbox 713 3538 1044 3602; x_wconf 86' lang='lat' dir='ltr'><strong>christum.</strong></span> 
     </span>
    </p>
   </div>
   <div class='ocr_carea' id='block_1_7' title="bbox 778 3671 2925 3979">
    <p class='ocr_par' dir='ltr' id='par_1_8' title="bbox 778 3671 2925 3979">
     <span class='ocr_line' id='line_1_33' title="bbox 778 3671 2920 3735; baseline 0.002 -14"><span class='ocrx_word' id='word_1_276' title='bbox 778 3672 1061 3734; x_wconf 76' lang='lat' dir='ltr'><strong>Hymnum,</strong></span> <span class='ocrx_word' id='word_1_277' title='bbox 1087 3672 1378 3735; x_wconf 80' lang='lat' dir='ltr'><strong>‘Aperuisti</strong></span> <span class='ocrx_word' id='word_1_278' title='bbox 1401 3671 1725 3722; x_wconf 83' lang='lat' dir='ltr'><strong>credentibus</strong></span> <span class='ocrx_word' id='word_1_279' title='bbox 1745 3687 1959 3735; x_wconf 76' lang='lat' dir='ltr'><strong>regnum</strong></span> <span class='ocrx_word' id='word_1_280' title='bbox 1982 3672 2238 3731; x_wconf 83' lang='lat' dir='ltr'><strong>coelorum,</strong></span> <span class='ocrx_word' id='word_1_281' title='bbox 2262 3674 2372 3723; x_wconf 64' lang='lat' dir='ltr'><strong>etc!</strong></span> <span class='ocrx_word' id='word_1_282' title='bbox 2407 3711 2417 3722; x_wconf 93' lang='lat'><strong>.</strong></span> <span class='ocrx_word' id='word_1_283' title='bbox 2453 3711 2466 3723; x_wconf 96' lang='lat'><strong>.</strong></span> <span class='ocrx_word' id='word_1_284' title='bbox 2502 3711 2516 3723; x_wconf 88' lang='lat'><strong>.</strong></span> <span class='ocrx_word' id='word_1_285' title='bbox 2550 3674 2778 3725; x_wconf 76' lang='lat' dir='ltr'><strong>Ecclesia</strong></span> <span class='ocrx_word' id='word_1_286' title='bbox 2810 3714 2824 3725; x_wconf 94' lang='lat'><strong>.</strong></span> <span class='ocrx_word' id='word_1_287' title='bbox 2859 3713 2872 3726; x_wconf 93' lang='lat'><strong>.</strong></span> <span class='ocrx_word' id='word_1_288' title='bbox 2907 3714 2920 3726; x_wconf 89' lang='lat'><strong>.</strong></span> 
     </span>
     <span class='ocr_line' id='line_1_34' title="bbox 842 3752 2925 3813; baseline 0.003 -12"><span class='ocrx_word' id='word_1_289' title='bbox 842 3767 946 3803; x_wconf 91' lang='lat' dir='ltr'><strong>non</strong></span> <span class='ocrx_word' id='word_1_290' title='bbox 984 3756 1201 3813; x_wconf 84' lang='lat' dir='ltr'><strong>caneret,</strong></span> <span class='ocrx_word' id='word_1_291' title='bbox 1235 3753 1278 3802; x_wconf 82' lang='lat' dir='ltr'><strong>si</strong></span> <span class='ocrx_word' id='word_1_292' title='bbox 1312 3752 1537 3803; x_wconf 84' lang='lat' dir='ltr'><strong>crederet</strong></span> <span class='ocrx_word' id='word_1_293' title='bbox 1568 3752 1745 3803; x_wconf 84' lang='lat' dir='ltr'><strong>Enoch</strong></span> <span class='ocrx_word' id='word_1_294' title='bbox 1788 3757 1841 3801; x_wconf 88' lang='lat' dir='ltr'><strong>et</strong></span> <span class='ocrx_word' id='word_1_295' title='bbox 1884 3752 2068 3803; x_wconf 79' lang='lat' dir='ltr'><strong>Eliam.</strong></span> <span class='ocrx_word' id='word_1_296' title='bbox 2101 3787 2117 3803; x_wconf 90' lang='lat'><strong>.</strong></span> <span class='ocrx_word' id='word_1_297' title='bbox 2151 3788 2164 3801; x_wconf 93' lang='lat'><strong>.</strong></span> <span class='ocrx_word' id='word_1_298' title='bbox 2200 3790 2213 3802; x_wconf 97' lang='lat'><strong>.</strong></span> <span class='ocrx_word' id='word_1_299' title='bbox 2247 3758 2367 3803; x_wconf 75' lang='lat' dir='ltr'><strong>ante</strong></span> <span class='ocrx_word' id='word_1_300' title='bbox 2407 3753 2669 3804; x_wconf 82' lang='lat' dir='ltr'><strong>Christum</strong></span> <span class='ocrx_word' id='word_1_301' title='bbox 2708 3756 2925 3807; x_wconf 74' lang='lat' dir='ltr'><strong>introire</strong></span> 
     </span>
     <span class='ocr_line' id='line_1_35' title="bbox 843 3833 2922 3902; baseline 0.003 -19"><span class='ocrx_word' id='word_1_302' title='bbox 843 3835 1064 3898; x_wconf 83' lang='lat' dir='ltr'><strong>potuisse</strong></span> <span class='ocrx_word' id='word_1_303' title='bbox 1086 3837 1143 3883; x_wconf 84' lang='lat' dir='ltr'><strong>in</strong></span> <span class='ocrx_word' id='word_1_304' title='bbox 1163 3848 1319 3898; x_wconf 75' lang='lat' dir='ltr'><strong>regna</strong></span> <span class='ocrx_word' id='word_1_305' title='bbox 1339 3834 1654 3885; x_wconf 67' lang='lat' dir='ltr'><strong>coelorum—</strong></span> <span class='ocrx_word' id='word_1_306' title='bbox 1667 3833 1818 3899; x_wconf 86' lang='lat' dir='ltr'><strong>[Bell.</strong></span> <span class='ocrx_word' id='word_1_307' title='bbox 1842 3834 1991 3898; x_wconf 87' lang='lat' dir='ltr'><strong>Apol.</strong></span> <span class='ocrx_word' id='word_1_308' title='bbox 2018 3849 2110 3898; x_wconf 85' lang='lat' dir='ltr'><strong>pro</strong></span> <span class='ocrx_word' id='word_1_309' title='bbox 2134 3834 2306 3900; x_wconf 64' lang='lat' dir='ltr'><strong>Resp]</strong></span> <span class='ocrx_word' id='word_1_310' title='bbox 2327 3851 2377 3900; x_wconf 87' lang='lat' dir='ltr'><strong>p.</strong></span> <span class='ocrx_word' id='word_1_311' title='bbox 2394 3837 2502 3886; x_wconf 80' lang='lat'><strong>144.</strong></span> <span class='ocrx_word' id='word_1_312' title='bbox 2528 3837 2668 3902; x_wconf 89' lang='lat' dir='ltr'><strong>[Op.,</strong></span> <span class='ocrx_word' id='word_1_313' title='bbox 2687 3843 2814 3888; x_wconf 82' lang='lat' dir='ltr'><strong>tom.</strong></span> <span class='ocrx_word' id='word_1_314' title='bbox 2833 3841 2922 3890; x_wconf 78' lang='lat' dir='ltr'><strong>vii.</strong></span> 
     </span>
     <span class='ocr_line' id='line_1_36' title="bbox 842 3914 1178 3979; baseline 0 -15"><span class='ocrx_word' id='word_1_315' title='bbox 842 3914 934 3965; x_wconf 90' lang='lat' dir='ltr'><strong>col.</strong></span> <span class='ocrx_word' id='word_1_316' title='bbox 960 3917 1072 3968; x_wconf 82' lang='lat'><strong>785.</strong></span> <span class='ocrx_word' id='word_1_317' title='bbox 1095 3916 1178 3979; x_wconf 89' lang='lat' dir='ltr'><strong>C.]</strong></span> 
     </span>
    </p>
   </div>
   <div class='ocr_carea' id='block_1_8' title="bbox 392 4014 2924 4097">
    <p class='ocr_par' dir='ltr' id='par_1_9' title="bbox 392 4014 2924 4097">
     <span class='ocr_line' id='line_1_37' title="bbox 392 4014 2924 4097; baseline 0.005 -27"><span class='ocrx_word' id='word_1_318' title='bbox 392 4023 535 4085; x_wconf 77' lang='lat' dir='ltr'><strong>[ante</strong></span> <span class='ocrx_word' id='word_1_319' title='bbox 558 4034 629 4068; x_wconf 73' lang='lat' dir='ltr'><strong>aa·</strong></span> <span class='ocrx_word' id='word_1_320' title='bbox 801 4014 1119 4095; x_wconf 81' lang='lat' dir='ltr'><strong>Hymnum</strong></span> <span class='ocrx_word' id='word_1_321' title='bbox 1154 4035 1305 4078; x_wconf 90' lang='lat' dir='ltr'><strong>vero</strong></span> <span class='ocrx_word' id='word_1_322' title='bbox 1342 4014 1530 4078; x_wconf 92' lang='lat' dir='ltr'><strong>illum</strong></span> <span class='ocrx_word' id='word_1_323' title='bbox 1578 4021 1645 4078; x_wconf 86' lang='lat' dir='ltr'><strong>et</strong></span> <span class='ocrx_word' id='word_1_324' title='bbox 1690 4036 1811 4079; x_wconf 92' lang='lat' dir='ltr'><strong>nos</strong></span> <span class='ocrx_word' id='word_1_325' title='bbox 1858 4016 2145 4097; x_wconf 86' lang='lat' dir='ltr'><strong>quotidie</strong></span> <span class='ocrx_word' id='word_1_326' title='bbox 2183 4019 2480 4080; x_wconf 70' lang='lat' dir='ltr'><strong>canimus.</strong></span> <span class='ocrx_word' id='word_1_327' title='bbox 2573 4019 2708 4082; x_wconf 90' lang='lat' dir='ltr'><strong>Cur</strong></span> <span class='ocrx_word' id='word_1_328' title='bbox 2748 4019 2924 4082; x_wconf 88' lang='lat' dir='ltr'><strong>enim</strong></span> 
     </span>
    </p>
   </div>
   <div class='ocr_carea' id='block_1_9' title="bbox 391 4098 2927 4210">
    <p class='ocr_par' dir='ltr' id='par_1_10' title="bbox 391 4098 2927 4210">
     <span class='ocr_line' id='line_1_38' title="bbox 391 4098 2927 4210; baseline -0.002 -26"><span class='ocrx_word' id='word_1_329' title='bbox 391 4098 677 4210; x_wconf 53' lang='grc' dir='ltr'><strong>(ἔζέᾆῗῇω</strong></span> <span class='ocrx_word' id='word_1_330' title='bbox 722 4115 864 4197; x_wconf 88' lang='lat' dir='ltr'><strong>quis</strong></span> <span class='ocrx_word' id='word_1_331' title='bbox 911 4137 1062 4179; x_wconf 91' lang='lat' dir='ltr'><strong>eum</strong></span> <span class='ocrx_word' id='word_1_332' title='bbox 1115 4115 1477 4199; x_wconf 78' lang='lat' dir='ltr'><strong>despiciat?</strong></span> <span class='ocrx_word' id='word_1_333' title='bbox 1547 4138 1664 4180; x_wconf 87' lang='lat' dir='ltr'><strong>cur</strong></span> <span class='ocrx_word' id='word_1_334' title='bbox 1710 4119 1957 4180; x_wconf 78' lang='lat' dir='ltr'><strong>canenti</strong></span> <span class='ocrx_word' id='word_1_335' title='bbox 2003 4140 2138 4181; x_wconf 90' lang='lat' dir='ltr'><strong>non</strong></span> <span class='ocrx_word' id='word_1_336' title='bbox 2188 4121 2477 4182; x_wconf 74' lang='lat' dir='ltr'><strong>concinat</strong></span> <span class='ocrx_word' id='word_1_337' title='bbox 2500 4121 2533 4182; x_wconf 69' lang='lat'><strong>,2</strong></span> <span class='ocrx_word' id='word_1_338' title='bbox 2623 4120 2757 4183; x_wconf 88' lang='lat' dir='ltr'><strong>Sed</strong></span> <span class='ocrx_word' id='word_1_339' title='bbox 2805 4143 2927 4184; x_wconf 78' lang='lat' dir='ltr'><strong>non</strong></span> 
     </span>
    </p>
   </div>
   <div class='ocr_carea' id='block_1_10' title="bbox 720 4296 2713 4492">
    <p class='ocr_par' dir='ltr' id='par_1_11' title="bbox 720 4296 2713 4492">
     <span class='ocr_line' id='line_1_39' title="bbox 783 4296 2713 4367; baseline 0.003 -19"><span class='ocrx_word' id='word_1_340' title='bbox 783 4296 797 4328; x_wconf 88' lang='lat'><em>¹</em></span> <span class='ocrx_word' id='word_1_341' title='bbox 841 4298 1018 4349; x_wconf 81' lang='lat' dir='ltr'><strong>Horat.</strong></span> <span class='ocrx_word' id='word_1_342' title='bbox 1042 4299 1204 4365; x_wconf 81' lang='lat' dir='ltr'><strong>Epist.</strong></span> <span class='ocrx_word' id='word_1_343' title='bbox 1228 4301 1267 4350; x_wconf 91' lang='lat'><strong>1.</strong></span> <span class='ocrx_word' id='word_1_344' title='bbox 1296 4304 1339 4350; x_wconf 91' lang='lat'><strong>1.</strong></span> <span class='ocrx_word' id='word_1_345' title='bbox 1363 4301 1464 4365; x_wconf 86' lang='lat'><strong>65.]</strong></span> <span class='ocrx_word' id='word_1_346' title='bbox 1929 4310 1952 4333; x_wconf 88' lang='lat'><strong>¹·</strong></span> <span class='ocrx_word' id='word_1_347' title='bbox 1984 4301 2140 4366; x_wconf 86' lang='lat' dir='ltr'><strong>[Vide</strong></span> <span class='ocrx_word' id='word_1_348' title='bbox 2163 4315 2328 4365; x_wconf 82' lang='lat' dir='ltr'><strong>supra,</strong></span> <span class='ocrx_word' id='word_1_349' title='bbox 2354 4317 2402 4366; x_wconf 91' lang='lat' dir='ltr'><strong>p.</strong></span> <span class='ocrx_word' id='word_1_350' title='bbox 2430 4306 2506 4353; x_wconf 88' lang='grc'><strong>18.</strong></span> <span class='ocrx_word' id='word_1_351' title='bbox 2531 4308 2636 4352; x_wconf 77' lang='lat' dir='ltr'><strong>not.</strong></span> <span class='ocrx_word' id='word_1_352' title='bbox 2655 4303 2713 4367; x_wconf 55' lang='grc' dir='ltr'><strong>ἦ]</strong></span> 
     </span>
     <span class='ocr_line' id='line_1_40' title="bbox 782 4363 2341 4428; baseline 0.001 -16"><span class='ocrx_word' id='word_1_353' title='bbox 782 4371 815 4394; x_wconf 80' lang='lat'><strong>¹¹¹</strong></span> <span class='ocrx_word' id='word_1_354' title='bbox 838 4363 1039 4427; x_wconf 82' lang='lat' dir='ltr'><strong>[Baton.</strong></span> <span class='ocrx_word' id='word_1_355' title='bbox 1086 4366 1220 4414; x_wconf 87' lang='lat' dir='ltr'><strong>Ann.</strong></span> <span class='ocrx_word' id='word_1_356' title='bbox 1262 4365 1394 4415; x_wconf 87' lang='lat' dir='ltr'><strong>Eccl.</strong></span> <span class='ocrx_word' id='word_1_357' title='bbox 1437 4366 1501 4417; x_wconf 83' lang='lat' dir='ltr'><strong>ad</strong></span> <span class='ocrx_word' id='word_1_358' title='bbox 1536 4382 1654 4416; x_wconf 80' lang='lat' dir='ltr'><strong>ann.</strong></span> <span class='ocrx_word' id='word_1_359' title='bbox 1695 4369 1772 4415; x_wconf 82' lang='lat'><strong>41.</strong></span> <span class='ocrx_word' id='word_1_360' title='bbox 1929 4375 1950 4399; x_wconf 87' lang='lat'>⁰</span> <span class='ocrx_word' id='word_1_361' title='bbox 1985 4369 2015 4414; x_wconf 83' lang='lat'><strong>2</strong></span> <span class='ocrx_word' id='word_1_362' title='bbox 2039 4366 2161 4428; x_wconf 81' lang='lat' dir='ltr'><strong>Reg.</strong></span> <span class='ocrx_word' id='word_1_363' title='bbox 2184 4367 2239 4414; x_wconf 86' lang='lat' dir='ltr'><strong>ii.</strong></span> <span class='ocrx_word' id='word_1_364' title='bbox 2267 4369 2341 4414; x_wconf 83' lang='lat'><strong>11.</strong></span> 
     </span>
     <span class='ocr_line' id='line_1_41' title="bbox 720 4428 1442 4492; baseline 0.004 -18"><span class='ocrx_word' id='word_1_365' title='bbox 720 4440 860 4476; x_wconf 85' lang='lat' dir='ltr'><strong>num.</strong></span> <span class='ocrx_word' id='word_1_366' title='bbox 883 4428 967 4488; x_wconf 66' lang='lat' dir='ltr'><strong>vi„</strong></span> <span class='ocrx_word' id='word_1_367' title='bbox 989 4433 1110 4479; x_wconf 83' lang='lat' dir='ltr'><strong>tom.</strong></span> <span class='ocrx_word' id='word_1_368' title='bbox 1135 4430 1167 4478; x_wconf 90' lang='lat' dir='ltr'><strong>i.</strong></span> <span class='ocrx_word' id='word_1_369' title='bbox 1193 4429 1284 4478; x_wconf 89' lang='lat' dir='ltr'><strong>col.</strong></span> <span class='ocrx_word' id='word_1_370' title='bbox 1309 4429 1442 4492; x_wconf 58' lang='lat'><strong>370]</strong></span> 
     </span>
    </p>
   </div>
  </div>
 </body>
</html>
