3165 4959
660 310 786 373 126
1282 323 1368 369 An
1414 323 1797 370 cumminas
1841 323 2240 371 summm

661 480 955 559 stantior,
1017 481 1720 562 Constantinopolitanis
1780 490 1997 544 autem
2057 490 2200 544 tum
2259 480 2407 543 urbs
2468 483 2607 562 ipsa
2667 483 2870 564 Reqia

659 592 818 650 esset
860 588 929 649 in
972 607 1094 668 qua
1124 588 1475 667 Imperator
1513 584 1855 648 residebat*
1867 612 1888 658 ;
1937 586 2234 666 mojorem
2266 606 2343 648 ex
2372 606 2448 648 eo
2480 585 2870 669 Episcopum

662 713 849 754 suum
880 692 1180 769 Romane,
1213 711 1281 754 se
1313 709 1564 773 quoque
1594 690 1901 756 Diaconis
1944 689 2082 772 ejus
2125 690 2393 770 majores
2432 690 2866 753 asseruissent.

445 794 530 854 97
662 795 987 857 Joannes¹
1051 794 1170 874 (uti
1231 793 1425 874 nosti)
1494 792 1649 855 fecit
1668 817 1685 868 3
1750 791 1903 855 fecit
1965 791 2307 875 Cyriacusr
2326 819 2343 869 3
2419 813 2541 855 nec
2598 793 2873 856 Diaconi

663 898 932 960 Romani
984 897 1263 960 cohibere
1308 904 1627 979 poterant.
1742 895 2002 958 Facturi
2053 896 2121 958 id
2171 917 2321 959 vero
2366 903 2698 980 perpetu0‚
2744 897 2872 959 nisi

661 1003 910 1066 Phocas
958 1001 1239 1084 quidem,
1296 1000 1406 1083 qui
1464 1001 1762 1081 majorem
1806 1000 2112 1062 Diaconis
2171 1001 2874 1081 Constantinopolitanis

659 1106 940 1170 habebat
998 1111 1407 1188 potestatem,
1462 1109 1781 1185 potestate
1840 1103 1952 1166 illa
2011 1125 2128 1167 sua
2185 1105 2419 1185 majore
2480 1106 2869 1168 cohibuisset.

664 1209 843 1275 Quin
873 1223 939 1272 et
970 1210 1401 1286 RavennateS‚
1442 1207 1579 1290 jam
1622 1206 1774 1270 inde
1804 1227 1879 1269 ex
1911 1228 2039 1289 quo
2069 1207 2287 1271 sedem
2327 1207 2421 1271 ibi
2456 1229 2638 1271 suam
2670 1208 2873 1272 Gothi

663 1315 961 1399 primum,
992 1322 1138 1397 post
1168 1313 1447 1378 Exarchi
1475 1312 1862 1389 habuerunt,
1897 1311 2276 1375 Cardinales
2308 1334 2454 1376 suos
2482 1312 2870 1392 habuerunt,

664 1418 774 1501 qui
801 1418 1135 1501 negotium
1168 1416 1481 1480 Romanis
1513 1415 1594 1478 de
1622 1414 2001 1498 Majoritate
2023 1413 2408 1479 facesserent
2419 1428 2461 1493 ²,
2488 1437 2608 1480 nec
2637 1418 2873 1499 majore

661 1521 774 1584 illa
802 1520 1239 1585 Diaconorum
1269 1525 1589 1602 potestate
1620 1517 1905 1581 cohiberi
1936 1517 2195 1581 vellent.

723 1680 843 1731 Jam
878 1681 1017 1730 enim
1052 1679 1242 1729 discere
1278 1680 1448 1741 potuit
1485 1678 1634 1742 (Rex)
1680 1692 1743 1727 ex
1784 1678 2021 1728 Patribus
2045 1714 2059 1728 .
2081 1715 2093 1727 .
2120 1717 2131 1727 .
2156 1695 2256 1742 quo
2295 1679 2406 1729 loco
2444 1683 2496 1729 et
2535 1679 2663 1744 [aut]
2708 1681 2871 1744 pretio

790 1760 1009 1810 habendi
1044 1766 1164 1809 sunt
1198 1758 1449 1823 Episcopi,
1496 1758 1783 1819 Presbyteri
1828 1764 1881 1809 et
1926 1759 2374 1825 Diaconi.—[Bell.
2410 1760 2562 1824 Apol.
2586 1776 2677 1825 pro
2700 1761 2870 1827 Resp.]

793 1858 838 1904 p.
858 1842 937 1891 34.
978 1841 1111 1905 [op.,
1129 1845 1252 1890 tom.
1268 1841 1357 1890 vii.
1380 1839 1472 1889 σοι.
1499 1840 1612 1892 723.
1634 1839 1720 1904 n]

749 1954 997 2037 Collige
1043 1956 1199 2038 jam.
1290 1955 1593 2035 Episcopi
1639 1956 1984 2037 quicunque
2027 1957 2294 2037 majores
2344 1963 2488 2019 sunt
2548 1958 2868 2039 Reqibus⁸.

660 2061 758 2121 De
788 2058 1184 2140 Presbyteri-5
1213 2058 1427 2120 eadem
1454 2060 1623 2121 ratio
1654 2065 1799 2122 estss.
1892 2060 2166 2123 Diaconi
2195 2062 2493 2142 majorem
2523 2063 2658 2144 ipso
2682 2064 2872 2125 etiam

658 2165 1042 2244 Imperatore
1076 2168 1452 2243 potestatem
1504 2161 1731 2224 babent
1749 2161 1797 2226 b.
1899 2163 2240 2245 (Agnoscit
2286 2164 2460 2227 enim
2509 2166 2870 2230 Cardinalis

660 2267 854 2332 verba
877 2267 1032 2348 sua.)
1087 2268 1187 2330 Ex
1206 2265 1348 2329 istis
1370 2266 1508 2349 jam
1528 2266 1766 2328 discere
1790 2266 2034 2348 Regem
2057 2266 2267 2349 jubet,
2292 2289 2409 2349 quo
2434 2270 2565 2332 loco
2589 2275 2649 2331 et
2658 2272 2870 2351 pretio

661 2371 928 2434 habendi
956 2372 1083 2434 sint
1110 2398 1128 2433 .-
1177 2369 1403 2432 altiore
1432 2369 1675 2433 scilicet
1707 2371 1859 2446 loco,
1892 2372 2134 2454 majore
2151 2374 2384 2454 pretio,
2418 2375 2550 2437 loco
2581 2380 2642 2436 et
2657 2376 2870 2456 pretio

663 2498 858 2562 supra
884 2475 986 2539 vel
1018 2476 1356 2553 Caesarem,
1386 2472 1488 2537 vel
1521 2474 1733 2557 Reges
1762 2473 1954 2557 ipsos.

727 2638 803 2688 At
833 2639 1040 2702 (inquit)
1065 2637 1416 2688 Cardinalatus
1447 2650 1579 2686 nova
1601 2640 1678 2685 est
1702 2636 1954 2699 Papamm
1983 2636 2256 2688 institutio.
2328 2640 2450 2691 Non
2474 2642 2550 2692 its
2571 2647 2662 2693 est.
2732 2644 2870 2695 Nam

791 2720 837 2769 si
861 2720 1166 2780 cardinales,
1188 2724 1247 2769 nt
1270 2718 1519 2782 Episcopi,
1543 2717 1847 2780 Presbyteri,
1872 2721 1926 2768 et
1953 2718 2167 2769 Disconi
2190 2721 2587 2783 considerentur,
2609 2739 2641 2774 s
2667 2725 2872 2776 Christo

796 2802 908 2864 ipso
939 2801 1165 2851 instituti
1189 2804 1323 2860 sunt,
1345 2803 1398 2848 et
1418 2799 1481 2848 ab
1499 2799 1652 2848 initio
1675 2798 1912 2848 Ecclesiae
1935 2814 2089 2863 usque
2111 2799 2174 2850 ad
2198 2806 2371 2853 nostra
2392 2808 2620 2869 tempora
2641 2807 2873 2869 perdura-

793 2887 927 2932 runt.
997 2882 1174 2945 Itaque
1205 2886 1311 2930 tam
1344 2884 1464 2930 suut
1496 2881 1712 2944 antiqui,
1736 2895 1888 2943 quam
1920 2882 2130 2946 antiqua
2162 2884 2275 2947 ipsa
2307 2884 2530 2937 Ecclesia
2561 2887 2870 2953 est-[Bell.

793 2963 941 3026 Apol.
967 2978 1057 3027 pro
1088 2962 1257 3026 Resp]
1296 2976 1345 3025 p.
1370 2963 1447 3012 34.
1486 2961 1621 3026 [Op.,
1645 2965 1768 3011 tom.
1791 2962 1877 3011 vii.
1903 2962 1994 3012 col.
2022 2964 2130 3014 724.
2151 2963 2241 3028 A.]

337 3087 542 3201 [135⁴ssss
751 3078 908 3141 Post
952 3084 1190 3153 autem,
1228 3076 1704 3139 Cardinalatum
1756 3098 1946 3140 suum
1990 3100 2208 3142 novam
2253 3082 2703 3147 institutionem
2747 3085 2874 3149 dici

339 3231 530 3280 nupera
549 3217 624 3264 in-
663 3202 796 3244 non
826 3179 1017 3256 sinit3
1066 3179 1386 3245 Canitiem
1424 3179 1522 3242 illi
1551 3180 1863 3264 appingit.
1955 3181 2305 3267 Multiplici
2345 3191 2563 3251 tamen
2595 3190 2873 3252 conside-

337 3279 574 3346 stitutio]
662 3285 907 3347 ratione
957 3304 1060 3346 res
1120 3303 1280 3364 opus
1336 3281 1553 3346 habet.
1644 3283 1814 3345 Nam
1870 3285 1928 3347 si
1981 3288 2446 3351 considerentur
2503 3291 2873 3355 Cardinoles

672 3386 926 3470 (inquit)
973 3392 1044 3449 ut
1086 3387 1407 3467 Episcopi,
1460 3386 1842 3468 Presbyteri,
1893 3394 1954 3451 et
2002 3390 2293 3470 Diae-oni,
2349 3414 2389 3455 a
2434 3394 2681 3458 Christo
2724 3396 2871 3477 Ipso

662 3492 938 3555 instituti
977 3497 1139 3569 sunt,
1172 3496 1232 3552 et
1278 3490 1356 3552 ab
1396 3491 1576 3552 initio
1623 3491 1921 3555 Ecclesiae
1968 3494 2057 3555 ad
2098 3502 2313 3558 nostra
2359 3518 2549 3579 usque
2595 3506 2872 3581 tempora

654 3596 1105 3676 perdurarunt.
1211 3594 1433 3675 Itaque
1494 3600 1624 3656 tam
1673 3601 1819 3658 sunt
1871 3599 2133 3678 antiqui,
2185 3620 2368 3680 quam
2427 3604 2688 3685 antiqua
2731 3605 2870 3685 ipsa

668 3700 958 3762 Ecclesia
988 3704 1099 3761 est.
1190 3698 1317 3761 Par
1356 3706 1572 3761 autem
1607 3697 1686 3761 de
1719 3699 1761 3761 J
1764 3699 1985 3762 esuitis
2013 3699 2228 3779 faciat,
2261 3725 2410 3766 cum
2439 3706 2629 3784 volet,
2664 3707 2776 3790 qui
2804 3714 2870 3771 et

668 3803 789 3885 ipsi
836 3801 1109 3866 Diaconi
1156 3809 1308 3865 sunt
1360 3810 1427 3865 et
1475 3801 1875 3885 Presbyteri:
1924 3803 2180 3886 quique,
2211 3807 2268 3868 si
2303 3812 2373 3869 ut
2410 3809 2773 3891 Presbyteri
2810 3819 2869 3873 et

668 3907 939 3969 Diaconi
970 3906 1455 3983 considerentur,
1481 3926 1521 3968 a
1550 3906 1797 3968 Christo
1828 3907 2019 3969 etiam
2041 3909 2186 3988 Ipso
2216 3911 2494 3974 instituti
2523 3919 2687 3992 sunt,
2708 3919 2769 3977 et
2788 3916 2868 3977 ab

731 4093 752 4114 '
786 4084 901 4148 [τὴν
922 4082 1153 4147 βασιλείᾳ
1185 4085 1265 4133 καὶ
1299 4083 1560 4145 συγκλήτῳ
1592 4103 1723 4143 τιμη·
1889 4092 1911 4124 5
1936 4084 2091 4149 [Vide
2125 4086 2304 4137 Anasi».
2344 4089 2453 4139 Vit.
2494 4090 2654 4140 Bonis.
2706 4092 2870 4143 III.·—-

669 4151 831 4199 θεῖσαν
859 4150 952 4207 τὴν
976 4147 1133 4197 πόλιν.
1202 4147 1352 4197 Cone.
1391 4147 1558 4197 Chalc.
1601 4147 1723 4197 Can.
1813 4146 1961 4199 Cone.
1987 4157 2108 4201 tom.
2127 4168 2171 4200 v.
2199 4154 2290 4203 col.
2307 4157 2451 4205 1615.
2475 4156 2559 4220 A.]

668 4213 1064 4263 xxviii—Cone.
1090 4217 1208 4263 tom.
1237 4214 1302 4261 iv,
1327 4213 1417 4262 col.
1443 4213 1552 4264 770.
1581 4212 1661 4277 B.]
1876 4222 1896 4244 ²
1931 4214 2087 4278 [Vide
2140 4217 2460 4269 Jacobatinm
2504 4221 2567 4271 de
2612 4221 2870 4284 Conciliis,

734 4287 757 4310 ¹
793 4278 948 4344 [Vide
970 4279 1018 4327 S.
1037 4278 1184 4341 Greg.
1212 4279 1280 4327 M.
1305 4278 1394 4327 lib.
1410 4293 1457 4327 ν.
1484 4277 1594 4327 lnd.
1614 4278 1724 4327 xiii.
1813 4279 1899 4327 lib.
1919 4280 1952 4328 i.
2018 4281 2094 4330 De
2118 4283 2309 4333 Ordine
2333 4285 2552 4335 Sedendi
2574 4287 2630 4336 in
2654 4288 2871 4338 Cone.—

670 4343 762 4406 Ep.
783 4344 924 4393 xviii.
953 4343 1034 4405 (ad
1050 4342 1081 4391 J
1086 4359 1195 4392 oan.
1217 4343 1269 4393 C.
1292 4343 1366 4403 P.)
1406 4344 1515 4406 Op..
1530 4347 1654 4392 tom.
1672 4344 1725 4392 ii.
1816 4343 1962 4394 Cone.
1987 4348 2107 4395 tom.
2128 4348 2248 4396 xvii.
2312 4386 2322 4396 .
2339 4352 2418 4398 40.
2441 4354 2530 4400 col.
2550 4355 2595 4400 2.
2617 4352 2677 4401 D.
2705 4353 2782 4416 E.]

671 4408 784 4456 coll.
831 4409 940 4458 742.
986 4408 1259 4472 743.-Ep.
1302 4424 1389 4456 xx.
1442 4406 1566 4457 ibid.
1615 4408 1726 4457 coll.
1879 4418 1900 4440 ⁸
1936 4410 2120 4475 [Beli]
2161 4414 2275 4476 Apo
2299 4451 2309 4461 .
2352 4414 2463 4478 [pro
2504 4416 2671 4481 Resp]
2719 4433 2766 4482 p.
2788 4420 2865 4468 32.

673 4474 781 4522 748.
819 4472 1092 4535 'HQ—Ep.
1140 4475 1244 4522 xxi.
1290 4472 1414 4522 ibid.
1464 4472 1574 4522 coll.
1618 4473 1726 4525 750.
1816 4473 1947 4570 [Op.
1972 4480 2091 4525 tom.
2112 4477 2198 4526 vii.
2224 4479 2316 4527 eol.
2333 4480 2441 4530 722.
2463 4480 2546 4544 D.]

674 4537 944 4600 751.-Ep.
969 4537 1099 4586 xliii.
1124 4538 1249 4586 ibid.
1282 4537 1393 4587 coll.
1421 4538 1724 4602 771—773]
1941 4540 2069 4590 lbid.
2093 4557 2140 4606 p.
2158 4545 2236 4594 33.
2261 4543 2372 4607 [col.
2398 4547 2508 4596 723.
2534 4547 2609 4609 C.]
