3165 4959
380 341 467 387 An
512 339 896 387 CAnmNAms
940 339 1339 387 emmaum
1383 340 1750 389 Aromfflffl
1793 342 2159 391 anspowsm.
2250 330 2379 393 413

169 498 573 583 reliquosque
602 497 962 580 Complices
991 517 1158 576 suos,
1189 497 1487 561 facinoris
1517 498 1618 561 sui
1646 498 1895 562 veniam
1936 506 2153 582 petere
2187 521 2378 563 renu-

168 603 330 666 isse:
377 602 472 664 ita
504 601 630 663 illis
677 600 972 664 doctrina
1015 608 1228 663 vestra
1264 600 1607 664 insederat.
1698 602 1807 678 Et,
1855 610 2215 666 monstrum
2254 598 2379 667 hoc

167 705 609 781 novissimum,
655 702 943 766 hausisse
972 724 1011 765 a
1037 702 1216 767 vobis
1245 703 1448 767 scelus
1480 725 1633 767 suut
1646 725 1690 782 1,
1718 712 1784 768 et
1815 705 2103 768 doctrina
2125 715 2335 770 vestra
2358 732 2377 784 3

168 829 204 870 e
234 807 492 890 publice
523 805 765 869 exustis
796 805 1111 869 Marianae
1157 805 1341 870 libris
1361 804 1396 884 s,
1427 806 1631 889 fidem‘
1648 806 1937 871 facimus.
2029 809 2376 872 Peccatum

166 913 290 995 ipsi
321 933 512 975 suum
540 917 919 995 portassent,
951 910 1076 973 nisi
1105 910 1364 973 edoctos
1395 932 1462 974 se
1491 912 1620 975 ista
1647 934 1685 975 a
1706 912 1932 975 vestris
1966 912 2121 976 fassi
2154 934 2379 976 omnes

168 1016 483 1078 fuissent:
531 1015 572 1076 J
578 1034 701 1092 am,
733 1034 882 1077 cum
920 1013 1014 1075 ita
1041 1012 1270 1091 edocti,
1317 1013 1610 1077 doctrina
1638 1021 1849 1078 vestra
1877 1016 2124 1095 justam
2166 1037 2378 1097 repre-

168 1120 526 1181 hen-sionem
555 1117 699 1196 fert,
731 1117 1103 1180 calumniam
1132 1137 1266 1180 non
1295 1117 1556 1200 patitur.

243 1253 628 1316 Indulgentiam
653 1289 665 1301 .
690 1288 703 1301 .
724 1289 736 1301 .
761 1267 1044 1303 concessam
1068 1252 1220 1301 fnisse
1243 1252 1324 1312 iis,
1351 1252 1440 1315 qui
1462 1251 1620 1301 Cruce
1643 1256 1873 1317 suscepta
1895 1289 1908 1302 .
1936 1290 1947 1303 .
1971 1289 1983 1301 .
2004 1252 2242 1303 adversus
2262 1253 2378 1303 infi-

308 1335 447 1385 deles
477 1349 619 1385 arma
639 1336 973 1399 suscepissent
995 1333 1103 1398 [leq.
1128 1333 1487 1398 sumpsissent]
1508 1342 1545 1383 Β.
1595 1336 1765 1398 Atque
1787 1334 1918 1384 hanc
1938 1370 1951 1383 .
1978 1371 1990 1383 .
2018 1371 2030 1382 .
2055 1334 2383 1398 praedicatam

308 1416 424 1479 lego
445 1452 458 1465 .
484 1452 497 1465 .
523 1453 535 1465 .
563 1416 813 1479 praecipue
834 1430 865 1464 a
888 1414 981 1480 [S.]
1000 1412 1520 1478 Bernartius—[Bell.
1544 1415 1697 1479 Apol.
1719 1431 1811 1480 pro
1834 1402 2011 1480 Resp.]
2038 1432 2084 1479 p.
2107 1419 2218 1466 166.
2245 1416 2386 1481 [Op.,

305 1501 431 1546 tom.
447 1499 532 1546 vii.
553 1498 645 1547 col.
671 1497 779 1548 797.
805 1496 896 1560 Ι).]

264 1597 443 1660 Nam
492 1597 659 1680 quod
690 1597 907 1660 statim
937 1618 1014 1660 ex
1042 1597 1184 1660 loco
1212 1597 1353 1675 hoc,
1394 1596 1570 1661 unde
1617 1597 2085 1681 prolapsionem
2128 1598 2382 1677 metuit,
2414 1611 2519 1675 [De
2545 1612 2662 1661 Om-

2410 1677 2557 1726 ciatis
2579 1681 2632 1726 et·

173 1699 499 1763 delabitur
527 1699 606 1762 ad
643 1700 971 1762 Cruciatas
991 1727 1010 1760 .·
1057 1699 1212 1764 facit
1241 1721 1356 1783 pro
1390 1721 1568 1763 more
1599 1722 1736 1778 suo,
1766 1707 1841 1762 ut
1881 1721 2027 1763 cum
2072 1700 2276 1784 premi
2315 1723 2383 1765 se
2412 1741 2581 1790 Indul-

175 1804 379 1866 sentit
410 1804 662 1882 alicubi,
694 1803 816 1867 alio
839 1804 1179 1868 Lectorem
1209 1810 1450 1867 avocet.
1539 1802 1874 1867 Bernardo
1904 1810 2141 1882 autem,
2175 1812 2240 1868 et
2271 1806 2383 1889 qui
2409 1804 2639 1869 gentiis]

175 1907 239 1968 ei
288 1906 542 1986 similes,
573 1906 722 1970 viris
769 1928 904 1970 nou
947 1907 1152 1985 malis,
1202 1927 1393 1988 quam
1442 1926 1608 1989 saepe
1653 1905 1890 1970 abusus
1938 1906 2255 1987 Pontifex,
2303 1909 2385 1972 ad

175 2009 442 2092 negotia
471 2011 627 2072 sua?
717 2009 1056 2087 Novimus,
1088 2016 1153 2073 et
1190 2010 1498 2072 Cruciatae
1529 2008 1658 2072 iuae
1698 2009 1853 2092 quid
1893 2009 2015 2073 sibi
2042 2010 2381 2090 voluerint,

178 2120 247 2175 et
280 2134 406 2196 quo
437 2112 703 2177 consilio
732 2133 898 2195 saepe
926 2111 1304 2195 praedicatae.
1395 2111 1759 2191 Interdum,
1783 2119 1859 2175 ut
1887 2112 1959 2175 in
1992 2114 2277 2193 Caesaris,
2310 2135 2386 2177 ac

179 2216 556 2299 Principum
601 2215 672 2278 in
703 2214 885 2278 Bello
917 2235 1097 2279 sacro
1128 2214 1513 2293 absentium,
1545 2216 1819 2280 ditiones
1858 2218 2150 2299 praesidio
2181 2218 2385 2282 nuda-

177 2328 283 2381 tas
323 2318 586 2382 liberius
615 2317 914 2382 Pontifex
945 2317 1298 2381 involaret:
1344 2318 1693 2397 interdum,
1723 2326 1819 2396 ut,
1853 2341 2011 2401 quos
2032 2320 2386 2386 luminibus

177 2421 290 2485 hic
350 2420 480 2485 suis
538 2422 790 2486 officere
841 2422 1128 2501 sentiret,
1174 2422 1299 2487 alio
1348 2422 1611 2501 scilicet,
1672 2422 1744 2486 iu
1802 2423 2058 2487 Terram
2103 2432 2386 2488 sanctam

180 2527 579 2604 amandaret,
611 2526 1018 2590 amandando
1047 2526 1211 2589 vires
1243 2531 1586 2590 attereret:
1642 2547 1806 2608 saepe
1838 2527 2052 2604 etiam,
2075 2534 2150 2590 ut
2182 2529 2391 2593 colore

178 2629 326 2706 hoc,
367 2628 488 2693 hac
519 2629 748 2713 specie,
795 2629 1060 2692 collecta
1086 2627 1375 2711 pecuniae
1404 2628 1467 2691 vi
1496 2628 1768 2711 ingenti,
1814 2629 1939 2692 iter
1960 2629 2099 2711 jam
2128 2630 2390 2693 institu-

178 2740 326 2795 tum
355 2753 521 2796 novo
550 2732 763 2815 aliquo
793 2739 1156 2796 commento
1183 2730 1516 2811 illuderet;
1567 2738 1653 2809 et,
1677 2732 1849 2815 quod
1880 2733 2100 2795 bellum
2126 2733 2392 2797 Sacrum

179 2857 407 2920 capere
430 2837 731 2920 oportuit,
762 2836 896 2919 ipse
917 2835 1348 2919 interciperet.
1395 2837 1553 2900 Non
1576 2837 1750 2899 enim
1773 2839 2133 2920 sanquinem
2158 2838 2388 2917 solum,

163 2941 477 3020 pecunias
527 2939 722 3002 etiam
775 2959 938 3022 saepe
986 2938 1278 3021 emungit
1307 2939 1724 3021 Indulyentiis
1761 2940 1911 3003 suis.
2006 2940 2132 3004 Sed
2169 2962 2390 3005 annon

180 3047 247 3102 ct
278 3041 638 3122 sanquinem
657 3042 691 3102 ‚2
749 3041 991 3104 Annon
1023 3040 1062 3101 J
1069 3039 1181 3101 ulii
1204 3038 1482 3102 Secundi
1511 3041 1855 3121 diplomata
1884 3042 2168 3122 fuerunt,
2199 3042 2392 3125 plena

179 3142 574 3207 remissionis
615 3150 1022 3226 peccatorum
1063 3141 1362 3205 omnibus
1408 3163 1726 3222 concessa,
1770 3145 1900 3226 qui,
1931 3145 2029 3208 vel
2071 3147 2391 3209 Francum

181 3245 309 3308 sibi
342 3244 601 3308 obvium
640 3245 1077 3308 interficerent
1098 3241 1114 3281 i
1132 3245 1161 3304 ’ἓ
1251 3245 1493 3309 Annon
1547 3253 1612 3309 et
1661 3247 1948 3330 ejusdem
1981 3249 2023 3311 J
2026 3249 2142 3312 ulii
2186 3250 2394 3311 indul-

173 3350 405 3431 gentioe
443 3370 649 3432 pares,
690 3349 886 3432 siquis
916 3344 1288 3410 Venetumk
1306 3350 1335 3409 ’ἓ
1429 3350 1587 3412 Non
1631 3372 1785 3432 ergo
1830 3355 2136 3432 pecunias
2182 3352 2391 3417 solum

182 3460 549 3535 emungunt
572 3477 590 3529 3
640 3453 1001 3533 sanquinem
1029 3450 1226 3514 etiam
1258 3470 1422 3534 saepe
1453 3451 1719 3516 eliciunt
1748 3454 2167 3536 Indulyentiis
2213 3456 2344 3518 suis
2374 3482 2387 3518 :

182 3577 305 3619 nec
335 3556 539 3619 solum
568 3557 949 3638 sanquinem,
981 3549 1176 3617 etiam
1195 3554 1519 3634 pecunias.

249 3699 395 3758 Quod
418 3699 624 3750 Sicsriis
644 3700 891 3763 promissa
926 3699 997 3748 sit
1032 3712 1147 3761 spes
1178 3701 1384 3747 aeternae
1415 3696 1554 3757 vitae,
1593 3699 1638 3747 si
1675 3698 1872 3761 Regum
1909 3701 2029 3750 vitae
2065 3700 2393 3763 insidientur,

314 3795 560 3844 nusquam
583 3780 703 3844 legi,
724 3795 983 3845 nunquam
1004 3777 1409 3843 audivi—[Bell.
1429 3779 1579 3842 Apol.
1610 3794 1702 3844 pro
1721 3779 1891 3845 Besp.]
1912 3796 1960 3846 p.
1987 3784 2091 3832 166.
2118 3782 2251 3846 [Op.,
2268 3786 2392 3832 tom.

314 3862 403 3912 vii.
425 3861 516 3912 col.
545 3862 657 3914 797.
679 3860 765 3924 D.]

248 4027 264 4058 ¹
384 4026 467 4076 ide
489 4042 547 4077 su
583 4042 654 4089 rs,
677 4042 726 4091 p.
752 4027 894 4090 392]
1331 4027 1575 4087 instituit,
1610 4028 1674 4077 ob
1709 4028 1962 4078 infelicem
2000 4044 2281 4080 successum
2312 4044 2393 4080 ex-

250 4100 273 4132 1
297 4092 318 4156 [
369 4091 453 4141 ide
470 4092 511 4141 B
567 4093 602 4141 l.
617 4093 692 4143 iii.
710 4091 785 4141 Eu
852 4107 899 4141 n.
921 4090 1017 4140 ΙΙΙ.
1053 4094 1068 4119 ‘
1083 4091 1246 4150 Quan-
1330 4092 1611 4156 peditionis
1632 4094 1689 4142 in
1712 4098 1897 4143 terram
1924 4094 2219 4207 sanctam}3

183 4160 294 4205 tum
310 4156 789 4221 praedecessores!—
840 4155 1240 4219 ull.Magn.tom.
1396 4153 1410 4187 ¹
1442 4156 1606 4220 [Vide
1628 4157 1803 4208 Franc.
1830 4159 2143 4208 Hotomanni
2222 4160 2394 4208 rutum

181 4221 216 4270 i.
241 4235 291 4284 p.
319 4222 397 4272 37.
421 4238 433 4281 ;
468 4221 600 4271 Bull.
626 4222 658 4270 i.
685 4221 784 4272 Gre
823 4259 834 4270 .
850 4219 998 4270 VIII.
1024 4222 1090 4270 iv.
1125 4220 1239 4272 Kal.
1331 4221 1562 4282 Fulmen,
1585 4237 1693 4285 cap.
1718 4238 1766 4271 x.
1801 4223 1934 4286 apud
1960 4223 2104 4273 Gold.
2130 4223 2392 4273 Monarch.

183 4283 313 4335 Nov,
346 4300 444 4336 Am.
480 4286 772 4337 nez-lbi
882 4301 930 4350 p.
964 4287 1042 4346 48,
1065 4288 1152 4334 492
1189 4290 1241 4336 et
1327 4292 1450 4336 tom.
1474 4287 1548 4335 iii.
1572 4302 1622 4350 p.
1645 4285 1752 4349 94.]

185 4349 322 4399 Bull.
356 4351 449 4400 xii.
486 4302 981 4401 Innoc.111.—l›b'd.
1006 4365 1089 4415 pp.
1115 4353 1245 4400 61—
1396 4350 1419 4382 ¹⁸
1453 4351 1552 4428 [De
1607 4352 2127 4401 excommunicatione
2177 4351 2395 4402 Veneto·

181 4414 291 4510 633⁵]
310 4479 474 4556 [citat
517 4479 860 4530 Bellarminus
901 4479 951 4528 S.
977 4479 1125 4529 Bern.
1145 4544 1156 4556 ο
1182 4479 1245 4530 de
1331 4414 1867 4531 zmabdidlebaeygdig:
1885 4415 2393 4546 gffflqffidiaxrgm

182 4543 390 4593 Consid.
421 4544 508 4594 hb.
527 4546 580 4594 li.
609 4560 715 4608 cap.
743 4546 805 4605 1.‚
829 4544 916 4594 ubi
941 4546 1244 4608 Apologiam

2497 2119 2627 2183 298
