3165 4959
982 336 1346 384 stomoma
1394 333 1753 382 asssrossm.
2340 320 2468 382 257

267 493 468 556 altera
510 493 723 576 specie
771 492 1174 557 abstinuisse.
1267 492 1514 554 Verum
1561 491 1616 553 si
1661 491 1770 554 illa
1813 490 1998 568 ratiO,
2054 489 2225 572 quod
2271 490 2464 572 aliqui

262 605 406 660 tum
445 597 537 661 ibi
584 598 879 661 Nazaraei
925 597 1058 680 (qui
1103 605 1170 659 et
1216 595 1403 678 pauci
1440 594 1704 677 aliquot,
1748 600 1814 656 et
1855 593 1935 656 ad
1975 601 2247 675 tempus,
2282 600 2347 656 et
2388 615 2466 657 ex

262 698 790 782 dispensatione),
842 705 907 762 at
967 720 1101 762 non
1164 720 1202 760 a
1257 696 1475 780 paucis
1532 696 1680 774 illis,
1736 696 1848 759 sed
1897 717 1935 759 a
1983 696 2175 778 longe
2224 697 2465 780 majore

261 809 462 884 parte,
514 801 807 865 facienda
860 799 1330 864 denominatio:
1391 798 1564 861 inter
1617 819 1794 881 quos,
1843 805 1920 860 ut
1973 797 2157 880 panis
2201 797 2466 876 fractus,

261 903 493 967 itidem
523 910 589 967 et
619 903 785 967 calix
815 902 1219 966 distributae.
1298 900 1446 978 Sed,
1480 901 1761 964 etiamne
1791 900 2041 963 Troade
2063 909 2087 939 ⁰
2117 901 2463 963 Nazaraeos

259 1011 558 1069 autumat
607 1005 820 1083 fuisse,
871 1004 984 1068 ubi
1033 1004 1257 1068 eadem
1307 1010 1528 1066 tamen
1577 1002 1828 1085 phrasis
1875 1009 2181 1084 usurpata
2201 1004 2231 1064 Ρ
2326 1003 2463 1065 Scit

217 1149 227 1158 -
258 1128 412 1170 vero
446 1107 806 1172 Cardinalis
845 1107 1232 1188 fractionem
1266 1106 1454 1186 panis
1497 1104 1780 1168 Hebraea
1810 1103 2224 1188 Syneedoche
2269 1103 2458 1186 phra-

264 1205 366 1272 sin
398 1211 723 1287 usitatam,
754 1230 871 1292 pro
900 1210 1175 1292 integro,
1199 1216 1465 1290 totoque
1495 1205 1818 1281 convivi03
1853 1227 1991 1283 nee,
2017 1226 2165 1268 cum
2196 1208 2463 1269 intravit

261 1310 577 1388 Christus,
609 1317 681 1373 ut
721 1311 1126 1373 manducaret
1158 1330 1389 1392 panem
1419 1329 1556 1370 cum
1593 1308 1891 1387 Principe
1936 1307 2396 1369 Pham‘soeorum
2413 1306 2460 1384 ἃ,

258 1419 436 1476 recte
465 1413 783 1476 rationem
814 1412 1058 1490 inferri,
1089 1412 1196 1474 ubi
1213 1433 1336 1474 non
1353 1411 1606 1473 addidit
1624 1411 1950 1492 quicquam
1970 1410 2045 1471 de
2065 1417 2242 1491 potu,
2269 1432 2463 1493 quare

257 1522 401 1578 toto
449 1515 563 1577 illo
610 1515 879 1597 prandio
922 1515 1255 1577 Christum
1303 1536 1438 1578 non
1483 1513 1760 1577 bibisse:
1808 1513 1926 1591 vel,
1967 1514 2065 1595 (ut
2102 1513 2464 1576 Cardinalis

258 1617 468 1681 verbis
489 1618 658 1698 utar)
692 1616 864 1699 quod
892 1616 1204 1680 invitatus
1235 1617 1428 1681 modo
1451 1617 1532 1679 ad
1555 1616 2024 1680 comedendum
2057 1635 2291 1699 panem
2313 1614 2459 1692 fuit,

256 1741 379 1784 nec
408 1727 599 1802 potus
631 1720 873 1784 mentio
904 1720 1140 1798 addita,
1175 1741 1215 1782 a
1231 1727 1392 1801 potu
1419 1741 1486 1783 se
1513 1720 1901 1782 abstinuisse.

326 1871 506 1935 Neque
528 1878 717 1935 negant
738 1873 1046 1929 Adversarii.
1070 1873 1127 1922 in
1143 1872 1363 1922 hocloco
1386 1888 1478 1937 per
1496 1873 1794 1922 fractionem
1819 1873 1966 1935 panis
1989 1870 2212 1933 intelligi
2226 1870 2461 1919 distribu-

397 1953 587 2003 tionem
612 1953 955 2003 Eucharistiae.
982 1991 993 2002 .
1019 1989 1031 2002 .
1057 1991 1068 2002 .
1092 1953 1283 2003 Eadem
1306 1954 1514 2004 fortasse
1536 1968 1685 2003 causa
1705 1957 1796 2011 est,
1821 1968 1911 2002 cur
1932 1953 2206 2016 Apostolus
2223 1951 2286 2001 de
2307 1953 2461 2001 calice

393 2036 663 2099 scripserit,
712 2038 756 2085 1.
783 2035 893 2086 Cor.
919 2052 968 2085 x.
1004 2039 1019 2062 ‘
1035 2035 1180 2086 Calix
1216 2035 1602 2096 benedictionis,
1645 2037 1727 2085 cui
1770 2034 2146 2085 benedicimus!
2213 2035 2288 2084 De
2330 2048 2461 2096 pane

392 2120 579 2177 autem,
615 2120 628 2142 ‘
652 2116 806 2166 Panis
827 2131 976 2179 quem
998 2117 1311 2179 frangimus.⁸
1377 2116 1524 2166 Calix
1544 2117 1685 2166 enim
1706 2130 1902 2179 semper
1933 2115 2334 2173 benedicebatur,
2370 2114 2457 2164 sed

392 2212 492 2245 non
525 2211 723 2260 semper
750 2198 987 2246 omnibus
1008 2196 1429 2247 distribuebatur:
1467 2199 1613 2259 panis
1634 2201 1804 2246 autem
1825 2210 2023 2259 semper
2043 2195 2379 2258 frangebatur,
2404 2195 2458 2245 id

391 2282 480 2336 est,
503 2276 776 2327 dividendo
798 2277 1380 2342 porrigebant—[Bell.
1398 2279 1544 2341 Apol.
1571 2292 1662 2341 pro
1680 2276 1849 2340 Besp.]
1872 2292 1920 2339 p.
1940 2278 2048 2325 103.
2075 2275 2207 2340 [Op.‚
2230 2280 2353 2325 tom.
2371 2276 2458 2324 vii.

390 2358 481 2407 col.
501 2358 531 2408 7
534 2360 612 2407 62.
637 2357 693 2407 C.
719 2357 801 2421 D.]

346 2464 504 2526 Esto
549 2472 786 2544 autem,
833 2472 908 2529 ut
950 2464 1209 2549 quidam
1256 2468 1454 2529 locum
1497 2467 1854 2548 intelliyant
1894 2466 1970 2529 de
1999 2465 2456 2528 Eucharistiae
2512 2471 2660 2549 Calix·
2674 2474 2789 2549 pont

260 2565 373 2647 qui
412 2565 506 2627 ita
543 2567 939 2650 intelligunt,
972 2590 1050 2632 ex
1088 2569 1328 2651 linguae
1366 2569 1539 2631 illius
1585 2569 1910 2645 idiomate,
1943 2568 2023 2631 de
2054 2567 2461 2630 Eucharistia
2484 2538 2788 2651 neffidmuo·

258 2668 508 2749 inteyra
551 2667 944 2752 intelligunt,
988 2691 1122 2733 nou
1154 2671 1507 2733 dimidiata.
1582 2670 1876 2733 Fortasse
1905 2675 1966 2731 et
2005 2669 2219 2731 eadem
2248 2690 2458 2746 causa,
2484 2681 2574 2729 1³01
2595 2679 2725 2715 com-

260 2790 376 2831 σαν
401 2771 722 2851 scripserit
740 2771 1076 2851 Apostolus
1105 2773 1181 2835 de
1204 2773 1399 2849 Pane,
1435 2773 1665 2834 ‘Panis
1694 2792 1869 2853 quem
1884 2769 2274 2852 sranyimus:
2289 2772 2307 2800 ’
2350 2773 2464 2834 sed
2485 2732 2784 2843 ffixsnffiffit

260 2877 280 2906 ‘
297 2873 500 2949 Galia»,
522 2875 621 2935 cui
647 2873 1097 2937 benedicimus?
1129 2875 1284 2937 Non
1308 2874 1480 2937 enim
1499 2874 1678 2937 venit
1697 2881 1840 2936 tum
1858 2872 2126 2937 fortasse
2145 2874 2457 2955 Apostolo
2484 2858 2674 2919 butus]

261 2978 331 3038 in
362 2984 647 3039 mentem
678 2976 759 3039 de
790 2977 1077 3055 Livonia,
1122 2976 1233 3040 ubi
1263 2997 1396 3059 prae
1427 2977 1577 3059 gelu
1608 2976 1828 3054 nimi0,
1871 2975 2218 3053 interdum,
2250 2977 2457 3038 vinum
2574 2974 2701 3035 190

261 3097 512 3158 quoque
535 3075 869 3158 franqitur
890 3104 909 3137 :
967 3077 1203 3159 alioqui
1246 3076 1414 3140 forte
1445 3085 1511 3140 et
1543 3076 1624 3140 de
1653 3079 1786 3139 vini
1809 3076 2132 3158 fractione
2161 3077 2461 3140 nonnihil

258 3179 532 3243 dicturo.
602 3180 848 3243 Verum
879 3180 992 3243 ubi
1022 3180 1238 3244 locum
1267 3180 1464 3244 habet
1496 3180 1799 3261 fortasse,
1842 3180 2034 3263 (quod
2052 3180 2461 3263 Augustinus

260 3302 380 3344 nos
409 3280 660 3344 monuit
679 3283 725 3365 ο)
761 3281 974 3344 locum
1006 3281 1205 3345 habet
1234 3288 1298 3345 et
1323 3281 1605 3362 sortasse
1635 3305 1768 3346 non
1794 3308 1807 3345 :
1839 3282 2122 3363 fortasse
2156 3304 2302 3365 erqo
2333 3285 2461 3345 Izoec

259 3403 450 3446 causa
491 3404 613 3445 non
644 3388 752 3444 est.
847 3384 1021 3446 Nam
1054 3390 1118 3446 et
1150 3384 1314 3446 calix
1352 3384 1480 3461 ille,
1515 3385 1625 3467 qui
1654 3406 1787 3447 non
1816 3384 2169 3465 frangitur,
2218 3383 2329 3447 sed
2361 3387 2462 3447 cui

261 3485 663 3562 benedicitur,
685 3485 1152 3547 communicatio
1183 3491 1276 3547 est
1308 3486 1648 3566 Sanguinis
1684 3486 1936 3547 Christi.
2010 3486 2460 3549 Communica-

255 3585 416 3648 bant
448 3607 601 3668 ergo
636 3586 693 3648 ei
724 3606 979 3649 omnes:
1029 3594 1314 3649 exsortes
1348 3586 1589 3667 alioqui
1624 3586 1826 3648 futuri
1859 3587 2222 3669 Sanguinis
2315 3587 2460 3649 Nee

256 3688 474 3750 minus
525 3687 726 3764 calici,
781 3695 856 3749 ut
908 3687 1459 3750 communicarent
1511 3686 1848 3768 Sanguini,
1900 3708 2092 3768 quam
2150 3688 2323 3769 pani,
2387 3698 2460 3750 ut

255 3788 709 3871 participarent
734 3787 812 3851 de
845 3790 1147 3872 Corpore.
1196 3791 1340 3853 Nec
1369 3787 1716 3852 obstabant
1745 3788 1850 3851 hic
1879 3788 2113 3869 (credo)
2143 3789 2456 3866 Nazaraei,

257 3890 368 3973 qui
398 3890 712 3953 Corintho
742 3891 934 3973 longe
965 3890 1254 3967 aberant,
1281 3890 1384 3953 cui
1414 3890 1552 3953 haec
1585 3890 1839 3973 scripsit
1869 3890 2238 3971 Apostolus.

326 4024 471 4073 Unde
508 4024 661 4087 paulo
695 4025 843 4084 infra,
879 4027 894 4052 ‘
922 4024 1063 4075 Unus
1096 4026 1274 4088 panis,'
1308 4026 1496 4087 inquit,
1530 4005 1621 4074 “et
1652 4038 1809 4073 unum
1847 4038 2027 4087 corpus
2059 4038 2246 4082 sumus,
2270 4025 2356 4086 qui
2397 4024 2459 4074 de

389 4120 487 4154 uno
522 4120 651 4169 pane
687 4107 1079 4170 participamua’
1146 4104 1324 4168 Neque
1356 4104 1420 4154 de
1453 4106 1607 4155 calice
1637 4103 1832 4168 aliquid
1865 4104 2082 4164 addidit,
2117 4104 2371 4167 quoniam,
2403 4109 2460 4153 ut

318 4328 338 4351 θ
374 4318 488 4369 Act.
511 4334 597 4367 xx.
622 4318 709 4383 [7.]
1398 4319 1564 4379 verbo,
1611 4319 1744 4382 quod
1789 4325 1865 4369 est
1904 4319 2285 4383 fortasse.”—S.
2327 4321 2457 4382 Aug.

318 4382 340 4413 ⁴
379 4382 493 4431 Luc.
521 4384 626 4432 xiv.
651 4386 695 4432 1.
1400 4383 1574 4433 Enarr.
1601 4384 1656 4433 in
1682 4383 1759 4432 ΡΒ.
1783 4386 1958 4433 cxxiii.
1983 4389 2101 4434 sect.
2125 4387 2168 4433 8.
2203 4384 2314 4447 Op„
2335 4389 2457 4433 tom.

319 4455 339 4478 ⁰
375 4447 570 4512 [“Ἀρα
612 4449 731 4510 quia
774 4446 1061 4497 dubitantis
1103 4448 1311 4497 verbum
1401 4449 1465 4497 iv.
1490 4448 1582 4497 col.
1610 4449 1754 4499 2007.
1779 4448 1863 4512 A.]

251 4517 342 4569 est,
357 4526 645 4574 expressum
660 4517 737 4560 est
750 4511 956 4573 quidem
979 4513 1314 4561 dubitationis

224 4644 251 4655 ,-
339 4607 684 4640 sanamus-1-
694 4606 828 4640 aar.
1910 4613 1940 4658 3
