3165 4959
975 397 1339 445 APOLOGIAM
1383 398 1745 445 REsPoNslo.
2343 383 2468 445 119

261 553 553 618 animum
591 552 955 638 juventutis
983 553 1290 618 informat
1319 555 1728 638 paedagogus,
1761 554 1906 618 ideo
1934 554 2161 617 cedere
2191 554 2251 617 ei
2280 575 2468 637 opor-

260 667 375 737 tet,
409 660 520 742 qui
551 666 947 742 quaesturam
988 659 1174 742 gerit,
1212 667 1278 723 et
1319 658 1488 723 circa
1526 680 1604 723 ea
1632 667 1941 735 versatur,
1973 659 2207 742 quibus
2243 666 2466 722 tamen

260 763 517 827 animus
566 764 761 846 longe
808 763 1164 846 pretiosior.
1254 763 1572 848 Denique,
1615 763 1726 847 qui
1767 762 2065 826 Pontifici
2118 785 2157 826 a
2197 762 2463 828 Confes-

259 865 549 930 sionibus
596 873 714 945 est,
763 887 840 930 eo
885 868 1026 949 ipso
1069 863 1280 953 ἀρχὴν
1320 864 1597 948 μείζονα,
1645 864 1755 930 καὶ
1794 864 2196 951 τελεωτέραν
2241 867 2460 942 habet,

257 990 464 1052 eoque
507 971 577 1033 in
621 970 761 1034 foro
806 971 1093 1053 superior
1129 978 1263 1033 est:
1313 992 1504 1054 quem
1545 977 1767 1034 tamen
1798 970 1903 1033 vix
1948 969 2180 1033 adduci
2216 970 2454 1052 (credo)

258 1081 478 1156 posset
509 1074 887 1152 CardinaliS,
934 1080 1010 1137 ut
1041 1080 1365 1156 componat
1405 1095 1554 1137 cum
1586 1073 1919 1154 Pontifice,
1969 1082 2081 1136 aut
2117 1074 2319 1155 Caput
2360 1073 2459 1137 in-

255 1176 520 1254 scribat,
552 1178 650 1241 De
685 1178 1161 1258 Compar-atione
1191 1178 1406 1258 Papoe,
1432 1183 1493 1239 et
1522 1177 1991 1240 Poenitentiarii
2018 1178 2138 1239 sui.

352 1279 483 1341 Sed
530 1287 596 1342 et
640 1279 803 1342 illud
844 1301 1096 1364 quoque
1139 1279 1355 1363 inique
1395 1287 1838 1362 comparatum
1883 1287 2000 1357 est,
2046 1286 2123 1342 ut
2167 1279 2250 1341 ad
2293 1280 2462 1342 hanc

255 1402 396 1444 rem
428 1390 834 1464 opponantur
873 1383 998 1446 ista
1034 1383 1124 1446 sic
1153 1382 1324 1446 inter
1360 1403 1447 1460 se,
1487 1382 1650 1445 Caro
1702 1390 1767 1446 ct
1800 1383 2096 1462 Spiritus,
2135 1382 2365 1444 Coelum
2395 1389 2461 1445 et

255 1490 451 1547 ten-a.
524 1484 850 1569 Quicquid
881 1485 1054 1549 enim
1086 1485 1171 1548 sit
1203 1484 1282 1549 de
1311 1484 1667 1548 Provinciae
1699 1485 1999 1563 Proeside,
2031 1505 2168 1547 non
2192 1485 2456 1547 Carnem

257 1586 450 1650 modo
478 1595 662 1651 curat
694 1588 851 1666 Rex,
895 1595 1077 1651 curat
1105 1594 1171 1651 et
1198 1589 1528 1670 Spiritum.
1619 1588 1784 1665 Nec,
1832 1595 1905 1651 ut
1949 1587 2018 1650 in
2059 1593 2232 1650 terra
2267 1586 2460 1651 modo

254 1691 508 1774 populis
538 1691 669 1755 suis
690 1691 860 1755 bene
888 1691 990 1771 sit,
1025 1691 1139 1755 sed
1169 1699 1234 1756 et
1267 1714 1521 1755 sursum
1551 1692 1634 1755 ad
1659 1693 1930 1755 coelestia
1957 1691 2235 1775 respicit,
2266 1691 2460 1775 idque

255 1794 413 1876 agit,
474 1803 548 1857 ut
599 1794 909 1877 perducat
954 1816 1031 1858 eo
1076 1795 1490 1858 commissum
1544 1795 1665 1858 sibi
1721 1796 2022 1878 Gregem.
2133 1796 2221 1857 Et
2268 1793 2461 1858 nimis

254 1896 533 1961 libenter
574 1919 857 1962 errorem
899 1899 1078 1963 hunc
1121 1905 1341 1962 errant
1386 1898 1731 1977 Pontificii,
1792 1906 1868 1962 ut
1913 1900 2158 1982 Regem
2209 1919 2461 1962 merum

250 2002 583 2081 opilionem
603 2008 856 2085 putent,
879 2001 989 2085 qui
1018 2002 1363 2086 prospiciat
1390 2002 1764 2066 hominibus
1785 2003 1864 2067 de
1895 2025 2153 2066 annona
2180 2010 2458 2080 tantum,

252 2111 451 2186 atque
496 2111 710 2168 arceat
753 2126 838 2168 ne
868 2106 1041 2169 calce
1081 2105 1244 2168 alter
1275 2105 1568 2183 alterum,
1603 2106 1702 2170 vel
1744 2127 1946 2169 cornu
1987 2106 2196 2185 feriat,
2231 2112 2462 2169 caetera

250 2207 416 2270 nihil
446 2216 648 2282 curet,
680 2209 862 2292 quasi
894 2210 1005 2293 qui
1044 2209 1388 2292 imperium
1430 2209 1669 2273 habeat
1708 2211 1778 2272 in
1808 2231 1954 2274 oves
1985 2232 2117 2275 non
2146 2210 2272 2273 nisi
2303 2231 2459 2294 qua-

253 2310 593 2393 drupedeS,
662 2312 764 2375 vel
812 2312 1013 2395 Gregi
1059 2313 1275 2396 praesit
1334 2312 1672 2376 brutorum
1733 2313 2128 2376 animalium.
2219 2315 2313 2376 At
2364 2313 2458 2376 illi

251 2414 604 2477 rationales
637 2436 786 2478 oves
828 2415 1040 2479 sciunt
1081 2416 1205 2481 sibi
1236 2415 1548 2481 creditas:
1599 2415 1832 2496 sciunt,
1866 2438 1999 2479 non
2028 2417 2220 2481 modo
2250 2415 2457 2482 homi-

250 2517 466 2595 nibuS,
513 2539 636 2582 nec
681 2518 898 2582 liberis
950 2520 1161 2597 mod0,
1205 2520 1316 2582 sed
1348 2519 1735 2584 Christianis
1783 2519 1978 2583 etiam
2022 2518 2298 2604 praees'se
2346 2541 2456 2597 se3

250 2620 512 2684 solliciti
564 2623 751 2705 proin
803 2629 868 2686 et
921 2622 1243 2706 quomodo
1295 2624 1539 2705 Spiritu
1598 2631 1964 2707 pascantur,
2027 2631 2093 2686 et
2138 2622 2458 2706 quomodo

250 2725 345 2786 ad
395 2726 680 2788 Coelestes
732 2726 965 2789 Caulas
1012 2725 1395 2810 dirigantur.
1490 2728 1657 2790 Cum
1704 2726 1783 2789 de
1828 2725 2256 2808 praeficiendo,
2318 2725 2457 2789 loco

249 2848 393 2905 suo,
429 2829 823 2911 Magistratu
853 2829 1069 2892 Deum
1097 2830 1515 2912 compellaret
1546 2827 1788 2906 Moses,
1816 2828 2156 2890 Provideat
2193 2826 2450 2910 (inquit)

252 2932 560 2994 Dominus
588 2934 764 2995 Deus
800 2932 957 3015 (uon
986 2932 1194 2996 carnis
1239 2932 1376 3014 sed)
1412 2932 1745 3013 spirituum
1774 2932 1972 2993 omnis
2002 2932 2229 3009 caruis,
2262 2931 2454 2992 leomi-

248 3055 409 3111 nem,
442 3037 547 3116 qui
577 3037 662 3098 sit
690 3056 878 3117 super
905 3036 1361 3098 multitudinem
1391 3036 1572 3112 hane,
1617 3054 1692 3097 ne
1719 3035 1806 3096 sit
1838 3036 2110 3115 populus
2139 3035 2270 3116 ejus
2294 3035 2457 3097 sicut

246 3158 395 3199 oves
450 3140 585 3201 sine
632 3140 901 3201 Pastore
918 3150 965 3202 Υ.
1056 3140 1116 3202 Α
1169 3141 1309 3202 Deo
1360 3139 1695 3220 spirituum
1754 3137 2061 3221 praefecti,
2121 3139 2453 3220 spirituum

246 3262 474 3304 curam
504 3242 586 3305 ad
615 3264 681 3305 se
711 3244 1032 3325 pertinere
1061 3244 1310 3307 sciunt:
1345 3244 1587 3324 Populo
1617 3243 1872 3307 Domini
1901 3242 2206 3329 praefecti,
2231 3264 2450 3306 curam

249 3353 480 3426 gerent
512 3345 591 3409 dc
620 3346 857 3429 populo
888 3346 971 3409 ad
1000 3348 1338 3410 Dominum
1368 3346 1741 3411 deducendo,
1834 3347 1993 3411 Ideo
2021 3346 2323 3429 praefecti,
2368 3367 2452 3408 ne

248 3449 381 3509 sint
409 3449 573 3510 sicut
616 3469 755 3511 oves
793 3451 926 3513 sine
947 3456 1229 3531 pastore,
1276 3471 1515 3512 munus
1553 3450 1673 3513 sibi
1708 3450 2011 3533 pascendi
2041 3450 2449 3513 commissum

248 3557 574 3614 statuent:
622 3572 741 3614 nec
786 3551 1001 3614 miuus
1047 3552 1168 3615 hoc
1199 3553 1396 3617 Josue
1428 3559 1690 3629 statuet,
1724 3574 1918 3635 quam
1949 3552 2231 3615 Eleazar.
2299 3551 2451 3614 Gal-

248 3654 454 3717 liones
483 3676 618 3717 non
649 3662 858 3732 erunt,
894 3655 1003 3738 qui
1040 3655 1120 3718 de
1153 3655 1392 3740 injuria
1421 3664 1488 3720 et
1528 3656 1812 3719 facinore
1844 3655 2193 3718 sustineret
2220 3654 2451 3731 libens,

249 3756 580 3839 religionis
611 3779 715 3821 res
747 3757 1069 3840 professus
1102 3780 1264 3822 curoe
1292 3760 1412 3821 sibi
1442 3780 1565 3822 non
1594 3778 1724 3820 esse
1735 3769 1775 3818 ².
1827 3757 1918 3819 At
1950 3755 2073 3819 sibi
2109 3757 2454 3818 Christiani

250 3861 473 3941 Reyes,
509 3882 645 3924 non
675 3881 937 3942 corpora
976 3861 1171 3926 modo
1201 3862 1420 3946 populi
1463 3863 1532 3925 in
1562 3858 2025 3943 temporalibus
2055 3880 2169 3941 per
2198 3866 2456 3923 terrena

250 3963 392 4026 haec
423 3970 756 4029 statuent:
808 3964 919 4028 sed
968 3971 1034 4028 et
1069 3966 1347 4047 Spiritus
1383 3966 1604 4046 populi
1634 3964 1761 4027 Dei
1805 3962 1873 4025 in
1907 3961 2341 4046 spiritualibus
2373 3962 2455 4025 ad

252 4073 496 4128 aeterna
546 4066 1001 4149 gubernandos
1049 4090 1225 4146 esse3
1272 4076 1348 4132 ut
1399 4068 1480 4131 ad
1524 4068 1856 4149 spirituum
1901 4071 2159 4148 portum
2197 4065 2450 4145 (coelum

250 4168 486 4251 ipsum)
535 4168 783 4251 possint
834 4170 1099 4233 tandem
1154 4171 1487 4254 appellere.
1582 4172 1835 4234 Praeses
1884 4168 2050 4231 forte
2082 4166 2452 4244 Provinciae,

249 4292 444 4354 quem
501 4272 739 4334 affatur
791 4272 881 4336 ibi
929 4274 1401 4350 Nazianzenus,
1451 4294 1584 4336 non
1645 4271 1912 4335 curabat
1971 4269 2128 4347 haec,
2190 4269 2272 4332 ad
2331 4268 2457 4331 alia

249 4374 530 4457 positus:
598 4374 998 4439 Theodosius
1059 4375 1195 4459 ipse
1254 4375 1541 4452 curabat,
1595 4381 1669 4437 ut
1731 4373 1839 4456 qui
1881 4394 2012 4436 nou
2055 4372 2454 4434 Provinciam

250 4476 462 4554 mod0,
496 4476 610 4540 sed
639 4483 707 4540 et
740 4478 1121 4541 Ecclesiam:
1171 4499 1290 4541 nec
1323 4478 1635 4540 Proesides
1681 4484 1958 4552 tantum,
1991 4496 2212 4538 verum
2260 4474 2454 4537 etiam

529 4613 548 4643 ¹
586 4605 744 4656 Num.
771 4605 926 4654 xxvii.
954 4609 1028 4654 16.
1724 4611 1740 4633 ⁸
1777 4605 1899 4652 Acts
1918 4603 2056 4653 xviii.
2086 4605 2159 4655 17.
2211 4639 2216 4643 ·

2595 2112 2680 2174 92
