<?xml version="1.0" encoding="UTF-8"?>
<!DOCTYPE html PUBLIC "-//W3C//DTD XHTML 1.0 Transitional//EN"
    "http://www.w3.org/TR/xhtml1/DTD/xhtml1-transitional.dtd">
<html xmlns="http://www.w3.org/1999/xhtml" xml:lang="en" lang="en">
 <head>
  <title>
</title>
<meta http-equiv="Content-Type" content="text/html;charset=utf-8" />
  <meta name='ocr-system' content='tesseract 3.04.00' />
  <meta name='ocr-capabilities' content='ocr_page ocr_carea ocr_par ocr_line ocrx_word'/>
</head>
<body>
  <div class='ocr_page' id='page_1' title='image "./responsioadapol01andrgoog_0344.png"; bbox 0 0 3165 4959; ppageno 0'>
   <div class='ocr_carea' id='block_1_1' title="bbox 366 777 633 971">
    <p class='ocr_par' dir='ltr' id='par_1_1' title="bbox 366 777 633 971">
     <span class='ocr_line' id='line_1_1' title="bbox 395 777 633 827; baseline 0 0"><span class='ocrx_word' id='word_1_1' title='bbox 395 777 578 827; x_wconf 82' lang='lat' dir='ltr'><strong><em>Utrum</em></strong></span> <span class='ocrx_word' id='word_1_2' title='bbox 602 793 633 827; x_wconf 84' lang='lat' dir='ltr'><strong><em>a</em></strong></span> 
     </span>
     <span class='ocr_line' id='line_1_2' title="bbox 442 858 591 892; baseline 0 0"><span class='ocrx_word' id='word_1_3' title='bbox 442 858 591 892; x_wconf 79' lang='lat' dir='ltr'><strong><em>mano</em></strong></span> 
     </span>
     <span class='ocr_line' id='line_1_3' title="bbox 366 906 630 971; baseline 0.008 -16"><span class='ocrx_word' id='word_1_4' title='bbox 366 906 630 971; x_wconf 65' lang='lat' dir='ltr'><strong><em>Imperio]</em></strong></span> 
     </span>
    </p>
   </div>
   <div class='ocr_carea' id='block_1_2' title="bbox 352 3370 620 3691">
    <p class='ocr_par' dir='ltr' id='par_1_2' title="bbox 352 3370 620 3691">
     <span class='ocr_line' id='line_1_4' title="bbox 352 3370 580 3434; baseline 0 -16"><span class='ocrx_word' id='word_1_5' title='bbox 352 3370 580 3434; x_wconf 76' lang='lat' dir='ltr'><strong><em>[Utrum</em></strong></span> 
     </span>
     <span class='ocr_line' id='line_1_5' title="bbox 361 3435 619 3485; baseline -0.004 -1"><span class='ocrx_word' id='word_1_6' title='bbox 361 3435 526 3485; x_wconf 85' lang='lat' dir='ltr'><strong><em>adhuc</em></strong></span> <span class='ocrx_word' id='word_1_7' title='bbox 549 3435 619 3484; x_wconf 82' lang='lat' dir='ltr'><strong><em>sit</em></strong></span> 
     </span>
     <span class='ocr_line' id='line_1_6' title="bbox 364 3499 620 3550; baseline 0 -1"><span class='ocrx_word' id='word_1_8' title='bbox 364 3499 620 3550; x_wconf 84' lang='lat' dir='ltr'><strong><em>Romanus</em></strong></span> 
     </span>
     <span class='ocr_line' id='line_1_7' title="bbox 364 3564 579 3628; baseline 0.009 -15"><span class='ocrx_word' id='word_1_9' title='bbox 364 3564 579 3628; x_wconf 87' lang='lat' dir='ltr'><strong><em>Impera·</em></strong></span> 
     </span>
     <span class='ocr_line' id='line_1_8' title="bbox 362 3629 486 3691; baseline 0 -13"><span class='ocrx_word' id='word_1_10' title='bbox 362 3633 455 3678; x_wconf 84' lang='lat' dir='ltr'><strong><em>tor.</em></strong></span> <span class='ocrx_word' id='word_1_11' title='bbox 465 3629 486 3691; x_wconf 92' lang='lat'>]</span> 
     </span>
    </p>
   </div>
   <div class='ocr_carea' id='block_1_3' title="bbox 690 330 2269 399">
    <p class='ocr_par' dir='ltr' id='par_1_3' title="bbox 690 330 2269 399">
     <span class='ocr_line' id='line_1_9' title="bbox 690 330 2269 399; baseline 0.004 -8"><span class='ocrx_word' id='word_1_12' title='bbox 690 330 821 392; x_wconf 89' lang='lat'><strong><em>308</em></strong></span> <span class='ocrx_word' id='word_1_13' title='bbox 1316 349 1400 395; x_wconf 72' lang='lat' dir='ltr'><strong><em>An</em></strong></span> <span class='ocrx_word' id='word_1_14' title='bbox 1446 348 1827 397; x_wconf 78' lang='lat' dir='ltr'><strong>CARDINALIS</strong></span> <span class='ocrx_word' id='word_1_15' title='bbox 1869 350 2269 399; x_wconf 63' lang='lat' dir='ltr'><strong><em>nummum</em></strong></span> 
     </span>
    </p>
   </div>
   <div class='ocr_carea' id='block_1_4' title="bbox 689 497 2907 2903">
    <p class='ocr_par' dir='ltr' id='par_1_4' title="bbox 819 497 2907 728">
     <span class='ocr_line' id='line_1_10' title="bbox 823 497 2907 568; baseline 0.001 -19"><span class='ocrx_word' id='word_1_16' title='bbox 823 504 989 563; x_wconf 73' lang='lat' dir='ltr'><strong><em>potest</em></strong></span> <span class='ocrx_word' id='word_1_17' title='bbox 1014 497 1140 561; x_wconf 85' lang='lat' dir='ltr'><strong><em>Rex,</em></strong></span> <span class='ocrx_word' id='word_1_18' title='bbox 1163 500 1542 551; x_wconf 79' lang='lat' dir='ltr'><strong><em>Antichristum</em></strong></span> <span class='ocrx_word' id='word_1_19' title='bbox 1574 502 1802 552; x_wconf 87' lang='lat' dir='ltr'><strong><em>nondum</em></strong></span> <span class='ocrx_word' id='word_1_20' title='bbox 1830 504 2040 562; x_wconf 79' lang='lat' dir='ltr'><strong><em>venisse,</em></strong></span> <span class='ocrx_word' id='word_1_21' title='bbox 2065 519 2181 553; x_wconf 84' lang='lat' dir='ltr'><strong><em>eum</em></strong></span> <span class='ocrx_word' id='word_1_22' title='bbox 2217 509 2335 555; x_wconf 78' lang='lat' dir='ltr'><strong><em>ante</em></strong></span> <span class='ocrx_word' id='word_1_23' title='bbox 2364 505 2472 568; x_wconf 86' lang='lat' dir='ltr'><strong><em>ejus</em></strong></span> <span class='ocrx_word' id='word_1_24' title='bbox 2502 504 2778 555; x_wconf 74' lang='lat' dir='ltr'><strong><em>adventum</em></strong></span> <span class='ocrx_word' id='word_1_25' title='bbox 2803 504 2907 555; x_wconf 78' lang='lat' dir='ltr'><strong><em>dis·</em></strong></span> 
     </span>
     <span class='ocr_line' id='line_1_11' title="bbox 819 580 2904 649; baseline 0.001 -20"><span class='ocrx_word' id='word_1_26' title='bbox 819 582 977 630; x_wconf 82' lang='lat' dir='ltr'><strong><em>cessio</em></strong></span> <span class='ocrx_word' id='word_1_27' title='bbox 1006 581 1260 643; x_wconf 80' lang='lat' dir='ltr'><strong><em>generalis</em></strong></span> <span class='ocrx_word' id='word_1_28' title='bbox 1283 581 1392 631; x_wconf 86' lang='lat' dir='ltr'><strong><em>fieri</em></strong></span> <span class='ocrx_word' id='word_1_29' title='bbox 1426 580 1607 631; x_wconf 83' lang='lat' dir='ltr'><strong><em>debeat</em></strong></span> <span class='ocrx_word' id='word_1_30' title='bbox 1632 598 1664 631; x_wconf 85' lang='lat' dir='ltr'><strong><em>a</em></strong></span> <span class='ocrx_word' id='word_1_31' title='bbox 1696 582 1922 633; x_wconf 86' lang='lat' dir='ltr'><strong><em>Romano</em></strong></span> <span class='ocrx_word' id='word_1_32' title='bbox 1953 583 2412 649; x_wconf 63' lang='lat' dir='ltr'><strong><em>Imperio—[Bell.</em></strong></span> <span class='ocrx_word' id='word_1_33' title='bbox 2438 585 2588 649; x_wconf 84' lang='lat' dir='ltr'>Apol.</span> <span class='ocrx_word' id='word_1_34' title='bbox 2611 600 2701 648; x_wconf 88' lang='lat' dir='ltr'><strong><em>pro</em></strong></span> <span class='ocrx_word' id='word_1_35' title='bbox 2725 584 2904 649; x_wconf 60' lang='lat' dir='ltr'><strong><em>Resp]</em></strong></span> 
     </span>
     <span class='ocr_line' id='line_1_12' title="bbox 821 663 1799 728; baseline 0.002 -17"><span class='ocrx_word' id='word_1_36' title='bbox 821 677 871 726; x_wconf 87' lang='lat' dir='ltr'><strong><em>p.</em></strong></span> <span class='ocrx_word' id='word_1_37' title='bbox 898 665 1007 712; x_wconf 83' lang='lat'><strong><em>129.</em></strong></span> <span class='ocrx_word' id='word_1_38' title='bbox 1038 663 1176 727; x_wconf 89' lang='lat' dir='ltr'><strong><em>[Op.,</em></strong></span> <span class='ocrx_word' id='word_1_39' title='bbox 1197 667 1322 712; x_wconf 86' lang='lat' dir='ltr'><strong><em>tom.</em></strong></span> <span class='ocrx_word' id='word_1_40' title='bbox 1346 663 1431 713; x_wconf 75' lang='lat' dir='ltr'><strong><em>vii.</em></strong></span> <span class='ocrx_word' id='word_1_41' title='bbox 1458 663 1551 714; x_wconf 85' lang='lat' dir='ltr'><strong><em>col.</em></strong></span> <span class='ocrx_word' id='word_1_42' title='bbox 1570 665 1680 717; x_wconf 85' lang='grc'><strong>777.</strong></span> <span class='ocrx_word' id='word_1_43' title='bbox 1707 666 1799 728; x_wconf 83' lang='grc' dir='ltr'><strong><em>Α.]</em></strong></span> 
     </span>
    </p>

    <p class='ocr_par' dir='ltr' id='par_1_5' title="bbox 689 771 2906 2903">
     <span class='ocr_line' id='line_1_13' title="bbox 778 771 2906 856; baseline 0 -21"><span class='ocrx_word' id='word_1_44' title='bbox 778 773 869 835; x_wconf 91' lang='lat' dir='ltr'><strong><em>At</em></strong></span> <span class='ocrx_word' id='word_1_45' title='bbox 912 772 1306 834; x_wconf 68' lang='lat' dir='ltr'><em>Antichristo</em></span> <span class='ocrx_word' id='word_1_46' title='bbox 1353 778 1674 854; x_wconf 71' lang='lat' dir='ltr'><strong><em>reynante,</em></strong></span> <span class='ocrx_word' id='word_1_47' title='bbox 1712 773 2206 853; x_wconf 74' lang='lat' dir='ltr'><strong><em>persecutionem</em></strong></span> <span class='ocrx_word' id='word_1_48' title='bbox 2235 771 2386 854; x_wconf 87' lang='lat' dir='ltr'><strong><em>fore</em></strong></span> <span class='ocrx_word' id='word_1_49' title='bbox 2431 773 2591 836; x_wconf 78' lang='lat' dir='ltr'><strong><em>dixit</em></strong></span> <span class='ocrx_word' id='word_1_50' title='bbox 2638 776 2906 856; x_wconf 87' lang='lat' dir='ltr'><strong><em>Augus-</em></strong></span> 
     </span>
     <span class='ocr_line' id='line_1_14' title="bbox 691 875 2905 959; baseline 0 -21"><span class='ocrx_word' id='word_1_51' title='bbox 691 876 886 938; x_wconf 79' lang='lat' dir='ltr'><strong><em>tinus,</em></strong></span> <span class='ocrx_word' id='word_1_52' title='bbox 976 877 1120 940; x_wconf 87' lang='lat' dir='ltr'><strong><em>Nee</em></strong></span> <span class='ocrx_word' id='word_1_53' title='bbox 1148 882 1391 939; x_wconf 85' lang='lat' dir='ltr'><strong><em>temere</em></strong></span> <span class='ocrx_word' id='word_1_54' title='bbox 1424 876 1623 953; x_wconf 83' lang='lat' dir='ltr'><strong><em>dixit;</em></strong></span> <span class='ocrx_word' id='word_1_55' title='bbox 1674 877 1852 943; x_wconf 80' lang='lat' dir='ltr'><strong><em>Quot</em></strong></span> <span class='ocrx_word' id='word_1_56' title='bbox 1898 875 2071 939; x_wconf 89' lang='lat' dir='ltr'><strong><em>enim</em></strong></span> <span class='ocrx_word' id='word_1_57' title='bbox 2112 877 2448 959; x_wconf 83' lang='lat' dir='ltr'>(regnante</span> <span class='ocrx_word' id='word_1_58' title='bbox 2493 877 2629 959; x_wconf 91' lang='lat' dir='ltr'><strong><em>illo)</em></strong></span> <span class='ocrx_word' id='word_1_59' title='bbox 2666 878 2905 954; x_wconf 76' lang='lat' dir='ltr'><strong><em>exusti,</em></strong></span> 
     </span>
     <span class='ocr_line' id='line_1_15' title="bbox 691 977 2906 1062; baseline 0 -21"><span class='ocrx_word' id='word_1_60' title='bbox 691 978 976 1058; x_wconf 83' lang='lat' dir='ltr'><strong><em>mactati,</em></strong></span> <span class='ocrx_word' id='word_1_61' title='bbox 1011 977 1306 1042; x_wconf 84' lang='lat' dir='ltr'><strong><em>mulctati</em></strong></span> <span class='ocrx_word' id='word_1_62' title='bbox 1353 979 1556 1041; x_wconf 76' lang='lat' dir='ltr'><strong><em>sunt?</em></strong></span> <span class='ocrx_word' id='word_1_63' title='bbox 1649 980 1897 1042; x_wconf 88' lang='lat' dir='ltr'><strong><em>Verum</em></strong></span> <span class='ocrx_word' id='word_1_64' title='bbox 1934 980 1989 1042; x_wconf 88' lang='lat' dir='ltr'><strong><em>si</em></strong></span> <span class='ocrx_word' id='word_1_65' title='bbox 2035 979 2226 1042; x_wconf 89' lang='lat' dir='ltr'><strong><em>detur</em></strong></span> <span class='ocrx_word' id='word_1_66' title='bbox 2255 979 2602 1057; x_wconf 83' lang='lat' dir='ltr'><strong><em>Cardinali,</em></strong></span> <span class='ocrx_word' id='word_1_67' title='bbox 2647 980 2726 1042; x_wconf 87' lang='lat' dir='ltr'><strong><em>de</em></strong></span> <span class='ocrx_word' id='word_1_68' title='bbox 2774 1002 2906 1062; x_wconf 89' lang='lat' dir='ltr'><strong><em>quo</em></strong></span> 
     </span>
     <span class='ocr_line' id='line_1_16' title="bbox 689 1080 2904 1163; baseline -0.001 -17"><span class='ocrx_word' id='word_1_69' title='bbox 689 1080 785 1147; x_wconf 80' lang='lat' dir='ltr'><strong><em>ita</em></strong></span> <span class='ocrx_word' id='word_1_70' title='bbox 813 1081 996 1145; x_wconf 86' lang='lat' dir='ltr'><strong><em>valde</em></strong></span> <span class='ocrx_word' id='word_1_71' title='bbox 1036 1081 1308 1161; x_wconf 86' lang='lat' dir='ltr'><strong><em>laborat,</em></strong></span> <span class='ocrx_word' id='word_1_72' title='bbox 1342 1102 1479 1146; x_wconf 84' lang='lat' dir='ltr'><strong><em>esse</em></strong></span> <span class='ocrx_word' id='word_1_73' title='bbox 1521 1082 1956 1145; x_wconf 67' lang='lat' dir='ltr'><strong><em>discessionem</em></strong></span> <span class='ocrx_word' id='word_1_74' title='bbox 1997 1083 2177 1145; x_wconf 83' lang='lat' dir='ltr'><strong><em>illam</em></strong></span> <span class='ocrx_word' id='word_1_75' title='bbox 2207 1104 2246 1144; x_wconf 85' lang='lat' dir='ltr'><strong><em>a</em></strong></span> <span class='ocrx_word' id='word_1_76' title='bbox 2276 1082 2555 1144; x_wconf 81' lang='lat' dir='ltr'><strong><em>Romano</em></strong></span> <span class='ocrx_word' id='word_1_77' title='bbox 2585 1082 2859 1163; x_wconf 83' lang='lat' dir='ltr'><strong><em>Imperio</em></strong></span> <span class='ocrx_word' id='word_1_78' title='bbox 2883 1110 2904 1153; x_wconf 91' lang='lat'><em>;</em></span> 
     </span>
     <span class='ocr_line' id='line_1_17' title="bbox 690 1183 2906 1268; baseline 0.001 -22"><span class='ocrx_word' id='word_1_79' title='bbox 690 1204 812 1247; x_wconf 89' lang='lat' dir='ltr'><strong><em>nec</em></strong></span> <span class='ocrx_word' id='word_1_80' title='bbox 841 1183 908 1247; x_wconf 89' lang='lat' dir='ltr'><strong><em>id</em></strong></span> <span class='ocrx_word' id='word_1_81' title='bbox 936 1191 1157 1247; x_wconf 80' lang='lat' dir='ltr'><strong><em>tamen</em></strong></span> <span class='ocrx_word' id='word_1_82' title='bbox 1185 1184 1255 1247; x_wconf 87' lang='lat' dir='ltr'><strong><em>in</em></strong></span> <span class='ocrx_word' id='word_1_83' title='bbox 1285 1185 1466 1248; x_wconf 90' lang='lat' dir='ltr'><strong><em>lucro</em></strong></span> <span class='ocrx_word' id='word_1_84' title='bbox 1497 1184 1854 1267; x_wconf 80' lang='lat' dir='ltr'><strong>deputabit.</strong></span> <span class='ocrx_word' id='word_1_85' title='bbox 1951 1187 2126 1248; x_wconf 85' lang='lat' dir='ltr'><strong><em>Nam</em></strong></span> <span class='ocrx_word' id='word_1_86' title='bbox 2159 1194 2223 1249; x_wconf 92' lang='lat' dir='ltr'><strong><em>et</em></strong></span> <span class='ocrx_word' id='word_1_87' title='bbox 2254 1207 2294 1247; x_wconf 87' lang='grc' dir='ltr'>α</span> <span class='ocrx_word' id='word_1_88' title='bbox 2327 1186 2603 1249; x_wconf 77' lang='lat' dir='ltr'><strong><em>Romano</em></strong></span> <span class='ocrx_word' id='word_1_89' title='bbox 2627 1186 2906 1268; x_wconf 84' lang='lat' dir='ltr'><strong><em>Imperio</em></strong></span> 
     </span>
     <span class='ocr_line' id='line_1_18' title="bbox 692 1288 2905 1373; baseline 0 -23"><span class='ocrx_word' id='word_1_90' title='bbox 692 1288 985 1351; x_wconf 81' lang='lat' dir='ltr'><strong><em>discessio</em></strong></span> <span class='ocrx_word' id='word_1_91' title='bbox 1037 1289 1177 1371; x_wconf 88' lang='lat' dir='ltr'><strong><em>jam</em></strong></span> <span class='ocrx_word' id='word_1_92' title='bbox 1227 1288 1478 1372; x_wconf 84' lang='lat' dir='ltr'><strong><em>pridem</em></strong></span> <span class='ocrx_word' id='word_1_93' title='bbox 1526 1288 1698 1351; x_wconf 85' lang='lat' dir='ltr'><strong><em>facta</em></strong></span> <span class='ocrx_word' id='word_1_94' title='bbox 1757 1295 1875 1351; x_wconf 85' lang='lat' dir='ltr'><strong><em>est.</em></strong></span> <span class='ocrx_word' id='word_1_95' title='bbox 1968 1289 2102 1352; x_wconf 88' lang='lat' dir='ltr'><strong><em>Ubi</em></strong></span> <span class='ocrx_word' id='word_1_96' title='bbox 2162 1289 2334 1351; x_wconf 90' lang='lat' dir='ltr'><strong><em>enim</em></strong></span> <span class='ocrx_word' id='word_1_97' title='bbox 2387 1296 2708 1352; x_wconf 83' lang='lat' dir='ltr'><strong><em>terrarum</em></strong></span> <span class='ocrx_word' id='word_1_98' title='bbox 2759 1291 2905 1373; x_wconf 84' lang='lat' dir='ltr'><strong><em>jam</em></strong></span> 
     </span>
     <span class='ocr_line' id='line_1_19' title="bbox 697 1391 2906 1478; baseline 0 -22"><span class='ocrx_word' id='word_1_99' title='bbox 697 1391 895 1476; x_wconf 87' lang='lat' dir='ltr'><strong><em>(quod</em></strong></span> <span class='ocrx_word' id='word_1_100' title='bbox 951 1394 1266 1478; x_wconf 88' lang='lat' dir='ltr'><strong><em>Apostolo</em></strong></span> <span class='ocrx_word' id='word_1_101' title='bbox 1325 1393 1646 1456; x_wconf 80' lang='lat' dir='ltr'><strong><em>scribente</em></strong></span> <span class='ocrx_word' id='word_1_102' title='bbox 1704 1393 1875 1474; x_wconf 86' lang='lat' dir='ltr'><strong><em>fuit,)</em></strong></span> <span class='ocrx_word' id='word_1_103' title='bbox 1940 1393 2286 1455; x_wconf 81' lang='lat' dir='ltr'><strong><em>Romanum</em></strong></span> <span class='ocrx_word' id='word_1_104' title='bbox 2336 1394 2660 1475; x_wconf 82' lang='lat' dir='ltr'><strong><em>imperium</em></strong></span> <span class='ocrx_word' id='word_1_105' title='bbox 2680 1396 2713 1456; x_wconf 81' lang='lat'><em>?</em></span> <span class='ocrx_word' id='word_1_106' title='bbox 2788 1394 2906 1458; x_wconf 89' lang='lat' dir='ltr'><strong><em>ubi</em></strong></span> 
     </span>
     <span class='ocr_line' id='line_1_20' title="bbox 693 1496 2906 1580; baseline 0.001 -21"><span class='ocrx_word' id='word_1_107' title='bbox 693 1497 988 1578; x_wconf 78' lang='lat' dir='ltr'><strong><em>quaeras?</em></strong></span> <span class='ocrx_word' id='word_1_108' title='bbox 1051 1497 1164 1561; x_wconf 90' lang='lat' dir='ltr'><strong><em>ubi</em></strong></span> <span class='ocrx_word' id='word_1_109' title='bbox 1222 1496 1521 1580; x_wconf 59' lang='lat' dir='ltr'><strong><em>reperias„</em></strong></span> <span class='ocrx_word' id='word_1_110' title='bbox 1569 1507 2004 1579; x_wconf 64' lang='lat' dir='ltr'><strong><em>praeterquam</em></strong></span> <span class='ocrx_word' id='word_1_111' title='bbox 2065 1497 2289 1560; x_wconf 83' lang='lat' dir='ltr'><strong><em>Romae</em></strong></span> <span class='ocrx_word' id='word_1_112' title='bbox 2336 1496 2647 1575; x_wconf 58' lang='lat' dir='ltr'><strong><em>fortassis»,</em></strong></span> <span class='ocrx_word' id='word_1_113' title='bbox 2703 1504 2770 1560; x_wconf 89' lang='lat' dir='ltr'><strong><em>et</em></strong></span> <span class='ocrx_word' id='word_1_114' title='bbox 2832 1498 2906 1561; x_wconf 89' lang='lat' dir='ltr'><strong><em>in</em></strong></span> 
     </span>
     <span class='ocr_line' id='line_1_21' title="bbox 696 1598 2906 1683; baseline 0.001 -23"><span class='ocrx_word' id='word_1_115' title='bbox 696 1598 1021 1680; x_wconf 73' lang='lat' dir='ltr'><strong><em>Pontifice‚</em></strong></span> <span class='ocrx_word' id='word_1_116' title='bbox 1056 1599 1414 1664; x_wconf 76' lang='lat' dir='ltr'><strong><em>cardinalis</em></strong></span> <span class='ocrx_word' id='word_1_117' title='bbox 1444 1599 1776 1663; x_wconf 82' lang='lat' dir='ltr'><strong><em>Domino?</em></strong></span> <span class='ocrx_word' id='word_1_118' title='bbox 1840 1599 2248 1664; x_wconf 77' lang='lat' dir='ltr'><strong><em>Quantulum</em></strong></span> <span class='ocrx_word' id='word_1_119' title='bbox 2287 1600 2425 1683; x_wconf 90' lang='lat' dir='ltr'><strong><em>jam</em></strong></span> <span class='ocrx_word' id='word_1_120' title='bbox 2462 1599 2628 1682; x_wconf 76' lang='lat' dir='ltr'><strong><em>juris</em></strong></span> <span class='ocrx_word' id='word_1_121' title='bbox 2661 1600 2906 1663; x_wconf 79' lang='lat' dir='ltr'><strong><em>Caesari</em></strong></span> 
     </span>
     <span class='ocr_line' id='line_1_22' title="bbox 694 1700 2904 1782; baseline 0 -18"><span class='ocrx_word' id='word_1_122' title='bbox 694 1710 792 1765; x_wconf 85' lang='lat' dir='ltr'><strong><em>est</em></strong></span> <span class='ocrx_word' id='word_1_123' title='bbox 838 1703 910 1769; x_wconf 88' lang='lat' dir='ltr'><strong><em>in</em></strong></span> <span class='ocrx_word' id='word_1_124' title='bbox 964 1702 1242 1782; x_wconf 82' lang='lat' dir='ltr'><strong><em>Italiam,</em></strong></span> <span class='ocrx_word' id='word_1_125' title='bbox 1289 1703 1420 1766; x_wconf 90' lang='lat' dir='ltr'><strong><em>imo</em></strong></span> <span class='ocrx_word' id='word_1_126' title='bbox 1472 1702 1541 1765; x_wconf 91' lang='lat' dir='ltr'><strong><em>in</em></strong></span> <span class='ocrx_word' id='word_1_127' title='bbox 1604 1702 1840 1766; x_wconf 80' lang='lat' dir='ltr'><strong><em>Italia?</em></strong></span> <span class='ocrx_word' id='word_1_128' title='bbox 1930 1700 2339 1767; x_wconf 72' lang='lat' dir='ltr'><strong><em>Quantulum</em></strong></span> <span class='ocrx_word' id='word_1_129' title='bbox 2395 1703 2465 1765; x_wconf 88' lang='lat' dir='ltr'><strong><em>in</em></strong></span> <span class='ocrx_word' id='word_1_130' title='bbox 2518 1703 2904 1780; x_wconf 82' lang='lat' dir='ltr'><strong><em>Provinciis,</em></strong></span> 
     </span>
     <span class='ocr_line' id='line_1_23' title="bbox 695 1804 2906 1889; baseline 0 -20"><span class='ocrx_word' id='word_1_131' title='bbox 695 1827 834 1889; x_wconf 86' lang='lat' dir='ltr'><strong><em>quae</em></strong></span> <span class='ocrx_word' id='word_1_132' title='bbox 891 1814 1035 1868; x_wconf 88' lang='lat' dir='ltr'><strong><em>tum</em></strong></span> <span class='ocrx_word' id='word_1_133' title='bbox 1094 1814 1277 1869; x_wconf 87' lang='lat' dir='ltr'><strong><em>erant</em></strong></span> <span class='ocrx_word' id='word_1_134' title='bbox 1328 1806 1640 1886; x_wconf 82' lang='lat' dir='ltr'><strong><em>Imperii?</em></strong></span> <span class='ocrx_word' id='word_1_135' title='bbox 1712 1812 2139 1888; x_wconf 68' lang='lat' dir='ltr'><strong><em>praeterquam</em></strong></span> <span class='ocrx_word' id='word_1_136' title='bbox 2189 1805 2242 1867; x_wconf 86' lang='lat' dir='ltr'><strong><em>si</em></strong></span> <span class='ocrx_word' id='word_1_137' title='bbox 2293 1804 2460 1868; x_wconf 84' lang='lat' dir='ltr'><strong><em>forte</em></strong></span> <span class='ocrx_word' id='word_1_138' title='bbox 2513 1806 2668 1888; x_wconf 86' lang='lat' dir='ltr'><strong><em>quid</em></strong></span> <span class='ocrx_word' id='word_1_139' title='bbox 2722 1808 2782 1869; x_wconf 90' lang='lat' dir='ltr'><strong><em>ei</em></strong></span> <span class='ocrx_word' id='word_1_140' title='bbox 2831 1806 2906 1869; x_wconf 89' lang='lat' dir='ltr'><strong><em>in</em></strong></span> 
     </span>
     <span class='ocr_line' id='line_1_24' title="bbox 695 1908 2905 1992; baseline 0 -20"><span class='ocrx_word' id='word_1_141' title='bbox 695 1908 1047 1972; x_wconf 81' lang='lat' dir='ltr'><strong><em>Germania</em></strong></span> <span class='ocrx_word' id='word_1_142' title='bbox 1127 1909 1445 1991; x_wconf 88' lang='lat' dir='ltr'><strong><em>reliquum</em></strong></span> <span class='ocrx_word' id='word_1_143' title='bbox 1521 1918 1641 1985; x_wconf 85' lang='lat' dir='ltr'><strong><em>est,</em></strong></span> <span class='ocrx_word' id='word_1_144' title='bbox 1727 1916 1792 1971; x_wconf 91' lang='lat' dir='ltr'><strong><em>et</em></strong></span> <span class='ocrx_word' id='word_1_145' title='bbox 1867 1908 2205 1972; x_wconf 84' lang='lat' dir='ltr'><strong><em>Pannonia</em></strong></span> <span class='ocrx_word' id='word_1_146' title='bbox 2236 1933 2250 1971; x_wconf 91' lang='lat'><strong>:</strong></span> <span class='ocrx_word' id='word_1_147' title='bbox 2350 1930 2473 1973; x_wconf 87' lang='lat' dir='ltr'><strong><em>nec</em></strong></span> <span class='ocrx_word' id='word_1_148' title='bbox 2545 1909 2905 1992; x_wconf 86' lang='lat' dir='ltr'><strong><em>posteriore</em></strong></span> 
     </span>
     <span class='ocr_line' id='line_1_25' title="bbox 689 2011 2905 2096; baseline 0.002 -24"><span class='ocrx_word' id='word_1_149' title='bbox 689 2019 912 2073; x_wconf 85' lang='lat' dir='ltr'><strong><em>tamen</em></strong></span> <span class='ocrx_word' id='word_1_150' title='bbox 959 2011 1099 2088; x_wconf 83' lang='lat' dir='ltr'><strong><em>hae,</em></strong></span> <span class='ocrx_word' id='word_1_151' title='bbox 1149 2011 1409 2092; x_wconf 80' lang='lat' dir='ltr'><strong><em>Imperii</em></strong></span> <span class='ocrx_word' id='word_1_152' title='bbox 1453 2013 1603 2096; x_wconf 85' lang='lat' dir='ltr'><strong><em>jure</em></strong></span> <span class='ocrx_word' id='word_1_153' title='bbox 1651 2011 1806 2088; x_wconf 90' lang='lat' dir='ltr'><strong><em>ullo,</em></strong></span> <span class='ocrx_word' id='word_1_154' title='bbox 1854 2012 2252 2073; x_wconf 57' lang='lat' dir='ltr'><strong><em>haereditario</em></strong></span> <span class='ocrx_word' id='word_1_155' title='bbox 2305 2012 2540 2095; x_wconf 78' lang='lat' dir='ltr'><strong><em>potius,</em></strong></span> <span class='ocrx_word' id='word_1_156' title='bbox 2631 2013 2803 2089; x_wconf 85' lang='lat' dir='ltr'><strong><em>Nisi,</em></strong></span> <span class='ocrx_word' id='word_1_157' title='bbox 2851 2014 2905 2076; x_wconf 79' lang='lat' dir='ltr'><strong><em>si</em></strong></span> 
     </span>
     <span class='ocr_line' id='line_1_26' title="bbox 689 2114 2905 2201; baseline 0.001 -23"><span class='ocrx_word' id='word_1_158' title='bbox 689 2115 836 2179; x_wconf 88' lang='lat' dir='ltr'><strong><em>ideo</em></strong></span> <span class='ocrx_word' id='word_1_159' title='bbox 866 2116 1214 2177; x_wconf 82' lang='lat' dir='ltr'><strong><em>Romanum</em></strong></span> <span class='ocrx_word' id='word_1_160' title='bbox 1248 2116 1385 2198; x_wconf 86' lang='lat' dir='ltr'><strong><em>jam</em></strong></span> <span class='ocrx_word' id='word_1_161' title='bbox 1426 2116 1875 2197; x_wconf 83' lang='lat' dir='ltr'><strong><em>Imperatorem</em></strong></span> <span class='ocrx_word' id='word_1_162' title='bbox 1918 2115 2148 2201; x_wconf 81' lang='lat' dir='ltr'><strong><em>dicitis,</em></strong></span> <span class='ocrx_word' id='word_1_163' title='bbox 2198 2114 2371 2198; x_wconf 90' lang='lat' dir='ltr'><strong><em>quod</em></strong></span> <span class='ocrx_word' id='word_1_164' title='bbox 2414 2116 2469 2177; x_wconf 88' lang='lat' dir='ltr'><strong><em>is</em></strong></span> <span class='ocrx_word' id='word_1_165' title='bbox 2505 2115 2576 2177; x_wconf 85' lang='lat' dir='ltr'><strong><em>in</em></strong></span> <span class='ocrx_word' id='word_1_166' title='bbox 2615 2125 2905 2181; x_wconf 81' lang='lat' dir='ltr'><strong><em>vestrum</em></strong></span> 
     </span>
     <span class='ocr_line' id='line_1_27' title="bbox 698 2217 2901 2303; baseline 0 -22"><span class='ocrx_word' id='word_1_167' title='bbox 698 2218 833 2301; x_wconf 92' lang='lat' dir='ltr'><strong><em>(qui</em></strong></span> <span class='ocrx_word' id='word_1_168' title='bbox 864 2219 1133 2281; x_wconf 81' lang='lat' dir='ltr'><strong><em>Romani</em></strong></span> <span class='ocrx_word' id='word_1_169' title='bbox 1165 2219 1344 2301; x_wconf 84' lang='lat' dir='ltr'><strong><em>estis)</em></strong></span> <span class='ocrx_word' id='word_1_170' title='bbox 1371 2219 1481 2303; x_wconf 85' lang='lat' dir='ltr'><strong><em>jus</em></strong></span> <span class='ocrx_word' id='word_1_171' title='bbox 1510 2226 1689 2282; x_wconf 84' lang='lat' dir='ltr'><strong><em>totus</em></strong></span> <span class='ocrx_word' id='word_1_172' title='bbox 1712 2219 1852 2302; x_wconf 85' lang='lat' dir='ltr'><strong><em>jam</em></strong></span> <span class='ocrx_word' id='word_1_173' title='bbox 1883 2217 2180 2292; x_wconf 82' lang='lat' dir='ltr'><strong><em>cesserit3</em></strong></span> <span class='ocrx_word' id='word_1_174' title='bbox 2227 2226 2473 2300; x_wconf 85' lang='lat' dir='ltr'><strong><em>utpote,</em></strong></span> <span class='ocrx_word' id='word_1_175' title='bbox 2512 2219 2621 2301; x_wconf 89' lang='lat' dir='ltr'><strong><em>qui</em></strong></span> <span class='ocrx_word' id='word_1_176' title='bbox 2665 2227 2901 2298; x_wconf 83' lang='lat' dir='ltr'><strong><em>sumat,</em></strong></span> 
     </span>
     <span class='ocr_line' id='line_1_28' title="bbox 692 2320 2904 2406; baseline 0.001 -22"><span class='ocrx_word' id='word_1_177' title='bbox 692 2321 803 2403; x_wconf 87' lang='lat' dir='ltr'><strong><em>qui</em></strong></span> <span class='ocrx_word' id='word_1_178' title='bbox 833 2330 1033 2405; x_wconf 89' lang='lat' dir='ltr'><strong><em>ponat</em></strong></span> <span class='ocrx_word' id='word_1_179' title='bbox 1064 2342 1333 2400; x_wconf 80' lang='lat' dir='ltr'><strong><em>secureS,</em></strong></span> <span class='ocrx_word' id='word_1_180' title='bbox 1356 2329 1567 2385; x_wconf 87' lang='lat' dir='ltr'><strong><em>vestro</em></strong></span> <span class='ocrx_word' id='word_1_181' title='bbox 1597 2322 2020 2384; x_wconf 81' lang='lat' dir='ltr'><strong><em>Romanorum</em></strong></span> <span class='ocrx_word' id='word_1_182' title='bbox 2050 2320 2315 2384; x_wconf 82' lang='lat' dir='ltr'><strong><em>arbitrio</em></strong></span> <span class='ocrx_word' id='word_1_183' title='bbox 2334 2330 2382 2384; x_wconf 82' lang='lat'><strong><em>¹¹.</em></strong></span> <span class='ocrx_word' id='word_1_184' title='bbox 2448 2322 2660 2386; x_wconf 81' lang='lat' dir='ltr'><strong><em>Quem</em></strong></span> <span class='ocrx_word' id='word_1_185' title='bbox 2691 2345 2904 2406; x_wconf 87' lang='lat' dir='ltr'><strong><em>neque</em></strong></span> 
     </span>
     <span class='ocr_line' id='line_1_29' title="bbox 691 2423 2900 2508; baseline 0.001 -21"><span class='ocrx_word' id='word_1_186' title='bbox 691 2426 885 2507; x_wconf 82' lang='lat' dir='ltr'><strong><em>Papae</em></strong></span> <span class='ocrx_word' id='word_1_187' title='bbox 923 2426 1295 2489; x_wconf 79' lang='lat' dir='ltr'><strong><em>vassallum¹</em></strong></span> <span class='ocrx_word' id='word_1_188' title='bbox 1343 2425 1622 2490; x_wconf 87' lang='lat' dir='ltr'><strong><em>scribere</em></strong></span> <span class='ocrx_word' id='word_1_189' title='bbox 1667 2446 1778 2489; x_wconf 83' lang='lat' dir='ltr'><strong><em>vos</em></strong></span> <span class='ocrx_word' id='word_1_190' title='bbox 1822 2423 2088 2508; x_wconf 85' lang='lat' dir='ltr'><strong><em>puduit:</em></strong></span> <span class='ocrx_word' id='word_1_191' title='bbox 2151 2432 2217 2488; x_wconf 87' lang='lat' dir='ltr'><strong><em>et</em></strong></span> <span class='ocrx_word' id='word_1_192' title='bbox 2255 2424 2327 2488; x_wconf 91' lang='lat' dir='ltr'><strong><em>in</em></strong></span> <span class='ocrx_word' id='word_1_193' title='bbox 2369 2424 2582 2508; x_wconf 87' lang='lat' dir='ltr'><strong><em>ipsum</em></strong></span> <span class='ocrx_word' id='word_1_194' title='bbox 2629 2426 2900 2491; x_wconf 88' lang='lat' dir='ltr'><strong><em>Pontifi-</em></strong></span> 
     </span>
     <span class='ocr_line' id='line_1_30' title="bbox 694 2526 2902 2612; baseline 0 -20"><span class='ocrx_word' id='word_1_195' title='bbox 694 2529 830 2593; x_wconf 87' lang='lat' dir='ltr'><strong><em>eale</em></strong></span> <span class='ocrx_word' id='word_1_196' title='bbox 876 2538 1158 2592; x_wconf 86' lang='lat' dir='ltr'><strong><em>vestrum</em></strong></span> <span class='ocrx_word' id='word_1_197' title='bbox 1206 2529 1506 2607; x_wconf 87' lang='lat' dir='ltr'><strong><em>inserere,</em></strong></span> <span class='ocrx_word' id='word_1_198' title='bbox 1553 2529 1987 2591; x_wconf 78' lang='lat' dir='ltr'><strong><em>Juramentum</em></strong></span> <span class='ocrx_word' id='word_1_199' title='bbox 2018 2526 2376 2608; x_wconf 86' lang='lat' dir='ltr'><strong><em>fidelitatis,</em></strong></span> <span class='ocrx_word' id='word_1_200' title='bbox 2422 2529 2593 2612; x_wconf 88' lang='lat' dir='ltr'><strong><em>quod</em></strong></span> <span class='ocrx_word' id='word_1_201' title='bbox 2636 2539 2902 2612; x_wconf 81' lang='lat' dir='ltr'><strong><em>praestat-</em></strong></span> 
     </span>
     <span class='ocr_line' id='line_1_31' title="bbox 692 2631 2900 2716; baseline 0 -21"><span class='ocrx_word' id='word_1_202' title='bbox 692 2632 1049 2697; x_wconf 67' lang='lat' dir='ltr'><strong><em>Pontificir.</em></strong></span> <span class='ocrx_word' id='word_1_203' title='bbox 1145 2633 1382 2712; x_wconf 79' lang='lat' dir='ltr'><strong><em>Quare,</em></strong></span> <span class='ocrx_word' id='word_1_204' title='bbox 1419 2631 1591 2716; x_wconf 89' lang='lat' dir='ltr'><strong><em>quod</em></strong></span> <span class='ocrx_word' id='word_1_205' title='bbox 1622 2631 1799 2711; x_wconf 86' lang='lat' dir='ltr'><strong><em>vidit,</em></strong></span> <span class='ocrx_word' id='word_1_206' title='bbox 1834 2631 2132 2714; x_wconf 87' lang='lat' dir='ltr'><strong><em>quodque</em></strong></span> <span class='ocrx_word' id='word_1_207' title='bbox 2164 2631 2444 2714; x_wconf 80' lang='lat' dir='ltr'><strong><em>agnovit,</em></strong></span> <span class='ocrx_word' id='word_1_208' title='bbox 2477 2633 2709 2715; x_wconf 88' lang='lat' dir='ltr'><strong><em>cuique</em></strong></span> <span class='ocrx_word' id='word_1_209' title='bbox 2747 2633 2900 2697; x_wconf 83' lang='lat' dir='ltr'><strong><em>sub-</em></strong></span> 
     </span>
     <span class='ocr_line' id='line_1_32' title="bbox 692 2734 2900 2818; baseline -0.001 -20"><span class='ocrx_word' id='word_1_210' title='bbox 692 2735 865 2799; x_wconf 89' lang='lat' dir='ltr'><strong><em>ditus</em></strong></span> <span class='ocrx_word' id='word_1_211' title='bbox 909 2735 1033 2798; x_wconf 86' lang='lat' dir='ltr'><strong><em>fuit</em></strong></span> <span class='ocrx_word' id='word_1_212' title='bbox 1079 2735 1454 2818; x_wconf 80' lang='lat' dir='ltr'><strong><em>ApostoluS,</em></strong></span> <span class='ocrx_word' id='word_1_213' title='bbox 1486 2735 1833 2798; x_wconf 84' lang='lat' dir='ltr'><strong><em>Romanum</em></strong></span> <span class='ocrx_word' id='word_1_214' title='bbox 1879 2736 2224 2816; x_wconf 84' lang='lat' dir='ltr'><strong><em>imperium,</em></strong></span> <span class='ocrx_word' id='word_1_215' title='bbox 2272 2734 2385 2797; x_wconf 84' lang='lat' dir='ltr'><strong><em>diu</em></strong></span> <span class='ocrx_word' id='word_1_216' title='bbox 2419 2736 2558 2818; x_wconf 83' lang='lat' dir='ltr'><strong><em>jam</em></strong></span> <span class='ocrx_word' id='word_1_217' title='bbox 2605 2737 2900 2798; x_wconf 82' lang='lat' dir='ltr'><strong><em>discessio</em></strong></span> 
     </span>
     <span class='ocr_line' id='line_1_33' title="bbox 693 2838 1232 2903; baseline 0 -2"><span class='ocrx_word' id='word_1_218' title='bbox 693 2839 772 2903; x_wconf 84' lang='lat' dir='ltr'><strong><em>ab</em></strong></span> <span class='ocrx_word' id='word_1_219' title='bbox 804 2860 880 2902; x_wconf 90' lang='lat' dir='ltr'><strong><em>eo</em></strong></span> <span class='ocrx_word' id='word_1_220' title='bbox 910 2838 1084 2902; x_wconf 83' lang='lat' dir='ltr'><strong><em>facta</em></strong></span> <span class='ocrx_word' id='word_1_221' title='bbox 1115 2844 1232 2901; x_wconf 89' lang='lat' dir='ltr'><strong><em>est.</em></strong></span> 
     </span>
    </p>
   </div>
   <div class='ocr_carea' id='block_1_5' title="bbox 689 2989 2903 3849">
    <p class='ocr_par' dir='ltr' id='par_1_6' title="bbox 756 2989 2903 3299">
     <span class='ocr_line' id='line_1_34' title="bbox 756 2989 2898 3054; baseline 0.001 -16"><span class='ocrx_word' id='word_1_222' title='bbox 756 2991 880 3047; x_wconf 81' lang='lat' dir='ltr'><strong><em>Quae</em></strong></span> <span class='ocrx_word' id='word_1_223' title='bbox 903 2990 1139 3039; x_wconf 77' lang='lat' dir='ltr'><strong><em>discessio</em></strong></span> <span class='ocrx_word' id='word_1_224' title='bbox 1162 2990 1390 3040; x_wconf 86' lang='lat' dir='ltr'><strong><em>nondum</em></strong></span> <span class='ocrx_word' id='word_1_225' title='bbox 1412 2989 1543 3040; x_wconf 82' lang='lat' dir='ltr'><strong><em>facta</em></strong></span> <span class='ocrx_word' id='word_1_226' title='bbox 1570 2995 1665 3050; x_wconf 81' lang='lat' dir='ltr'><strong><em>est,</em></strong></span> <span class='ocrx_word' id='word_1_227' title='bbox 1688 3005 1804 3040; x_wconf 87' lang='lat' dir='ltr'><strong><em>cum</em></strong></span> <span class='ocrx_word' id='word_1_228' title='bbox 1826 2989 1991 3041; x_wconf 85' lang='lat' dir='ltr'><strong><em>adhuc</em></strong></span> <span class='ocrx_word' id='word_1_229' title='bbox 2015 2997 2218 3041; x_wconf 84' lang='lat' dir='ltr'><strong><em>maneat</em></strong></span> <span class='ocrx_word' id='word_1_230' title='bbox 2236 2991 2491 3042; x_wconf 81' lang='lat' dir='ltr'><strong><em>Romanus</em></strong></span> <span class='ocrx_word' id='word_1_231' title='bbox 2516 2991 2814 3054; x_wconf 79' lang='lat' dir='ltr'><strong><em>Imperator,</em></strong></span> <span class='ocrx_word' id='word_1_232' title='bbox 2835 2992 2898 3040; x_wconf 87' lang='lat' dir='ltr'><strong><em>ad</em></strong></span> 
     </span>
     <span class='ocr_line' id='line_1_35' title="bbox 820 3073 2903 3136; baseline 0 -15"><span class='ocrx_word' id='word_1_233' title='bbox 820 3087 969 3134; x_wconf 87' lang='lat' dir='ltr'><strong><em>quem</em></strong></span> <span class='ocrx_word' id='word_1_234' title='bbox 1006 3073 1115 3122; x_wconf 84' lang='lat' dir='ltr'><strong><em>Rex</em></strong></span> <span class='ocrx_word' id='word_1_235' title='bbox 1148 3074 1256 3136; x_wconf 86' lang='lat' dir='ltr'><strong><em>ipse</em></strong></span> <span class='ocrx_word' id='word_1_236' title='bbox 1279 3074 1425 3121; x_wconf 83' lang='lat' dir='ltr'><strong><em>misit</em></strong></span> <span class='ocrx_word' id='word_1_237' title='bbox 1453 3073 1815 3123; x_wconf 82' lang='lat' dir='ltr'><strong><em>‘Monitoriam</em></strong></span> <span class='ocrx_word' id='word_1_238' title='bbox 1849 3073 2226 3124; x_wconf 78' lang='lat' dir='ltr'><strong><em>Praesationem&#39;</em></strong></span> <span class='ocrx_word' id='word_1_239' title='bbox 2257 3089 2414 3134; x_wconf 81' lang='lat' dir='ltr'><strong><em>suam,</em></strong></span> <span class='ocrx_word' id='word_1_240' title='bbox 2438 3073 2641 3134; x_wconf 74' lang='lat' dir='ltr'><strong><em>Dicens,</em></strong></span> <span class='ocrx_word' id='word_1_241' title='bbox 2666 3075 2903 3124; x_wconf 81' lang='lat' dir='ltr'><strong><em>Sacratis-</em></strong></span> 
     </span>
     <span class='ocr_line' id='line_1_36' title="bbox 819 3152 2896 3220; baseline 0.002 -19"><span class='ocrx_word' id='word_1_242' title='bbox 819 3154 965 3212; x_wconf 82' lang='lat' dir='ltr'><strong><em>sim0,</em></strong></span> <span class='ocrx_word' id='word_1_243' title='bbox 999 3160 1091 3203; x_wconf 85' lang='lat' dir='ltr'><strong><em>ete.</em></strong></span> <span class='ocrx_word' id='word_1_244' title='bbox 1128 3153 1397 3216; x_wconf 88' lang='lat' dir='ltr'><strong><em>Rodulpho</em></strong></span> <span class='ocrx_word' id='word_1_245' title='bbox 1434 3152 1504 3203; x_wconf 91' lang='lat'><strong><em>11.</em></strong></span> <span class='ocrx_word' id='word_1_246' title='bbox 1539 3155 1766 3204; x_wconf 83' lang='lat' dir='ltr'><strong><em>Romano</em></strong></span> <span class='ocrx_word' id='word_1_247' title='bbox 1801 3154 2338 3219; x_wconf 82' lang='lat' dir='ltr'><strong><em>Imperatori.-—[Bell.</em></strong></span> <span class='ocrx_word' id='word_1_248' title='bbox 2362 3156 2511 3219; x_wconf 76' lang='lat' dir='ltr'><strong><em>Apol.</em></strong></span> <span class='ocrx_word' id='word_1_249' title='bbox 2534 3171 2627 3219; x_wconf 89' lang='lat' dir='ltr'><strong><em>pro</em></strong></span> <span class='ocrx_word' id='word_1_250' title='bbox 2650 3156 2825 3220; x_wconf 67' lang='lat' dir='ltr'><strong><em>Resp]</em></strong></span> <span class='ocrx_word' id='word_1_251' title='bbox 2849 3172 2896 3220; x_wconf 89' lang='lat' dir='ltr'><strong><em>p.</em></strong></span> 
     </span>
     <span class='ocr_line' id='line_1_37' title="bbox 820 3232 1718 3299; baseline 0.006 -18"><span class='ocrx_word' id='word_1_252' title='bbox 820 3235 930 3282; x_wconf 83' lang='lat'><strong><em>129.</em></strong></span> <span class='ocrx_word' id='word_1_253' title='bbox 959 3232 1098 3297; x_wconf 91' lang='lat' dir='ltr'><strong><em>[Op.,</em></strong></span> <span class='ocrx_word' id='word_1_254' title='bbox 1121 3239 1243 3283; x_wconf 85' lang='lat' dir='ltr'><strong><em>tom.</em></strong></span> <span class='ocrx_word' id='word_1_255' title='bbox 1268 3235 1356 3283; x_wconf 84' lang='lat' dir='ltr'><strong><em>vii.</em></strong></span> <span class='ocrx_word' id='word_1_256' title='bbox 1377 3236 1471 3285; x_wconf 86' lang='lat' dir='ltr'><strong><em>col.</em></strong></span> <span class='ocrx_word' id='word_1_257' title='bbox 1496 3236 1607 3288; x_wconf 84' lang='grc'><strong>777.</strong></span> <span class='ocrx_word' id='word_1_258' title='bbox 1624 3235 1718 3299; x_wconf 81' lang='grc' dir='ltr'><strong><em>Α.]</em></strong></span> 
     </span>
    </p>

    <p class='ocr_par' dir='ltr' id='par_1_7' title="bbox 689 3349 2899 3849">
     <span class='ocr_line' id='line_1_38' title="bbox 776 3349 2897 3437; baseline 0.002 -25"><span class='ocrx_word' id='word_1_259' title='bbox 776 3350 1045 3413; x_wconf 85' lang='lat' dir='ltr'><strong><em>Frustra</em></strong></span> <span class='ocrx_word' id='word_1_260' title='bbox 1087 3349 1210 3413; x_wconf 88' lang='lat' dir='ltr'><strong><em>hoc</em></strong></span> <span class='ocrx_word' id='word_1_261' title='bbox 1251 3372 1386 3414; x_wconf 89' lang='lat' dir='ltr'><strong><em>non</em></strong></span> <span class='ocrx_word' id='word_1_262' title='bbox 1417 3351 1659 3414; x_wconf 83' lang='lat' dir='ltr'><strong><em>factum</em></strong></span> <span class='ocrx_word' id='word_1_263' title='bbox 1706 3352 1979 3432; x_wconf 86' lang='lat' dir='ltr'><strong><em>docebit,</em></strong></span> <span class='ocrx_word' id='word_1_264' title='bbox 2013 3375 2090 3417; x_wconf 82' lang='lat' dir='ltr'><strong><em>ex</em></strong></span> <span class='ocrx_word' id='word_1_265' title='bbox 2135 3376 2232 3432; x_wconf 79' lang='lat' dir='ltr'><strong><em>en,</em></strong></span> <span class='ocrx_word' id='word_1_266' title='bbox 2265 3353 2436 3437; x_wconf 88' lang='lat' dir='ltr'><strong><em>quod</em></strong></span> <span class='ocrx_word' id='word_1_267' title='bbox 2482 3354 2897 3437; x_wconf 87' lang='lat' dir='ltr'><strong><em>Rodulphum</em></strong></span> 
     </span>
     <span class='ocr_line' id='line_1_39' title="bbox 691 3454 2899 3539; baseline 0.001 -22"><span class='ocrx_word' id='word_1_268' title='bbox 691 3454 789 3517; x_wconf 92' lang='grc' dir='ltr'><strong><em>ΙΙ.</em></strong></span> <span class='ocrx_word' id='word_1_269' title='bbox 821 3454 962 3515; x_wconf 72' lang='lat' dir='ltr'><strong><em>Rex·</em></strong></span> <span class='ocrx_word' id='word_1_270' title='bbox 991 3454 1337 3516; x_wconf 83' lang='lat' dir='ltr'><strong><em>Romanum</em></strong></span> <span class='ocrx_word' id='word_1_271' title='bbox 1374 3455 1824 3536; x_wconf 78' lang='lat' dir='ltr'><strong><em>Imperatorem</em></strong></span> <span class='ocrx_word' id='word_1_272' title='bbox 1861 3458 2203 3539; x_wconf 84' lang='lat' dir='ltr'><strong><em>scripserit.</em></strong></span> <span class='ocrx_word' id='word_1_273' title='bbox 2297 3457 2509 3523; x_wconf 81' lang='lat' dir='ltr'><strong><em>Quem</em></strong></span> <span class='ocrx_word' id='word_1_274' title='bbox 2543 3458 2899 3521; x_wconf 83' lang='lat' dir='ltr'><strong><em>Cardinalis</em></strong></span> 
     </span>
     <span class='ocr_line' id='line_1_40' title="bbox 691 3556 2898 3643; baseline 0.001 -23"><span class='ocrx_word' id='word_1_275' title='bbox 691 3564 912 3620; x_wconf 82' lang='lat' dir='ltr'><strong><em>tamen</em></strong></span> <span class='ocrx_word' id='word_1_276' title='bbox 957 3579 1092 3622; x_wconf 89' lang='lat' dir='ltr'><strong><em>non</em></strong></span> <span class='ocrx_word' id='word_1_277' title='bbox 1138 3556 1231 3620; x_wconf 85' lang='lat' dir='ltr'><strong><em>ita</em></strong></span> <span class='ocrx_word' id='word_1_278' title='bbox 1276 3558 1534 3635; x_wconf 83' lang='lat' dir='ltr'><strong><em>scribit3</em></strong></span> <span class='ocrx_word' id='word_1_279' title='bbox 1607 3558 1816 3622; x_wconf 82' lang='lat' dir='ltr'><strong><em>alieno</em></strong></span> <span class='ocrx_word' id='word_1_280' title='bbox 1861 3560 2074 3642; x_wconf 88' lang='lat' dir='ltr'><strong><em>potius</em></strong></span> <span class='ocrx_word' id='word_1_281' title='bbox 2127 3560 2318 3623; x_wconf 84' lang='lat' dir='ltr'><strong><em>nixus</em></strong></span> <span class='ocrx_word' id='word_1_282' title='bbox 2362 3561 2655 3643; x_wconf 82' lang='lat' dir='ltr'><strong><em>exemplo</em></strong></span> <span class='ocrx_word' id='word_1_283' title='bbox 2705 3582 2898 3643; x_wconf 85' lang='lat' dir='ltr'><strong><em>quam</em></strong></span> 
     </span>
     <span class='ocr_line' id='line_1_41' title="bbox 692 3660 2898 3746; baseline -0 -21"><span class='ocrx_word' id='word_1_284' title='bbox 692 3679 830 3736; x_wconf 79' lang='lat' dir='ltr'><strong><em>sun,</em></strong></span> <span class='ocrx_word' id='word_1_285' title='bbox 872 3660 1078 3742; x_wconf 86' lang='lat' dir='ltr'><strong><em>(forte,</em></strong></span> <span class='ocrx_word' id='word_1_286' title='bbox 1106 3660 1255 3744; x_wconf 85' lang='lat' dir='ltr'><strong><em>quia</em></strong></span> <span class='ocrx_word' id='word_1_287' title='bbox 1286 3661 1638 3743; x_wconf 78' lang='lat' dir='ltr'><strong><em>obsequium</em></strong></span> <span class='ocrx_word' id='word_1_288' title='bbox 1666 3662 1857 3726; x_wconf 88' lang='lat' dir='ltr'><strong><em>modo</em></strong></span> <span class='ocrx_word' id='word_1_289' title='bbox 1881 3663 2178 3746; x_wconf 65' lang='lat' dir='ltr'><strong><em>Pontifici</em></strong></span> <span class='ocrx_word' id='word_1_290' title='bbox 2202 3662 2463 3745; x_wconf 84' lang='lat' dir='ltr'><strong><em>juravit,</em></strong></span> <span class='ocrx_word' id='word_1_291' title='bbox 2491 3664 2898 3726; x_wconf 80' lang='lat' dir='ltr'><strong><em>obedientiam</em></strong></span> 
     </span>
     <span class='ocr_line' id='line_1_42' title="bbox 689 3763 2893 3849; baseline 0.001 -23"><span class='ocrx_word' id='word_1_292' title='bbox 689 3764 816 3828; x_wconf 89' lang='lat' dir='ltr'><strong><em>nisi</em></strong></span> <span class='ocrx_word' id='word_1_293' title='bbox 845 3764 1145 3827; x_wconf 84' lang='lat' dir='ltr'><strong><em>Ecclesioe</em></strong></span> <span class='ocrx_word' id='word_1_294' title='bbox 1182 3763 1400 3848; x_wconf 81' lang='lat' dir='ltr'><strong><em>jurare</em></strong></span> <span class='ocrx_word' id='word_1_295' title='bbox 1429 3765 1694 3845; x_wconf 86' lang='lat' dir='ltr'><strong><em>renuit.)</em></strong></span> <span class='ocrx_word' id='word_1_296' title='bbox 1791 3765 1896 3829; x_wconf 83' lang='lat' dir='ltr'><strong><em>Ita</em></strong></span> <span class='ocrx_word' id='word_1_297' title='bbox 1943 3766 2189 3848; x_wconf 85' lang='lat' dir='ltr'><strong><em>Regem</em></strong></span> <span class='ocrx_word' id='word_1_298' title='bbox 2238 3766 2473 3844; x_wconf 83' lang='lat' dir='ltr'><strong><em>decuit,</em></strong></span> <span class='ocrx_word' id='word_1_299' title='bbox 2506 3766 2599 3829; x_wconf 85' lang='lat' dir='ltr'><strong><em>ita</em></strong></span> <span class='ocrx_word' id='word_1_300' title='bbox 2637 3787 2893 3849; x_wconf 83' lang='lat' dir='ltr'><strong><em>aequum</em></strong></span> 
     </span>
    </p>
   </div>
   <div class='ocr_carea' id='block_1_6' title="bbox 690 3868 2898 3953">
    <p class='ocr_par' dir='ltr' id='par_1_8' title="bbox 690 3868 2898 3953">
     <span class='ocr_line' id='line_1_43' title="bbox 690 3868 2898 3953; baseline 0 -22"><span class='ocrx_word' id='word_1_301' title='bbox 690 3868 835 3931; x_wconf 86' lang='lat' dir='ltr'><strong><em>fuit.</em></strong></span> <span class='ocrx_word' id='word_1_302' title='bbox 926 3868 1217 3931; x_wconf 85' lang='lat' dir='ltr'><strong><em>Titulum</em></strong></span> <span class='ocrx_word' id='word_1_303' title='bbox 1251 3868 1424 3932; x_wconf 90' lang='lat' dir='ltr'><strong><em>enim</em></strong></span> <span class='ocrx_word' id='word_1_304' title='bbox 1454 3868 1630 3930; x_wconf 87' lang='lat' dir='ltr'><strong><em>hunc</em></strong></span> <span class='ocrx_word' id='word_1_305' title='bbox 1676 3868 1799 3931; x_wconf 88' lang='lat' dir='ltr'><strong><em>sibi</em></strong></span> <span class='ocrx_word' id='word_1_306' title='bbox 1842 3870 2201 3952; x_wconf 84' lang='lat' dir='ltr'><strong><em>(postquam</em></strong></span> <span class='ocrx_word' id='word_1_307' title='bbox 2235 3889 2314 3932; x_wconf 83' lang='lat' dir='ltr'><strong><em>ex</em></strong></span> <span class='ocrx_word' id='word_1_308' title='bbox 2355 3869 2466 3931; x_wconf 82' lang='lat' dir='ltr'><strong><em>illa</em></strong></span> <span class='ocrx_word' id='word_1_309' title='bbox 2497 3870 2725 3933; x_wconf 85' lang='lat' dir='ltr'><strong><em>Romae</em></strong></span> <span class='ocrx_word' id='word_1_310' title='bbox 2754 3891 2898 3953; x_wconf 86' lang='lat' dir='ltr'><strong><em>pos-</em></strong></span> 
     </span>
    </p>
   </div>
   <div class='ocr_carea' id='block_1_7' title="bbox 754 4052 2892 4120">
    <p class='ocr_par' dir='ltr' id='par_1_9' title="bbox 754 4052 2892 4120">
     <span class='ocr_line' id='line_1_44' title="bbox 754 4052 2892 4120; baseline 0 -18"><span class='ocrx_word' id='word_1_311' title='bbox 754 4053 961 4120; x_wconf 80' lang='lat' dir='ltr'><strong><em>·[Vide</em></strong></span> <span class='ocrx_word' id='word_1_312' title='bbox 1006 4053 1186 4103; x_wconf 80' lang='lat' dir='ltr'><strong><em>Horat.</em></strong></span> <span class='ocrx_word' id='word_1_313' title='bbox 1225 4052 1389 4104; x_wconf 82' lang='lat' dir='ltr'><strong><em>Oarm.</em></strong></span> <span class='ocrx_word' id='word_1_314' title='bbox 1434 4052 1533 4102; x_wconf 86' lang='lat'><strong><em>111.</em></strong></span> <span class='ocrx_word' id='word_1_315' title='bbox 1581 4055 1627 4103; x_wconf 85' lang='lat'><strong><em>2.</em></strong></span> <span class='ocrx_word' id='word_1_316' title='bbox 1669 4056 1748 4104; x_wconf 90' lang='grc'><strong><em>19.</em></strong></span> <span class='ocrx_word' id='word_1_317' title='bbox 1837 4069 1988 4117; x_wconf 84' lang='lat' dir='ltr'><strong><em>quam</em></strong></span> <span class='ocrx_word' id='word_1_318' title='bbox 2023 4056 2263 4105; x_wconf 76' lang='lat' dir='ltr'><strong><em>vassallus</em></strong></span> <span class='ocrx_word' id='word_1_319' title='bbox 2300 4071 2390 4105; x_wconf 86' lang='lat' dir='ltr'><strong><em>suo</em></strong></span> <span class='ocrx_word' id='word_1_320' title='bbox 2427 4054 2665 4105; x_wconf 62' lang='lat' dir='ltr'><strong><em>domino·</em></strong></span> <span class='ocrx_word' id='word_1_321' title='bbox 2667 4055 2892 4104; x_wconf 80' lang='lat' dir='ltr'><strong><em>&#39;--.Brev</em></strong></span> 
     </span>
    </p>
   </div>
   <div class='ocr_carea' id='block_1_8' title="bbox 688 4116 2896 4327">
    <p class='ocr_par' dir='ltr' id='par_1_10' title="bbox 688 4116 2896 4315">
     <span class='ocr_line' id='line_1_45' title="bbox 690 4116 2894 4183; baseline 0 -14"><span class='ocrx_word' id='word_1_322' title='bbox 690 4121 798 4183; x_wconf 84' lang='grc'><strong>20.]</strong></span> <span class='ocrx_word' id='word_1_323' title='bbox 1839 4116 1958 4168; x_wconf 86' lang='lat' dir='ltr'><strong><em>Not.</em></strong></span> <span class='ocrx_word' id='word_1_324' title='bbox 1984 4134 2173 4179; x_wconf 85' lang='lat' dir='ltr'><strong><em>eorum,</em></strong></span> <span class='ocrx_word' id='word_1_325' title='bbox 2197 4136 2310 4182; x_wconf 78' lang='lat' dir='ltr'><strong><em>quse</em></strong></span> <span class='ocrx_word' id='word_1_326' title='bbox 2332 4121 2387 4169; x_wconf 90' lang='lat' dir='ltr'><strong><em>in</em></strong></span> <span class='ocrx_word' id='word_1_327' title='bbox 2411 4120 2560 4170; x_wconf 83' lang='lat' dir='ltr'><strong><em>Cone.</em></strong></span> <span class='ocrx_word' id='word_1_328' title='bbox 2578 4119 2741 4182; x_wconf 80' lang='lat' dir='ltr'><strong><em>Lugd.</em></strong></span> <span class='ocrx_word' id='word_1_329' title='bbox 2757 4125 2894 4182; x_wconf 74' lang='lat' dir='ltr'><strong><em>gesta</em></strong></span> 
     </span>
     <span class='ocr_line' id='line_1_46' title="bbox 752 4181 2792 4297; baseline 0 -63"><span class='ocrx_word' id='word_1_330' title='bbox 752 4184 863 4297; x_wconf 70' lang='lat' dir='ltr'>¹[l“</span> <span class='ocrx_word' id='word_1_331' title='bbox 877 4181 1749 4246; x_wconf 78' lang='lat' dir='ltr'><strong><em>Fecitlegi(1nuoc.1V.)quoddam</em></strong></span> <span class='ocrx_word' id='word_1_332' title='bbox 1837 4185 2188 4234; x_wconf 62' lang='lat' dir='ltr'><strong><em>sunt—Cone.</em></strong></span> <span class='ocrx_word' id='word_1_333' title='bbox 2214 4191 2336 4235; x_wconf 87' lang='lat' dir='ltr'><strong><em>tom.</em></strong></span> <span class='ocrx_word' id='word_1_334' title='bbox 2361 4185 2430 4233; x_wconf 85' lang='lat' dir='ltr'><strong><em>xi.</em></strong></span> <span class='ocrx_word' id='word_1_335' title='bbox 2452 4185 2544 4234; x_wconf 81' lang='lat' dir='ltr'><strong><em>col.</em></strong></span> <span class='ocrx_word' id='word_1_336' title='bbox 2572 4188 2682 4235; x_wconf 87' lang='grc'><strong>638.</strong></span> <span class='ocrx_word' id='word_1_337' title='bbox 2707 4184 2792 4246; x_wconf 55' lang='lat' dir='ltr'><strong><em>Es]</em></strong></span> 
     </span>
     <span class='ocr_line' id='line_1_47' title="bbox 688 4248 2896 4327; baseline 0 -30"><span class='ocrx_word' id='word_1_338' title='bbox 688 4250 822 4312; x_wconf 82' lang='lat' dir='ltr'><strong><em>privi</em></strong></span> <span class='ocrx_word' id='word_1_339' title='bbox 845 4250 1032 4310; x_wconf 84' lang='lat' dir='ltr'><strong><em>egium,</em></strong></span> <span class='ocrx_word' id='word_1_340' title='bbox 1082 4262 1232 4297; x_wconf 85' lang='lat' dir='ltr'><strong><em>aurea</em></strong></span> <span class='ocrx_word' id='word_1_341' title='bbox 1281 4248 1419 4296; x_wconf 89' lang='lat' dir='ltr'><strong><em>bulla</em></strong></span> <span class='ocrx_word' id='word_1_342' title='bbox 1474 4250 1748 4308; x_wconf 86' lang='lat' dir='ltr'><strong><em>munitum,</em></strong></span> <span class='ocrx_word' id='word_1_343' title='bbox 1900 4257 1923 4288; x_wconf 75' lang='lat'>5</span> <span class='ocrx_word' id='word_1_344' title='bbox 1948 4248 2052 4327; x_wconf 83' lang='lat' dir='ltr'><strong><em>[cf.</em></strong></span> <span class='ocrx_word' id='word_1_345' title='bbox 2081 4250 2272 4299; x_wconf 77' lang='lat' dir='ltr'><strong><em>Decret</em></strong></span> <span class='ocrx_word' id='word_1_346' title='bbox 2301 4250 2440 4299; x_wconf 50' lang='lat' dir='ltr'><strong><em>Pars</em></strong></span> <span class='ocrx_word' id='word_1_347' title='bbox 2427 4265 2459 4298; x_wconf 87' lang='lat'><strong><em>1.</em></strong></span> <span class='ocrx_word' id='word_1_348' title='bbox 2487 4249 2614 4298; x_wconf 82' lang='lat' dir='ltr'><strong><em>Dist.</em></strong></span> <span class='ocrx_word' id='word_1_349' title='bbox 2633 4250 2763 4304; x_wconf 86' lang='lat' dir='ltr'><strong><em>lxiii.</em></strong></span> <span class='ocrx_word' id='word_1_350' title='bbox 2789 4264 2896 4313; x_wconf 82' lang='lat' dir='ltr'><strong><em>cap.</em></strong></span> 
     </span>
    </p>
   </div>
   <div class='ocr_carea' id='block_1_9' title="bbox 687 4311 2895 4508">
    <p class='ocr_par' dir='ltr' id='par_1_11' title="bbox 687 4311 2895 4508">
     <span class='ocr_line' id='line_1_48' title="bbox 687 4311 2892 4377; baseline -0 -14"><span class='ocrx_word' id='word_1_351' title='bbox 687 4315 752 4363; x_wconf 83' lang='lat' dir='ltr'><strong><em>ab</em></strong></span> <span class='ocrx_word' id='word_1_352' title='bbox 786 4313 962 4363; x_wconf 86' lang='lat' dir='ltr'><strong><em>eodem</em></strong></span> <span class='ocrx_word' id='word_1_353' title='bbox 988 4313 1308 4375; x_wconf 71' lang='lat' dir='ltr'><strong><em>Imperatore</em></strong></span> <span class='ocrx_word' id='word_1_354' title='bbox 1336 4311 1492 4372; x_wconf 80' lang='lat' dir='ltr'><strong><em>(Frid.</em></strong></span> <span class='ocrx_word' id='word_1_355' title='bbox 1521 4312 1609 4376; x_wconf 93' lang='lat'><strong><em>11.)</em></strong></span> <span class='ocrx_word' id='word_1_356' title='bbox 1635 4328 1751 4362; x_wconf 83' lang='lat' dir='ltr'><strong><em>cum</em></strong></span> <span class='ocrx_word' id='word_1_357' title='bbox 1836 4315 2020 4363; x_wconf 79' lang='lat' dir='ltr'><strong><em>xxxiii.</em></strong></span> <span class='ocrx_word' id='word_1_358' title='bbox 2068 4315 2213 4366; x_wconf 82' lang='lat' dir='ltr'><strong><em>‘Tibi</em></strong></span> <span class='ocrx_word' id='word_1_359' title='bbox 2260 4315 2507 4363; x_wconf 88' lang='lat' dir='ltr'><strong><em>Domin0.&#39;</em></strong></span> <span class='ocrx_word' id='word_1_360' title='bbox 2516 4313 2740 4377; x_wconf 86' lang='lat' dir='ltr'><strong><em>-Corp.</em></strong></span> <span class='ocrx_word' id='word_1_361' title='bbox 2787 4316 2892 4362; x_wconf 85' lang='lat' dir='ltr'><strong><em>Jur.</em></strong></span> 
     </span>
     <span class='ocr_line' id='line_1_49' title="bbox 688 4377 2895 4440; baseline 0 -13"><span class='ocrx_word' id='word_1_362' title='bbox 688 4382 818 4427; x_wconf 82' lang='lat' dir='ltr'><strong><em>esset</em></strong></span> <span class='ocrx_word' id='word_1_363' title='bbox 853 4378 978 4436; x_wconf 85' lang='lat' dir='ltr'><strong><em>Rex,</em></strong></span> <span class='ocrx_word' id='word_1_364' title='bbox 1012 4377 1240 4426; x_wconf 88' lang='lat' dir='ltr'><strong><em>Honorio</em></strong></span> <span class='ocrx_word' id='word_1_365' title='bbox 1275 4377 1625 4440; x_wconf 65' lang='lat' dir='ltr'><strong><em>praedecessori</em></strong></span> <span class='ocrx_word' id='word_1_366' title='bbox 1661 4393 1750 4427; x_wconf 82' lang='lat' dir='ltr'><strong><em>suo</em></strong></span> <span class='ocrx_word' id='word_1_367' title='bbox 1839 4378 1958 4428; x_wconf 84' lang='lat' dir='ltr'><strong><em>Can.</em></strong></span> <span class='ocrx_word' id='word_1_368' title='bbox 1984 4383 2106 4428; x_wconf 88' lang='lat' dir='ltr'><strong><em>tom.</em></strong></span> <span class='ocrx_word' id='word_1_369' title='bbox 2125 4380 2159 4428; x_wconf 92' lang='lat' dir='ltr'><strong><em>i.</em></strong></span> <span class='ocrx_word' id='word_1_370' title='bbox 2186 4380 2277 4429; x_wconf 78' lang='lat' dir='ltr'><strong><em>eol.</em></strong></span> <span class='ocrx_word' id='word_1_371' title='bbox 2299 4383 2439 4440; x_wconf 84' lang='grc'><strong>330.;</strong></span> <span class='ocrx_word' id='word_1_372' title='bbox 2472 4385 2524 4428; x_wconf 80' lang='lat' dir='ltr'><strong><em>et</em></strong></span> <span class='ocrx_word' id='word_1_373' title='bbox 2543 4331 2895 4429; x_wconf 57' lang='lat' dir='ltr'><strong><em>Clementlib.</em></strong></span> 
     </span>
     <span class='ocr_line' id='line_1_50' title="bbox 688 4441 2895 4508; baseline 0.002 -18"><span class='ocrx_word' id='word_1_374' title='bbox 688 4457 992 4501; x_wconf 82' lang='lat' dir='ltr'><strong><em>concessum,</em></strong></span> <span class='ocrx_word' id='word_1_375' title='bbox 1027 4442 1083 4489; x_wconf 90' lang='lat' dir='ltr'><strong><em>in</em></strong></span> <span class='ocrx_word' id='word_1_376' title='bbox 1115 4455 1213 4503; x_wconf 85' lang='lat' dir='ltr'><strong><em>quo</em></strong></span> <span class='ocrx_word' id='word_1_377' title='bbox 1246 4441 1384 4490; x_wconf 84' lang='lat' dir='ltr'><strong><em>inter</em></strong></span> <span class='ocrx_word' id='word_1_378' title='bbox 1415 4442 1516 4490; x_wconf 82' lang='lat' dir='ltr'><strong><em>alia</em></strong></span> <span class='ocrx_word' id='word_1_379' title='bbox 1553 4443 1755 4506; x_wconf 82' lang='lat' dir='ltr'><strong><em>potissi·</em></strong></span> <span class='ocrx_word' id='word_1_380' title='bbox 1837 4444 1891 4493; x_wconf 88' lang='lat' dir='ltr'><strong><em>ii.</em></strong></span> <span class='ocrx_word' id='word_1_381' title='bbox 1940 4444 2039 4493; x_wconf 83' lang='lat' dir='ltr'><strong><em>Tit.</em></strong></span> <span class='ocrx_word' id='word_1_382' title='bbox 2078 4446 2147 4493; x_wconf 80' lang='lat' dir='ltr'><strong><em>ix.</em></strong></span> <span class='ocrx_word' id='word_1_383' title='bbox 2204 4445 2312 4494; x_wconf 87' lang='lat' dir='ltr'><strong><em>‘De</em></strong></span> <span class='ocrx_word' id='word_1_384' title='bbox 2354 4444 2721 4508; x_wconf 70' lang='lat' dir='ltr'><strong><em>Jurejurando:</em></strong></span> <span class='ocrx_word' id='word_1_385' title='bbox 2779 4443 2895 4506; x_wconf 82' lang='lat' dir='ltr'><strong><em>Cap.</em></strong></span> 
     </span>
    </p>
   </div>
   <div class='ocr_carea' id='block_1_10' title="bbox 688 4479 2897 4636">
    <p class='ocr_par' dir='ltr' id='par_1_12' title="bbox 688 4479 2897 4636">
     <span class='ocr_line' id='line_1_51' title="bbox 688 4479 2897 4573; baseline 0.002 -22"><span class='ocrx_word' id='word_1_386' title='bbox 688 4519 829 4552; x_wconf 86' lang='lat' dir='ltr'><strong><em>mum</em></strong></span> <span class='ocrx_word' id='word_1_387' title='bbox 854 4479 1145 4560; x_wconf 74' lang='lat' dir='ltr'><strong><em>habebatur,</em></strong></span> <span class='ocrx_word' id='word_1_388' title='bbox 1162 4506 1411 4566; x_wconf 88' lang='lat' dir='ltr'><strong><em>quomodo</em></strong></span> <span class='ocrx_word' id='word_1_389' title='bbox 1434 4506 1640 4557; x_wconf 87' lang='lat' dir='ltr'><strong><em>eidem</em></strong></span> <span class='ocrx_word' id='word_1_390' title='bbox 1617 4523 1752 4570; x_wconf 80' lang='lat' dir='ltr'><strong><em>Jura-</em></strong></span> <span class='ocrx_word' id='word_1_391' title='bbox 1840 4505 1987 4557; x_wconf 80' lang='lat' dir='ltr'><strong><em>Unio.</em></strong></span> <span class='ocrx_word' id='word_1_392' title='bbox 2025 4510 2137 4559; x_wconf 84' lang='lat' dir='ltr'><strong><em>coll.</em></strong></span> <span class='ocrx_word' id='word_1_393' title='bbox 2164 4511 2273 4559; x_wconf 75' lang='lat'><strong><em>114.</em></strong></span> <span class='ocrx_word' id='word_1_394' title='bbox 2307 4525 2378 4572; x_wconf 91' lang='lat' dir='ltr'><strong><em>sq.</em></strong></span> <span class='ocrx_word' id='word_1_395' title='bbox 2381 4510 2577 4573; x_wconf 82' lang='lat' dir='ltr'><strong><em>——apud</em></strong></span> <span class='ocrx_word' id='word_1_396' title='bbox 2617 4508 2765 4573; x_wconf 88' lang='lat' dir='ltr'><strong><em>Corp.</em></strong></span> <span class='ocrx_word' id='word_1_397' title='bbox 2788 4509 2897 4558; x_wconf 85' lang='lat' dir='ltr'><strong><em>Jur.</em></strong></span> 
     </span>
     <span class='ocr_line' id='line_1_52' title="bbox 689 4567 2233 4636; baseline 0.006 -23"><span class='ocrx_word' id='word_1_398' title='bbox 689 4572 922 4614; x_wconf 84' lang='lat' dir='ltr'><strong><em>mentum</em></strong></span> <span class='ocrx_word' id='word_1_399' title='bbox 968 4567 1235 4616; x_wconf 81' lang='lat' dir='ltr'><strong><em>fidelitatis</em></strong></span> <span class='ocrx_word' id='word_1_400' title='bbox 1289 4571 1599 4631; x_wconf 66' lang='lat' dir='ltr'><strong><em>paestiterat</em></strong></span> <span class='ocrx_word' id='word_1_401' title='bbox 1647 4577 1752 4621; x_wconf 80' lang='lat' dir='ltr'><strong><em>tan·</em></strong></span> <span class='ocrx_word' id='word_1_402' title='bbox 1842 4573 1961 4622; x_wconf 82' lang='lat' dir='ltr'><strong><em>Can.</em></strong></span> <span class='ocrx_word' id='word_1_403' title='bbox 1990 4579 2108 4622; x_wconf 78' lang='lat' dir='ltr'><strong><em>tom.</em></strong></span> <span class='ocrx_word' id='word_1_404' title='bbox 2137 4574 2233 4636; x_wconf 89' lang='lat' dir='ltr'><strong><em>iii.]</em></strong></span> 
     </span>
    </p>
   </div>
  </div>
 </body>
</html>
