3165 4959
613 302 760 365 xxvi
1467 315 1554 363 AD
1599 314 1951 364 merom.

613 468 931 552 prolixum
971 468 1051 532 de
1090 470 1333 532 Satana
1364 467 1629 532 Ordinis
1674 468 2144 553 perturbatore,
2190 467 2569 533 Methodico
2598 456 2833 532 tamen'

617 571 963 655 derepente
1005 572 1197 650 facto,
1230 578 1296 635 et
1340 593 1473 636 non
1518 571 1659 635 sine
1698 572 1943 651 ordine,
1977 571 2208 655 Capita
2237 571 2627 635 Christianae
2669 569 2822 632 fidei

615 682 1063 758 oppugnante3
1110 674 1291 757 quasi
1330 674 1736 739 commodato
1769 674 1958 738 nobis
2004 674 2214 738 offert.
2275 662 2388 737 Ἰιι
2420 695 2566 758 quo,
2601 694 2820 736 narra-

616 777 859 841 tionem
901 799 976 841 eo
1005 777 1263 840 deducit
1306 777 1591 856 tandem,
1637 786 1714 841 ut
1756 777 2055 860 antiquas
2099 777 2394 857 haereses,
2449 798 2488 840 a
2531 775 2822 861 Symboli

616 880 971 962 Apostolici
1000 879 1294 943 Articulo
1323 881 1529 963 primo
1559 901 1830 959 exorsas,
1863 887 2009 962 post
2038 900 2409 963 progressus
2438 886 2505 943 et
2533 878 2822 962 repulsas

618 984 840 1061 varias,
896 982 977 1045 ad
1022 981 1393 1046 Articulum
1445 981 1524 1046 de
1576 982 1816 1045 Sancta
1859 982 2148 1045 Ecclesia
2192 981 2528 1045 Catholica
2576 981 2702 1063 (abi
2747 981 2824 1042 de

625 1084 841 1164 Capite
870 1090 931 1146 et
959 1084 1246 1147 membris
1273 1084 1597 1166 Ecclesiae)
1645 1083 1725 1148 de
1756 1083 2229 1148 Communione
2272 1085 2659 1146 Sanctorum
2696 1082 2825 1163 (ubi

620 1186 696 1247 de
743 1186 1167 1248 Sam-amentis
1210 1192 1272 1249 et
1315 1187 1486 1249 culta
1530 1187 1761 1268 divino)
1797 1194 1939 1248 tum
1986 1186 2068 1249 ad
2108 1186 2404 1263 alterum,
2449 1184 2527 1248 de
2574 1184 2826 1247 Remis-

620 1287 797 1350 sione
847 1296 1277 1370 peccatorum,
1330 1289 1597 1352 tandem
1640 1289 1966 1373 prolapsas
2017 1288 2383 1352 existimet:
2431 1287 2516 1350 In
2560 1287 2664 1350 his
2711 1308 2825 1350 au·

619 1397 773 1468 tem,
806 1390 887 1453 ad
920 1399 1279 1454 extremum
1313 1392 1620 1454 Satanam
1650 1391 2035 1454 constitisse.

706 1494 910 1557 Mitto
940 1501 1156 1556 autem
1186 1494 1310 1557 hoc
1338 1494 1478 1557 loco
1509 1514 1794 1576 quaerere
1814 1519 1834 1572 3
1883 1515 2011 1576 qua
2047 1493 2117 1556 in
2147 1492 2484 1556 turbandis
2512 1492 2825 1556 Articulis

621 1605 760 1662 arte
803 1598 1014 1661 utitur
1060 1599 1356 1675 Satanus,
1400 1594 1705 1676 μεθοδεία
1747 1618 1824 1659 ea
1866 1597 1969 1674 sit,
2017 1618 2101 1659 an
2141 1595 2460 1673 vae-i'a0?
2549 1598 2717 1659 Τιιιιι
2759 1603 2827 1660 et

622 1699 821 1777 illud3
871 1721 954 1762 an
1000 1721 1037 1762 a
1074 1720 1224 1762 vero
1267 1698 1446 1762 fonte
1493 1704 1770 1762 arcessat
1818 1698 2033 1761 saeculi
2075 1699 2269 1783 hujus
2300 1699 2824 1763 Controversias:

614 1804 753 1886 jam
792 1800 945 1866 inde
986 1802 1200 1885 potius
1229 1807 1471 1879 enatas,
1516 1801 1615 1883 (ut
1655 1802 1984 1865 nonnullis
2012 1800 2214 1865 videri
2254 1802 2436 1884 solet)
2476 1823 2626 1865 cum
2655 1802 2827 1865 Pon-

623 1904 801 1983 tifex,
845 1909 1161 1987 proetextu
1198 1902 1686 1969 retinendarum
1717 1903 2106 1987 Imaginum,
2140 1903 2411 1967 exclusit
2443 1903 2636 1967 Italia
2670 1904 2828 1966 Con·

621 2009 1209 2089 stantinopolitanos
1243 2006 1663 2088 Imperatores
1683 2004 1712 2047 ‘¹
1722 2032 1743 2081 ‚-
1788 2007 2162 2091 primusque
2196 2006 2577 2071 auctoritate
2607 2007 2832 2090 Papali

635 2112 772 2192 (seu
812 2111 1027 2194 palam
1069 2108 1158 2188 id,
1207 2130 1323 2173 seu
1361 2110 1555 2194 tecte)
1593 2108 2026 2174 defectionum
2056 2131 2097 2173 a
2123 2108 2414 2193 legitimo
2443 2108 2761 2192 Principe,
2793 2130 2832 2173 e

625 2213 954 2296 religionis
984 2234 1175 2277 causa
1203 2219 1459 2296 arrepta
1486 2212 1838 2292 occasione,
1871 2220 2099 2277 auctor
2124 2212 2290 2276 fuit:
2337 2218 2530 2296 atque
2559 2211 2670 2290 ita,
2700 2232 2834 2275 una

629 2317 1048 2396 Proditiones‚
1107 2339 1240 2382 una
1288 2318 1728 2382 Idololatriam
1772 2317 2016 2382 invexit
2065 2315 2139 2381 in
2193 2338 2332 2380 rem
2377 2315 2831 2381 Christianam.

629 2420 833 2487 Mitto
870 2421 1182 2506 (inquam)
1221 2422 1364 2487 haec
1395 2442 1698 2507 quaerere.

718 2526 815 2589 Ut
866 2524 1091 2589 demus
1144 2525 1224 2604 ei,
1278 2525 1450 2609 quod
1495 2524 1682 2589 valde
1726 2523 1887 2605 vult,
1948 2524 2033 2588 ad
2081 2522 2412 2589 Articulos
2465 2544 2625 2606 qnos
2676 2522 2834 2587 dicit

627 2628 892 2693 rediisse
948 2649 1131 2706 rem3
1186 2649 1304 2693 nec
1361 2649 1728 2712 pugnemus
1788 2628 1867 2692 de
1930 2627 2193 2711 digestis
2251 2634 2652 2708 temporum:
2711 2626 2832 2705 Ac,

629 2731 895 2816 reliqua,
964 2752 1103 2797 non
1169 2731 1284 2795 illa
1340 2731 1599 2815 quidem
1670 2729 1885 2814 exigui
1949 2730 2282 2809 momenti,
2345 2748 2489 2813 quae
2548 2748 2700 2794 vero
2759 2727 2835 2790 de

630 2832 921 2896 Ecclesia
951 2832 1381 2916 disputantur,
1414 2853 1490 2895 ea
1531 2831 1833 2915 ponderis
1879 2852 2020 2895 esse
2064 2830 2360 2895 omnium
2402 2830 2504 2894 vel
2545 2829 2834 2907 maximi,

631 2935 712 2999 ad
758 2956 901 3019 quae
941 2936 1196 3020 jamdiu
1241 2943 1474 2999 caetera
1522 2935 1657 2999 fere
1705 2935 1925 2999 omnia
1965 2935 2355 3014 referuntur,
2405 2941 2472 2998 et
2513 2933 2696 3019 quasi
2738 2956 2836 2999 re-

633 3037 932 3121 spiciunt.

722 3139 870 3218 Sed,
923 3138 995 3201 in
1039 3137 1180 3201 istis
1227 3137 1444 3216 etiam,
1479 3159 1621 3222 quae
1668 3138 1751 3202 ad
1791 3139 2152 3202 Articulum
2205 3139 2281 3202 de
2323 3139 2616 3202 Ecclesia
2658 3160 2836 3204 revo-

632 3227 903 3320 cantur;
948 3248 1025 3303 ut
1070 3241 1281 3322 Caput
1335 3240 1577 3305 eminet
1630 3262 1762 3325 prae
1811 3261 2097 3324 corpore,
2145 3242 2241 3306 ita
2283 3247 2351 3306 et
2400 3242 2508 3306 hic
2550 3241 2838 3306 eminent

632 3365 765 3428 prae
803 3342 1065 3427 reliquis
1098 3342 1532 3423 Quaestiones,
1565 3343 1646 3408 de
1672 3344 1904 3409 visibili
1940 3346 2159 3427 Capite
2187 3345 2508 3423 Ecclesiae,
2550 3345 2653 3427 (ex
2691 3366 2837 3408 sen-

634 3447 842 3511 tentia
888 3445 1273 3529 cardinalis)
1334 3446 1416 3509 ad
1466 3467 1700 3531 easque
1751 3448 1888 3532 jam
1946 3468 2112 3530 pene
2165 3448 2375 3513 omnis
2427 3446 2507 3510 de
2549 3447 2842 3511 Ecclesia

634 3548 966 3613 contentio
993 3549 1242 3613 recidit.
1332 3548 1479 3613 Nec
1508 3548 1579 3613 in
1622 3550 1765 3614 istis
1806 3557 2029 3615 tamen
2074 3572 2255 3635 aeque
2286 3550 2606 3629 omnibus,
2652 3569 2837 3613 accu-

591 3726 595 3730 ,
633 3659 772 3716 rate
823 3658 1153 3718 versatur:
1216 3653 1329 3716 sed
1388 3652 1460 3715 in
1509 3653 1592 3717 iis
1643 3654 1741 3736 (ut
1790 3675 1908 3738 par
1954 3655 2075 3737 est)
2127 3655 2425 3732 maxime,
2488 3653 2654 3737 (quae
2701 3652 2841 3735 Ipsi

633 3757 899 3820 maximi
956 3758 1155 3840 sunt,)
1222 3757 1455 3841 quibus
1501 3764 1789 3839 potestas
1839 3757 2171 3840 Pontificis
2228 3758 2550 3834 asseritur,
2615 3776 2835 3839 quam,

636 3859 916 3922 immane
952 3860 1091 3941 jam
1123 3868 1442 3943 quantum
1481 3860 1755 3925 evehant
1795 3860 1866 3924 in
1904 3860 2314 3925 immensum.
2408 3859 2494 3924 In
2524 3863 2841 3939 potestate

635 3960 913 4042 denique
954 3961 1133 4024 hac
1114 3983 1274 4045 1psa,
1320 3962 1677 4026 maximum
1723 3962 1893 4045 quod
1935 3962 2260 4046 quaeritur,
2290 3961 2454 4025 illud
2483 3967 2618 4036 est3
2666 3959 2841 4044 quod

636 4070 703 4126 et
732 4062 937 4127 Praela
973 4063 1113 4146 jam
1141 4063 1383 4148 ubique
1412 4071 1479 4128 et
1513 4064 1764 4128 Scholae
1802 4071 2125 4144 resonant,
2158 4065 2238 4129 de
2275 4065 2606 4146 potestatis
2642 4062 2839 4179 hujus

637 4167 977 4240 limitibus‚·
1032 4188 1362 4251 quousque
1411 4188 1481 4233 se
1526 4167 1851 4248 extendat,
1900 4169 2017 4233 ubi
2075 4169 2298 4233 sistat:
2361 4190 2445 4231 an
2492 4166 2709 4245 etiam,
2767 4164 2840 4228 in

634 4425 637 4428 ,
704 4360 916 4490 ἩΕρῐι
933 4362 998 4410 iv.
1027 4360 1138 4474 14.I]
1782 4365 1904 4409 tom.
1920 4361 1994 4410 iii.
2019 4376 2068 4425 p.
2088 4364 2191 4421 854
2226 4365 2278 4412 et
2301 4362 2509 4413 Cedren.
2537 4360 2673 4410 Hist.
2700 4360 2841 4410 Com·

783 4425 881 4475 Gre
916 4426 1090 4475 oriusl
1161 4426 1309 4475 Leon.
1334 4426 1612 4475 Isauricum
1629 4424 1693 4474 ab
1781 4425 1932 4489 pend.
1961 4440 2009 4489 p.
2036 4426 2175 4490 873]

641 4490 662 4539 1
672 4490 793 4541 talla
824 4490 1036 4555 expulit.
1105 4489 1238 4540 Vide
1270 4489 1475 4539 zonara>
1505 4489 1690 4539 Annal.
