<?xml version="1.0" encoding="UTF-8"?>
<!DOCTYPE html PUBLIC "-//W3C//DTD XHTML 1.0 Transitional//EN"
    "http://www.w3.org/TR/xhtml1/DTD/xhtml1-transitional.dtd">
<html xmlns="http://www.w3.org/1999/xhtml" xml:lang="en" lang="en">
 <head>
  <title>
</title>
<meta http-equiv="Content-Type" content="text/html;charset=utf-8" />
  <meta name='ocr-system' content='tesseract 3.04.00' />
  <meta name='ocr-capabilities' content='ocr_page ocr_carea ocr_par ocr_line ocrx_word'/>
</head>
<body>
  <div class='ocr_page' id='page_1' title='image "./responsioadapol01andrgoog_0288.png"; bbox 0 0 3165 4959; ppageno 0'>
   <div class='ocr_carea' id='block_1_1' title="bbox 377 1603 667 2052">
    <p class='ocr_par' dir='ltr' id='par_1_1' title="bbox 377 1603 667 2052">
     <span class='ocr_line' id='line_1_1' title="bbox 381 1603 563 1668; baseline -0.005 -15"><span class='ocrx_word' id='word_1_1' title='bbox 381 1603 563 1668; x_wconf 83' lang='lat' dir='ltr'><strong><em>[Sacra-</em></strong></span> 
     </span>
     <span class='ocr_line' id='line_1_2' title="bbox 377 1674 608 1718; baseline 0.004 -2"><span class='ocrx_word' id='word_1_2' title='bbox 377 1674 608 1718; x_wconf 85' lang='lat' dir='ltr'><strong><em>mentum</em></strong></span> 
     </span>
     <span class='ocr_line' id='line_1_3' title="bbox 378 1733 595 1782; baseline 0.005 -1"><span class='ocrx_word' id='word_1_3' title='bbox 378 1733 471 1781; x_wconf 86' lang='lat' dir='ltr'><strong><em>sub</em></strong></span> <span class='ocrx_word' id='word_1_4' title='bbox 494 1748 595 1782; x_wconf 85' lang='lat' dir='ltr'><strong><em>una</em></strong></span> 
     </span>
     <span class='ocr_line' id='line_1_4' title="bbox 380 1802 582 1845; baseline -0.005 0"><span class='ocrx_word' id='word_1_5' title='bbox 380 1802 582 1845; x_wconf 81' lang='lat' dir='ltr'><strong><em>tantum</em></strong></span> 
     </span>
     <span class='ocr_line' id='line_1_5' title="bbox 379 1863 667 1924; baseline 0 -15"><span class='ocrx_word' id='word_1_6' title='bbox 379 1863 542 1924; x_wconf 84' lang='lat' dir='ltr'><strong><em>specie</em></strong></span> <span class='ocrx_word' id='word_1_7' title='bbox 566 1876 667 1910; x_wconf 90' lang='lat' dir='ltr'><strong><em>non</em></strong></span> 
     </span>
     <span class='ocr_line' id='line_1_6' title="bbox 380 1926 634 1988; baseline 0 -15"><span class='ocrx_word' id='word_1_8' title='bbox 380 1931 456 1973; x_wconf 85' lang='lat' dir='ltr'><strong><em>est.</em></strong></span> <span class='ocrx_word' id='word_1_9' title='bbox 477 1926 634 1988; x_wconf 83' lang='lat' dir='ltr'><strong><em>integ-</em></strong></span> 
     </span>
     <span class='ocr_line' id='line_1_7' title="bbox 377 1990 533 2052; baseline -0.013 -15"><span class='ocrx_word' id='word_1_10' title='bbox 377 2004 487 2037; x_wconf 87' lang='lat' dir='ltr'><strong><em>rum</em></strong></span> <span class='ocrx_word' id='word_1_11' title='bbox 497 2029 503 2035; x_wconf 89' lang='lat'>.</span> <span class='ocrx_word' id='word_1_12' title='bbox 513 1990 533 2052; x_wconf 94' lang='lat'>]</span> 
     </span>
    </p>
   </div>
   <div class='ocr_carea' id='block_1_2' title="bbox 470 3752 596 3813">
    <p class='ocr_par' dir='ltr' id='par_1_2' title="bbox 470 3752 596 3813">
     <span class='ocr_line' id='line_1_8' title="bbox 470 3752 596 3813; baseline 0 0"><span class='ocrx_word' id='word_1_13' title='bbox 470 3752 596 3813; x_wconf 82' lang='lat'><strong><em>186</em></strong></span> 
     </span>
    </p>
   </div>
   <div class='ocr_carea' id='block_1_3' title="bbox 380 3969 619 4084">
    <p class='ocr_par' dir='ltr' id='par_1_3' title="bbox 380 3969 619 4084">
     <span class='ocr_line' id='line_1_9' title="bbox 380 3969 619 4084; baseline -0.046 1"><span class='ocrx_word' id='word_1_14' title='bbox 380 3969 546 4084; x_wconf 46' lang='lat' dir='ltr'><strong><em>aa</em></strong></span> <span class='ocrx_word' id='word_1_15' title='bbox 567 3976 619 4019; x_wconf 50' lang='lat' dir='ltr'><strong><em>et</em></strong></span> 
     </span>
    </p>
   </div>
   <div class='ocr_carea' id='block_1_4' title="bbox 380 4097 589 4164">
    <p class='ocr_par' dir='ltr' id='par_1_4' title="bbox 380 4097 589 4164">
     <span class='ocr_line' id='line_1_10' title="bbox 380 4097 589 4164; baseline 0.01 -17"><span class='ocrx_word' id='word_1_16' title='bbox 380 4097 589 4164; x_wconf 72' lang='lat' dir='ltr'><strong><em>ficium]</em></strong></span> 
     </span>
    </p>
   </div>
   <div class='ocr_carea' id='block_1_5' title="bbox 710 326 2297 387">
    <p class='ocr_par' dir='ltr' id='par_1_5' title="bbox 710 326 2297 387">
     <span class='ocr_line' id='line_1_11' title="bbox 710 326 2297 387; baseline -0.005 0"><span class='ocrx_word' id='word_1_17' title='bbox 710 326 835 387; x_wconf 78' lang='lat'><strong><em>252</em></strong></span> <span class='ocrx_word' id='word_1_18' title='bbox 1342 338 1426 383; x_wconf 67' lang='lat' dir='ltr'><strong><em>An</em></strong></span> <span class='ocrx_word' id='word_1_19' title='bbox 1471 335 1853 384; x_wconf 63' lang='lat' dir='ltr'><strong><em>canonum</em></strong></span> <span class='ocrx_word' id='word_1_20' title='bbox 1896 332 2193 381; x_wconf 75' lang='lat' dir='ltr'><strong>BELLARM</strong></span> <span class='ocrx_word' id='word_1_21' title='bbox 2203 333 2297 379; x_wconf 85' lang='lat' dir='ltr'><strong><em>1N1</em></strong></span> 
     </span>
    </p>
   </div>
   <div class='ocr_carea' id='block_1_6' title="bbox 709 488 2921 1093">
    <p class='ocr_par' dir='ltr' id='par_1_6' title="bbox 709 488 2921 1093">
     <span class='ocr_line' id='line_1_12' title="bbox 709 488 2918 577; baseline -0.004 -19"><span class='ocrx_word' id='word_1_22' title='bbox 709 498 1071 577; x_wconf 79' lang='lat' dir='ltr'><strong><em>requiritur,</em></strong></span> <span class='ocrx_word' id='word_1_23' title='bbox 1106 496 1328 560; x_wconf 85' lang='lat' dir='ltr'><strong><em>abesse</em></strong></span> <span class='ocrx_word' id='word_1_24' title='bbox 1358 516 1493 558; x_wconf 92' lang='lat' dir='ltr'><strong><em>non</em></strong></span> <span class='ocrx_word' id='word_1_25' title='bbox 1521 500 1738 577; x_wconf 86' lang='lat' dir='ltr'><strong><em>potest</em></strong></span> <span class='ocrx_word' id='word_1_26' title='bbox 1760 493 2055 569; x_wconf 87' lang='lat' dir='ltr'><strong><em>alterum,</em></strong></span> <span class='ocrx_word' id='word_1_27' title='bbox 2087 491 2139 553; x_wconf 92' lang='lat' dir='ltr'><strong><em>si</em></strong></span> <span class='ocrx_word' id='word_1_28' title='bbox 2171 489 2358 568; x_wconf 85' lang='lat' dir='ltr'><strong><em>absit,</em></strong></span> <span class='ocrx_word' id='word_1_29' title='bbox 2389 489 2672 551; x_wconf 84' lang='lat' dir='ltr'><strong><em>mutilum</em></strong></span> <span class='ocrx_word' id='word_1_30' title='bbox 2706 488 2918 551; x_wconf 87' lang='lat' dir='ltr'><strong><em>Sacri-</em></strong></span> 
     </span>
     <span class='ocr_line' id='line_1_13' title="bbox 710 592 2921 674; baseline -0.004 -12"><span class='ocrx_word' id='word_1_31' title='bbox 710 600 925 662; x_wconf 88' lang='lat' dir='ltr'><strong><em>ficium</em></strong></span> <span class='ocrx_word' id='word_1_32' title='bbox 948 625 962 662; x_wconf 91' lang='lat'><strong>:</strong></span> <span class='ocrx_word' id='word_1_33' title='bbox 997 601 1110 661; x_wconf 77' lang='lat' dir='ltr'><strong><em>Ad</em></strong></span> <span class='ocrx_word' id='word_1_34' title='bbox 1128 600 1458 663; x_wconf 67' lang='lat' dir='ltr'><strong><em>essentiam</em></strong></span> <span class='ocrx_word' id='word_1_35' title='bbox 1480 597 1895 672; x_wconf 77' lang='lat' dir='ltr'><strong><em>Sam-amenti,</em></strong></span> <span class='ocrx_word' id='word_1_36' title='bbox 1918 596 2290 658; x_wconf 85' lang='lat' dir='ltr'><strong><em>alterutrum</em></strong></span> <span class='ocrx_word' id='word_1_37' title='bbox 2308 595 2485 672; x_wconf 68' lang='lat' dir='ltr'><strong><em>eati-⁹,</em></strong></span> <span class='ocrx_word' id='word_1_38' title='bbox 2506 592 2817 674; x_wconf 80' lang='lat' dir='ltr'><strong><em>quodlibet</em></strong></span> <span class='ocrx_word' id='word_1_39' title='bbox 2838 614 2921 655; x_wconf 74' lang='lat' dir='ltr'><strong><em>ea·</em></strong></span> 
     </span>
     <span class='ocr_line' id='line_1_14' title="bbox 710 698 2919 786; baseline -0.003 -21"><span class='ocrx_word' id='word_1_40' title='bbox 710 703 944 765; x_wconf 72' lang='lat' dir='ltr'><strong><em>duobus</em></strong></span> <span class='ocrx_word' id='word_1_41' title='bbox 986 705 1232 786; x_wconf 68' lang='lat' dir='ltr'><strong><em>sufficit,</em></strong></span> <span class='ocrx_word' id='word_1_42' title='bbox 1264 702 1586 765; x_wconf 84' lang='lat' dir='ltr'><strong><em>utrumvis</em></strong></span> <span class='ocrx_word' id='word_1_43' title='bbox 1639 700 1864 763; x_wconf 89' lang='lat' dir='ltr'><strong><em>abesse</em></strong></span> <span class='ocrx_word' id='word_1_44' title='bbox 1917 706 2151 782; x_wconf 88' lang='lat' dir='ltr'><strong><em>potest,</em></strong></span> <span class='ocrx_word' id='word_1_45' title='bbox 2186 719 2307 761; x_wconf 91' lang='lat' dir='ltr'><strong><em>nec</em></strong></span> <span class='ocrx_word' id='word_1_46' title='bbox 2358 698 2643 759; x_wconf 81' lang='lat' dir='ltr'><strong><em>mutilum</em></strong></span> <span class='ocrx_word' id='word_1_47' title='bbox 2693 703 2919 759; x_wconf 87' lang='lat' dir='ltr'><strong><em>tamen</em></strong></span> 
     </span>
     <span class='ocr_line' id='line_1_15' title="bbox 712 798 2920 884; baseline -0.003 -18"><span class='ocrx_word' id='word_1_48' title='bbox 712 805 1221 868; x_wconf 83' lang='lat' dir='ltr'>Sacramentum.</span> <span class='ocrx_word' id='word_1_49' title='bbox 1319 805 1490 868; x_wconf 90' lang='lat' dir='ltr'><strong><em>Satis</em></strong></span> <span class='ocrx_word' id='word_1_50' title='bbox 1538 805 1664 867; x_wconf 87' lang='lat' dir='ltr'><strong><em>hoc</em></strong></span> <span class='ocrx_word' id='word_1_51' title='bbox 1716 801 2192 884; x_wconf 82' lang='lat' dir='ltr'><strong><em>magistraliter.</em></strong></span> <span class='ocrx_word' id='word_1_52' title='bbox 2305 799 2434 863; x_wconf 83' lang='lat' dir='ltr'><strong><em>Sed</em></strong></span> <span class='ocrx_word' id='word_1_53' title='bbox 2491 799 2630 862; x_wconf 83' lang='lat' dir='ltr'><strong><em>haec</em></strong></span> <span class='ocrx_word' id='word_1_54' title='bbox 2683 798 2920 882; x_wconf 81' lang='lat' dir='ltr'><strong><em>placita</em></strong></span> 
     </span>
     <span class='ocr_line' id='line_1_16' title="bbox 710 903 2918 975; baseline -0.002 -4"><span class='ocrx_word' id='word_1_55' title='bbox 710 909 1070 972; x_wconf 79' lang='lat' dir='ltr'><strong><em>cardinalis</em></strong></span> <span class='ocrx_word' id='word_1_56' title='bbox 1119 916 1291 972; x_wconf 84' lang='lat' dir='ltr'><strong><em>sunt.</em></strong></span> <span class='ocrx_word' id='word_1_57' title='bbox 1403 908 1566 975; x_wconf 81' lang='lat' dir='ltr'><strong><em>Quis</em></strong></span> <span class='ocrx_word' id='word_1_58' title='bbox 1617 908 1884 969; x_wconf 87' lang='lat' dir='ltr'><strong><em>Patrum</em></strong></span> <span class='ocrx_word' id='word_1_59' title='bbox 1930 907 2070 968; x_wconf 88' lang='lat' dir='ltr'><strong><em>haec</em></strong></span> <span class='ocrx_word' id='word_1_60' title='bbox 2121 905 2213 967; x_wconf 86' lang='lat' dir='ltr'><strong><em>ita</em></strong></span> <span class='ocrx_word' id='word_1_61' title='bbox 2259 905 2526 967; x_wconf 80' lang='lat' dir='ltr'><strong><em>asserit?</em></strong></span> <span class='ocrx_word' id='word_1_62' title='bbox 2575 903 2689 967; x_wconf 92' lang='lat' dir='ltr'><strong><em>ubi</em></strong></span> <span class='ocrx_word' id='word_1_63' title='bbox 2730 903 2918 967; x_wconf 84' lang='lat' dir='ltr'><strong><em>nobis</em></strong></span> 
     </span>
     <span class='ocr_line' id='line_1_17' title="bbox 710 1013 1261 1093; baseline 0.004 -20"><span class='ocrx_word' id='word_1_64' title='bbox 710 1013 859 1073; x_wconf 85' lang='lat' dir='ltr'><strong><em>anni</em></strong></span> <span class='ocrx_word' id='word_1_65' title='bbox 889 1013 1208 1093; x_wconf 71' lang='lat' dir='ltr'><strong><em>quinyenti</em></strong></span> <span class='ocrx_word' id='word_1_66' title='bbox 1229 1014 1261 1075; x_wconf 83' lang='lat'><em>?</em></span> 
     </span>
    </p>
   </div>
   <div class='ocr_carea' id='block_1_7' title="bbox 774 1149 2919 1218">
    <p class='ocr_par' dir='ltr' id='par_1_7' title="bbox 774 1149 2919 1218">
     <span class='ocr_line' id='line_1_18' title="bbox 774 1149 2919 1218; baseline -0.002 -15"><span class='ocrx_word' id='word_1_67' title='bbox 774 1153 992 1204; x_wconf 78' lang='lat' dir='ltr'><strong>Proinde</strong></span> <span class='ocrx_word' id='word_1_68' title='bbox 1031 1155 1411 1205; x_wconf 75' lang='lat' dir='ltr'><strong>Sacramentum</strong></span> <span class='ocrx_word' id='word_1_69' title='bbox 1448 1155 1541 1205; x_wconf 84' lang='lat' dir='ltr'><strong><em>sub</em></strong></span> <span class='ocrx_word' id='word_1_70' title='bbox 1575 1155 1741 1218; x_wconf 84' lang='lat' dir='ltr'><strong><em>specie</em></strong></span> <span class='ocrx_word' id='word_1_71' title='bbox 1776 1153 1936 1216; x_wconf 84' lang='lat' dir='ltr'><strong><em>panis,</em></strong></span> <span class='ocrx_word' id='word_1_72' title='bbox 1960 1156 2038 1201; x_wconf 83' lang='lat' dir='ltr'><strong><em>est</em></strong></span> <span class='ocrx_word' id='word_1_73' title='bbox 2071 1166 2248 1200; x_wconf 79' lang='lat' dir='ltr'><strong><em>verum</em></strong></span> <span class='ocrx_word' id='word_1_74' title='bbox 2279 1154 2428 1213; x_wconf 79' lang='lat' dir='ltr'><strong><em>atque</em></strong></span> <span class='ocrx_word' id='word_1_75' title='bbox 2462 1150 2718 1212; x_wconf 75' lang='lat' dir='ltr'><strong><em>integrum</em></strong></span> <span class='ocrx_word' id='word_1_76' title='bbox 2750 1149 2919 1199; x_wconf 78' lang='lat' dir='ltr'><strong><em>Sacra-</em></strong></span> 
     </span>
    </p>
   </div>
   <div class='ocr_carea' id='block_1_8' title="bbox 836 1233 2918 1377">
    <p class='ocr_par' dir='ltr' id='par_1_8' title="bbox 836 1233 2918 1377">
     <span class='ocr_line' id='line_1_19' title="bbox 838 1233 2917 1299; baseline -0.002 -13"><span class='ocrx_word' id='word_1_77' title='bbox 838 1241 1085 1296; x_wconf 79' lang='lat' dir='ltr'><strong><em>mentum,</em></strong></span> <span class='ocrx_word' id='word_1_78' title='bbox 1111 1244 1163 1287; x_wconf 83' lang='lat' dir='ltr'><strong><em>et</em></strong></span> <span class='ocrx_word' id='word_1_79' title='bbox 1202 1239 1585 1288; x_wconf 79' lang='lat' dir='ltr'><strong>Sacramentum</strong></span> <span class='ocrx_word' id='word_1_80' title='bbox 1619 1237 1713 1285; x_wconf 89' lang='lat' dir='ltr'><strong><em>sub</em></strong></span> <span class='ocrx_word' id='word_1_81' title='bbox 1748 1236 1912 1299; x_wconf 79' lang='lat' dir='ltr'><strong><em>speeie</em></strong></span> <span class='ocrx_word' id='word_1_82' title='bbox 1941 1234 2065 1292; x_wconf 80' lang='lat' dir='ltr'><strong><em>vini,</em></strong></span> <span class='ocrx_word' id='word_1_83' title='bbox 2088 1248 2262 1283; x_wconf 79' lang='lat' dir='ltr'><strong><em>verum</em></strong></span> <span class='ocrx_word' id='word_1_84' title='bbox 2295 1238 2446 1295; x_wconf 78' lang='lat' dir='ltr'><strong><em>atque</em></strong></span> <span class='ocrx_word' id='word_1_85' title='bbox 2468 1233 2727 1294; x_wconf 83' lang='lat' dir='ltr'><strong><em>integrum</em></strong></span> <span class='ocrx_word' id='word_1_86' title='bbox 2751 1233 2917 1282; x_wconf 83' lang='lat' dir='ltr'><strong><em>Sacra-</em></strong></span> 
     </span>
     <span class='ocr_line' id='line_1_20' title="bbox 836 1313 2918 1377; baseline -0.002 -10"><span class='ocrx_word' id='word_1_87' title='bbox 836 1324 1066 1368; x_wconf 82' lang='lat' dir='ltr'><strong>mentum</strong></span> <span class='ocrx_word' id='word_1_88' title='bbox 1088 1324 1178 1368; x_wconf 83' lang='lat' dir='ltr'><strong><em>est.</em></strong></span> <span class='ocrx_word' id='word_1_89' title='bbox 1250 1320 1298 1369; x_wconf 87' lang='lat' dir='ltr'>N</span> <span class='ocrx_word' id='word_1_90' title='bbox 1304 1337 1359 1370; x_wconf 87' lang='lat' dir='ltr'><strong><em>ee</em></strong></span> <span class='ocrx_word' id='word_1_91' title='bbox 1381 1325 1551 1369; x_wconf 81' lang='lat' dir='ltr'><strong><em>tamen</em></strong></span> <span class='ocrx_word' id='word_1_92' title='bbox 1586 1321 1706 1367; x_wconf 83' lang='lat' dir='ltr'><strong><em>sunt</em></strong></span> <span class='ocrx_word' id='word_1_93' title='bbox 1739 1317 1838 1365; x_wconf 89' lang='lat' dir='ltr'><strong><em>duo</em></strong></span> <span class='ocrx_word' id='word_1_94' title='bbox 1866 1315 2204 1374; x_wconf 78' lang='lat' dir='ltr'><strong><em>Sacramenta,</em></strong></span> <span class='ocrx_word' id='word_1_95' title='bbox 2228 1313 2426 1377; x_wconf 81' lang='lat' dir='ltr'><strong><em>quando</em></strong></span> <span class='ocrx_word' id='word_1_96' title='bbox 2459 1314 2610 1362; x_wconf 86' lang='lat' dir='ltr'><strong><em>simul</em></strong></span> <span class='ocrx_word' id='word_1_97' title='bbox 2646 1319 2918 1362; x_wconf 81' lang='lat' dir='ltr'><strong><em>sumuntur</em></strong></span> 
     </span>
    </p>
   </div>
   <div class='ocr_carea' id='block_1_9' title="bbox 835 1394 2914 1544">
    <p class='ocr_par' dir='ltr' id='par_1_9' title="bbox 835 1394 2914 1544">
     <span class='ocr_line' id='line_1_21' title="bbox 836 1394 2914 1463; baseline -0.002 -15"><span class='ocrx_word' id='word_1_98' title='bbox 836 1414 927 1462; x_wconf 86' lang='lat' dir='ltr'><strong><em>per</em></strong></span> <span class='ocrx_word' id='word_1_99' title='bbox 956 1401 1163 1450; x_wconf 90' lang='lat' dir='ltr'><strong><em>modum</em></strong></span> <span class='ocrx_word' id='word_1_100' title='bbox 1188 1402 1338 1450; x_wconf 86' lang='lat' dir='ltr'><strong><em>unius</em></strong></span> <span class='ocrx_word' id='word_1_101' title='bbox 1361 1398 1885 1463; x_wconf 82' lang='lat' dir='ltr'><strong><em>refectionis.—[Bell.</em></strong></span> <span class='ocrx_word' id='word_1_102' title='bbox 1911 1396 2058 1460; x_wconf 88' lang='lat' dir='ltr'><strong>Apol.</strong></span> <span class='ocrx_word' id='word_1_103' title='bbox 2089 1411 2182 1460; x_wconf 88' lang='lat' dir='ltr'><strong><em>pro</em></strong></span> <span class='ocrx_word' id='word_1_104' title='bbox 2205 1396 2379 1459; x_wconf 61' lang='lat' dir='ltr'><strong><em>Resp]</em></strong></span> <span class='ocrx_word' id='word_1_105' title='bbox 2418 1411 2465 1458; x_wconf 86' lang='lat' dir='ltr'><strong><em>p.</em></strong></span> <span class='ocrx_word' id='word_1_106' title='bbox 2496 1398 2600 1444; x_wconf 84' lang='lat'>102.</span> <span class='ocrx_word' id='word_1_107' title='bbox 2628 1394 2769 1460; x_wconf 87' lang='lat' dir='ltr'><strong><em>[op.,</em></strong></span> <span class='ocrx_word' id='word_1_108' title='bbox 2792 1400 2914 1444; x_wconf 79' lang='lat' dir='ltr'><strong><em>tom.</em></strong></span> 
     </span>
     <span class='ocr_line' id='line_1_22' title="bbox 835 1481 1287 1544; baseline 0.004 -16"><span class='ocrx_word' id='word_1_109' title='bbox 835 1481 920 1529; x_wconf 74' lang='lat' dir='ltr'><strong><em>vii.</em></strong></span> <span class='ocrx_word' id='word_1_110' title='bbox 947 1482 1039 1531; x_wconf 87' lang='lat' dir='ltr'><strong><em>col.</em></strong></span> <span class='ocrx_word' id='word_1_111' title='bbox 1065 1483 1175 1533; x_wconf 75' lang='lat'>761.</span> <span class='ocrx_word' id='word_1_112' title='bbox 1203 1481 1287 1544; x_wconf 95' lang='lat' dir='ltr'><strong><em>D.]</em></strong></span> 
     </span>
    </p>
   </div>
   <div class='ocr_carea' id='block_1_10' title="bbox 704 1593 2918 4361">
    <p class='ocr_par' dir='ltr' id='par_1_10' title="bbox 704 1593 2918 3946">
     <span class='ocr_line' id='line_1_23' title="bbox 792 1593 2914 1679; baseline -0.002 -20"><span class='ocrx_word' id='word_1_113' title='bbox 792 1597 1047 1660; x_wconf 86' lang='lat' dir='ltr'><strong><em>Novam</em></strong></span> <span class='ocrx_word' id='word_1_114' title='bbox 1098 1619 1247 1661; x_wconf 84' lang='lat' dir='ltr'><strong><em>vero</em></strong></span> <span class='ocrx_word' id='word_1_115' title='bbox 1292 1597 1399 1660; x_wconf 89' lang='lat' dir='ltr'><strong><em>hic</em></strong></span> <span class='ocrx_word' id='word_1_116' title='bbox 1449 1619 1589 1660; x_wconf 91' lang='lat' dir='ltr'><strong><em>rem</em></strong></span> <span class='ocrx_word' id='word_1_117' title='bbox 1633 1595 2024 1679; x_wconf 83' lang='lat' dir='ltr'>aggreditur,</span> <span class='ocrx_word' id='word_1_118' title='bbox 2061 1616 2144 1657; x_wconf 92' lang='lat' dir='ltr'><strong><em>ne</em></strong></span> <span class='ocrx_word' id='word_1_119' title='bbox 2189 1615 2290 1656; x_wconf 89' lang='lat' dir='ltr'><strong><em>res</em></strong></span> <span class='ocrx_word' id='word_1_120' title='bbox 2333 1614 2500 1656; x_wconf 84' lang='lat' dir='ltr'><strong><em>nova</em></strong></span> <span class='ocrx_word' id='word_1_121' title='bbox 2545 1593 2630 1655; x_wconf 87' lang='lat' dir='ltr'><strong><em>sit</em></strong></span> <span class='ocrx_word' id='word_1_122' title='bbox 2676 1594 2914 1673; x_wconf 69' lang='lat' dir='ltr'><strong><em>species</em></strong></span> 
     </span>
     <span class='ocr_line' id='line_1_24' title="bbox 704 1695 2907 1780; baseline -0.002 -20"><span class='ocrx_word' id='word_1_123' title='bbox 704 1700 910 1762; x_wconf 81' lang='lat' dir='ltr'><strong><em>unica.</em></strong></span> <span class='ocrx_word' id='word_1_124' title='bbox 1007 1700 1135 1762; x_wconf 85' lang='lat' dir='ltr'><strong><em>Sub</em></strong></span> <span class='ocrx_word' id='word_1_125' title='bbox 1179 1701 1383 1780; x_wconf 66' lang='lat' dir='ltr'><strong><em>specie</em></strong></span> <span class='ocrx_word' id='word_1_126' title='bbox 1426 1700 1600 1763; x_wconf 90' lang='lat' dir='ltr'><strong><em>enim</em></strong></span> <span class='ocrx_word' id='word_1_127' title='bbox 1636 1699 1848 1780; x_wconf 72' lang='lat' dir='ltr'><strong><em>panis,</em></strong></span> <span class='ocrx_word' id='word_1_128' title='bbox 1894 1699 2205 1779; x_wconf 67' lang='lat' dir='ltr'><strong><em>intem-um</em></strong></span> <span class='ocrx_word' id='word_1_129' title='bbox 2249 1696 2345 1757; x_wconf 74' lang='lat' dir='ltr'><strong><em>illi</em></strong></span> <span class='ocrx_word' id='word_1_130' title='bbox 2391 1695 2864 1758; x_wconf 80' lang='lat' dir='ltr'><strong><em>Sacramentum</em></strong></span> <span class='ocrx_word' id='word_1_131' title='bbox 2887 1723 2907 1756; x_wconf 88' lang='lat'><strong><em>.-</em></strong></span> 
     </span>
     <span class='ocr_line' id='line_1_25' title="bbox 704 1798 2907 1883; baseline -0 -21"><span class='ocrx_word' id='word_1_132' title='bbox 704 1801 817 1862; x_wconf 58' lang='lat' dir='ltr'><strong><em>.rub</em></strong></span> <span class='ocrx_word' id='word_1_133' title='bbox 846 1803 1046 1882; x_wconf 66' lang='lat' dir='ltr'><strong><em>specie</em></strong></span> <span class='ocrx_word' id='word_1_134' title='bbox 1075 1804 1203 1864; x_wconf 80' lang='lat' dir='ltr'><strong><em>vini</em></strong></span> <span class='ocrx_word' id='word_1_135' title='bbox 1233 1803 1461 1866; x_wconf 86' lang='lat' dir='ltr'><strong><em>itidem</em></strong></span> <span class='ocrx_word' id='word_1_136' title='bbox 1486 1804 1793 1883; x_wconf 73' lang='lat' dir='ltr'><strong><em>inteyrum</em></strong></span> <span class='ocrx_word' id='word_1_137' title='bbox 1819 1802 2330 1864; x_wconf 87' lang='lat' dir='ltr'><strong><em>Sacramentum:</em></strong></span> <span class='ocrx_word' id='word_1_138' title='bbox 2364 1798 2505 1860; x_wconf 90' lang='lat' dir='ltr'><strong><em>Duo</em></strong></span> <span class='ocrx_word' id='word_1_139' title='bbox 2525 1805 2745 1860; x_wconf 90' lang='lat' dir='ltr'><strong><em>tamen</em></strong></span> <span class='ocrx_word' id='word_1_140' title='bbox 2768 1798 2907 1861; x_wconf 86' lang='lat' dir='ltr'><strong><em>haec</em></strong></span> 
     </span>
     <span class='ocr_line' id='line_1_26' title="bbox 705 1901 2909 1985; baseline 0 -21"><span class='ocrx_word' id='word_1_141' title='bbox 705 1904 950 1984; x_wconf 73' lang='lat' dir='ltr'><strong><em>inteqra</em></strong></span> <span class='ocrx_word' id='word_1_142' title='bbox 999 1906 1432 1982; x_wconf 81' lang='lat' dir='ltr'><strong><em>Sacramenta,</em></strong></span> <span class='ocrx_word' id='word_1_143' title='bbox 1476 1906 1597 1967; x_wconf 86' lang='lat' dir='ltr'><strong><em>duo</em></strong></span> <span class='ocrx_word' id='word_1_144' title='bbox 1641 1906 1887 1985; x_wconf 75' lang='lat' dir='ltr'><strong><em>inteyra</em></strong></span> <span class='ocrx_word' id='word_1_145' title='bbox 1935 1924 2068 1966; x_wconf 92' lang='lat' dir='ltr'><strong><em>non</em></strong></span> <span class='ocrx_word' id='word_1_146' title='bbox 2115 1907 2269 1964; x_wconf 84' lang='lat' dir='ltr'><strong><em>sunt</em></strong></span> <span class='ocrx_word' id='word_1_147' title='bbox 2312 1901 2744 1978; x_wconf 81' lang='lat' dir='ltr'><strong><em>Sacramenta,</em></strong></span> <span class='ocrx_word' id='word_1_148' title='bbox 2795 1902 2909 1965; x_wconf 86' lang='lat' dir='ltr'><strong><em>sed</em></strong></span> 
     </span>
     <span class='ocr_line' id='line_1_27' title="bbox 704 2005 2916 2098; baseline -0 -31"><span class='ocrx_word' id='word_1_149' title='bbox 704 2027 891 2068; x_wconf 86' lang='lat' dir='ltr'><strong><em>unum</em></strong></span> <span class='ocrx_word' id='word_1_150' title='bbox 950 2009 1257 2089; x_wconf 67' lang='lat' dir='ltr'><strong><em>itateyrurn</em></strong></span> <span class='ocrx_word' id='word_1_151' title='bbox 1335 2008 1843 2071; x_wconf 82' lang='lat' dir='ltr'><strong><em>Sacramentum.</em></strong></span> <span class='ocrx_word' id='word_1_152' title='bbox 1968 2005 2169 2071; x_wconf 81' lang='lat' dir='ltr'><strong><em>Quasi</em></strong></span> <span class='ocrx_word' id='word_1_153' title='bbox 2231 2025 2469 2067; x_wconf 83' lang='lat' dir='ltr'><strong><em>novum</em></strong></span> <span class='ocrx_word' id='word_1_154' title='bbox 2528 2005 2916 2098; x_wconf 70' lang='lat' dir='ltr'><strong><em>mysterium</em></strong></span> 
     </span>
     <span class='ocr_line' id='line_1_28' title="bbox 704 2108 2912 2189; baseline -0.001 -15"><span class='ocrx_word' id='word_1_155' title='bbox 704 2109 957 2174; x_wconf 79' lang='lat' dir='ltr'><strong><em>videtur</em></strong></span> <span class='ocrx_word' id='word_1_156' title='bbox 987 2111 1092 2174; x_wconf 91' lang='lat' dir='ltr'><strong><em>hic</em></strong></span> <span class='ocrx_word' id='word_1_157' title='bbox 1137 2111 1452 2189; x_wconf 87' lang='lat' dir='ltr'><strong><em>meditari,</em></strong></span> <span class='ocrx_word' id='word_1_158' title='bbox 1485 2112 1774 2173; x_wconf 72' lang='lat' dir='ltr'><strong><em>binitatis</em></strong></span> <span class='ocrx_word' id='word_1_159' title='bbox 1817 2110 1888 2173; x_wconf 90' lang='lat' dir='ltr'><strong><em>in</em></strong></span> <span class='ocrx_word' id='word_1_160' title='bbox 1931 2110 2202 2187; x_wconf 83' lang='lat' dir='ltr'><strong><em>unitate,</em></strong></span> <span class='ocrx_word' id='word_1_161' title='bbox 2236 2115 2302 2171; x_wconf 86' lang='lat' dir='ltr'><strong><em>et</em></strong></span> <span class='ocrx_word' id='word_1_162' title='bbox 2331 2109 2598 2170; x_wconf 72' lang='lat' dir='ltr'><strong><em>unitatis</em></strong></span> <span class='ocrx_word' id='word_1_163' title='bbox 2640 2108 2710 2171; x_wconf 92' lang='lat' dir='ltr'><strong><em>in</em></strong></span> <span class='ocrx_word' id='word_1_164' title='bbox 2741 2108 2912 2171; x_wconf 89' lang='lat' dir='ltr'><strong><em>bini-</em></strong></span> 
     </span>
     <span class='ocr_line' id='line_1_29' title="bbox 704 2213 2910 2298; baseline -0.001 -22"><span class='ocrx_word' id='word_1_165' title='bbox 704 2221 858 2276; x_wconf 86' lang='lat' dir='ltr'><strong><em>tate.</em></strong></span> <span class='ocrx_word' id='word_1_166' title='bbox 934 2215 1096 2291; x_wconf 91' lang='lat' dir='ltr'><strong><em>Imo,</em></strong></span> <span class='ocrx_word' id='word_1_167' title='bbox 1131 2215 1301 2296; x_wconf 91' lang='lat' dir='ltr'><strong><em>quod</em></strong></span> <span class='ocrx_word' id='word_1_168' title='bbox 1332 2215 1538 2298; x_wconf 86' lang='lat' dir='ltr'><strong><em>magis</em></strong></span> <span class='ocrx_word' id='word_1_169' title='bbox 1568 2215 1823 2289; x_wconf 86' lang='lat' dir='ltr'><strong><em>mirere,</em></strong></span> <span class='ocrx_word' id='word_1_170' title='bbox 1855 2213 1967 2276; x_wconf 68' lang='lat' dir='ltr'><strong><em>sub</em></strong></span> <span class='ocrx_word' id='word_1_171' title='bbox 1995 2214 2197 2294; x_wconf 72' lang='lat' dir='ltr'><strong><em>specie</em></strong></span> <span class='ocrx_word' id='word_1_172' title='bbox 2211 2213 2407 2293; x_wconf 76' lang='lat' dir='ltr'><strong><em>panis</em></strong></span> <span class='ocrx_word' id='word_1_173' title='bbox 2439 2213 2910 2275; x_wconf 80' lang='lat' dir='ltr'><strong><em>Sacramentum</em></strong></span> 
     </span>
     <span class='ocr_line' id='line_1_30' title="bbox 705 2315 2912 2398; baseline -0.001 -20"><span class='ocrx_word' id='word_1_174' title='bbox 705 2323 815 2394; x_wconf 74' lang='lat' dir='ltr'><strong><em>est,</em></strong></span> <span class='ocrx_word' id='word_1_175' title='bbox 848 2317 959 2379; x_wconf 68' lang='lat' dir='ltr'><strong><em>cub</em></strong></span> <span class='ocrx_word' id='word_1_176' title='bbox 988 2319 1190 2398; x_wconf 72' lang='lat' dir='ltr'><strong><em>specie</em></strong></span> <span class='ocrx_word' id='word_1_177' title='bbox 1218 2318 1369 2395; x_wconf 83' lang='lat' dir='ltr'><strong><em>vini,</em></strong></span> <span class='ocrx_word' id='word_1_178' title='bbox 1401 2318 1619 2380; x_wconf 84' lang='lat' dir='ltr'><strong><em>itidem</em></strong></span> <span class='ocrx_word' id='word_1_179' title='bbox 1653 2318 2165 2379; x_wconf 87' lang='lat' dir='ltr'><strong><em>Sacramentum:</em></strong></span> <span class='ocrx_word' id='word_1_180' title='bbox 2214 2336 2325 2377; x_wconf 86' lang='lat' dir='ltr'><strong><em>nec</em></strong></span> <span class='ocrx_word' id='word_1_181' title='bbox 2367 2321 2572 2377; x_wconf 84' lang='lat' dir='ltr'><strong><em>tamen</em></strong></span> <span class='ocrx_word' id='word_1_182' title='bbox 2605 2315 2724 2377; x_wconf 88' lang='lat' dir='ltr'><strong><em>duo</em></strong></span> <span class='ocrx_word' id='word_1_183' title='bbox 2763 2322 2912 2377; x_wconf 73' lang='lat' dir='ltr'><strong><em>sunt</em></strong></span> 
     </span>
     <span class='ocr_line' id='line_1_31' title="bbox 709 2418 2912 2501; baseline 0 -19"><span class='ocrx_word' id='word_1_184' title='bbox 709 2421 1137 2499; x_wconf 80' lang='lat' dir='ltr'><strong><em>Sacramenta,</em></strong></span> <span class='ocrx_word' id='word_1_185' title='bbox 1170 2428 1236 2484; x_wconf 87' lang='lat' dir='ltr'><strong><em>et</em></strong></span> <span class='ocrx_word' id='word_1_186' title='bbox 1279 2427 1501 2484; x_wconf 85' lang='lat' dir='ltr'><strong><em>tamen</em></strong></span> <span class='ocrx_word' id='word_1_187' title='bbox 1546 2421 1666 2484; x_wconf 87' lang='lat' dir='ltr'><strong><em>duo</em></strong></span> <span class='ocrx_word' id='word_1_188' title='bbox 1712 2427 1864 2484; x_wconf 86' lang='lat' dir='ltr'><strong><em>sunt</em></strong></span> <span class='ocrx_word' id='word_1_189' title='bbox 1898 2420 2323 2483; x_wconf 83' lang='lat' dir='ltr'><strong><em>Sacramenta.</em></strong></span> <span class='ocrx_word' id='word_1_190' title='bbox 2414 2418 2572 2481; x_wconf 87' lang='lat' dir='ltr'><strong><em>Non</em></strong></span> <span class='ocrx_word' id='word_1_191' title='bbox 2617 2425 2713 2481; x_wconf 85' lang='lat' dir='ltr'><strong><em>est</em></strong></span> <span class='ocrx_word' id='word_1_192' title='bbox 2756 2439 2912 2501; x_wconf 85' lang='lat' dir='ltr'><strong><em>ergo</em></strong></span> 
     </span>
     <span class='ocr_line' id='line_1_32' title="bbox 708 2522 2911 2600; baseline -0.002 -13"><span class='ocrx_word' id='word_1_193' title='bbox 708 2524 846 2587; x_wconf 85' lang='lat' dir='ltr'><strong><em>haec</em></strong></span> <span class='ocrx_word' id='word_1_194' title='bbox 874 2546 1059 2588; x_wconf 72' lang='lat' dir='ltr'><strong><em>sacra</em></strong></span> <span class='ocrx_word' id='word_1_195' title='bbox 1105 2532 1165 2587; x_wconf 88' lang='lat' dir='ltr'><strong><em>et</em></strong></span> <span class='ocrx_word' id='word_1_196' title='bbox 1208 2526 1535 2587; x_wconf 79' lang='lat' dir='ltr'><strong><em>individua</em></strong></span> <span class='ocrx_word' id='word_1_197' title='bbox 1582 2525 1832 2587; x_wconf 76' lang='lat' dir='ltr'><strong><em>binitas.</em></strong></span> <span class='ocrx_word' id='word_1_198' title='bbox 1921 2523 2064 2585; x_wconf 90' lang='lat' dir='ltr'><strong><em>Duo</em></strong></span> <span class='ocrx_word' id='word_1_199' title='bbox 2096 2544 2218 2585; x_wconf 88' lang='lat' dir='ltr'><strong><em>non</em></strong></span> <span class='ocrx_word' id='word_1_200' title='bbox 2246 2527 2410 2599; x_wconf 71' lang='lat' dir='ltr'><strong><em>sunt,</em></strong></span> <span class='ocrx_word' id='word_1_201' title='bbox 2444 2522 2557 2585; x_wconf 88' lang='lat' dir='ltr'><strong><em>sed</em></strong></span> <span class='ocrx_word' id='word_1_202' title='bbox 2596 2544 2822 2600; x_wconf 89' lang='lat' dir='ltr'><strong><em>unum,</em></strong></span> <span class='ocrx_word' id='word_1_203' title='bbox 2853 2522 2911 2584; x_wconf 92' lang='lat' dir='ltr'><strong><em>si</em></strong></span> 
     </span>
     <span class='ocr_line' id='line_1_33' title="bbox 708 2624 2909 2710; baseline -0 -22"><span class='ocrx_word' id='word_1_204' title='bbox 708 2625 972 2691; x_wconf 85' lang='lat' dir='ltr'><strong><em>festinet</em></strong></span> <span class='ocrx_word' id='word_1_205' title='bbox 1004 2629 1165 2710; x_wconf 76' lang='lat' dir='ltr'><strong><em>quia,</em></strong></span> <span class='ocrx_word' id='word_1_206' title='bbox 1186 2630 1243 2691; x_wconf 75' lang='lat' dir='ltr'><strong><em>si</em></strong></span> <span class='ocrx_word' id='word_1_207' title='bbox 1273 2630 1461 2691; x_wconf 77' lang='lat' dir='ltr'><strong><em>simul</em></strong></span> <span class='ocrx_word' id='word_1_208' title='bbox 1488 2628 1673 2690; x_wconf 83' lang='lat' dir='ltr'><strong><em>unica</em></strong></span> <span class='ocrx_word' id='word_1_209' title='bbox 1705 2624 2034 2707; x_wconf 83' lang='lat' dir='ltr'><strong><em>resectione</em></strong></span> <span class='ocrx_word' id='word_1_210' title='bbox 2061 2630 2306 2697; x_wconf 51' lang='lat' dir='ltr'><strong><em>suman</em></strong></span> <span class='ocrx_word' id='word_1_211' title='bbox 2337 2647 2543 2687; x_wconf 86' lang='lat' dir='ltr'><strong><em>unum</em></strong></span> <span class='ocrx_word' id='word_1_212' title='bbox 2573 2646 2706 2687; x_wconf 92' lang='lat' dir='ltr'><strong><em>non</em></strong></span> <span class='ocrx_word' id='word_1_213' title='bbox 2735 2633 2909 2701; x_wconf 88' lang='lat' dir='ltr'><strong><em>sunt,</em></strong></span> 
     </span>
     <span class='ocr_line' id='line_1_34' title="bbox 709 2727 2909 2808; baseline -0.001 -16"><span class='ocrx_word' id='word_1_214' title='bbox 709 2730 820 2793; x_wconf 89' lang='lat' dir='ltr'><strong><em>sed</em></strong></span> <span class='ocrx_word' id='word_1_215' title='bbox 852 2730 999 2808; x_wconf 89' lang='lat' dir='ltr'><strong><em>du0,</em></strong></span> <span class='ocrx_word' id='word_1_216' title='bbox 1034 2732 1086 2793; x_wconf 92' lang='lat' dir='ltr'><strong><em>si</em></strong></span> <span class='ocrx_word' id='word_1_217' title='bbox 1119 2752 1365 2794; x_wconf 91' lang='lat' dir='ltr'><strong><em>moram</em></strong></span> <span class='ocrx_word' id='word_1_218' title='bbox 1397 2730 1640 2808; x_wconf 88' lang='lat' dir='ltr'><strong><em>fecerit,</em></strong></span> <span class='ocrx_word' id='word_1_219' title='bbox 1674 2729 1728 2792; x_wconf 91' lang='lat' dir='ltr'><strong><em>si</em></strong></span> <span class='ocrx_word' id='word_1_220' title='bbox 1760 2728 2007 2791; x_wconf 89' lang='lat' dir='ltr'><strong><em>duabus</em></strong></span> <span class='ocrx_word' id='word_1_221' title='bbox 2037 2727 2280 2791; x_wconf 84' lang='lat' dir='ltr'><strong><em>vicibus</em></strong></span> <span class='ocrx_word' id='word_1_222' title='bbox 2317 2728 2398 2791; x_wconf 90' lang='lat' dir='ltr'><strong><em>ab</em></strong></span> <span class='ocrx_word' id='word_1_223' title='bbox 2434 2749 2568 2790; x_wconf 89' lang='lat' dir='ltr'><strong><em>uno</em></strong></span> <span class='ocrx_word' id='word_1_224' title='bbox 2598 2738 2909 2804; x_wconf 80' lang='lat' dir='ltr'><strong><em>sumatur,</em></strong></span> 
     </span>
     <span class='ocr_line' id='line_1_35' title="bbox 707 2831 2910 2914; baseline 0 -20"><span class='ocrx_word' id='word_1_225' title='bbox 707 2833 808 2895; x_wconf 85' lang='lat' dir='ltr'><strong><em>vel</em></strong></span> <span class='ocrx_word' id='word_1_226' title='bbox 829 2855 963 2896; x_wconf 88' lang='lat' dir='ltr'><strong><em>una</em></strong></span> <span class='ocrx_word' id='word_1_227' title='bbox 994 2856 1031 2897; x_wconf 90' lang='lat' dir='ltr'><strong><em>a</em></strong></span> <span class='ocrx_word' id='word_1_228' title='bbox 1060 2835 1334 2898; x_wconf 82' lang='lat' dir='ltr'><strong><em>duobus.</em></strong></span> <span class='ocrx_word' id='word_1_229' title='bbox 1399 2833 1679 2899; x_wconf 79' lang='lat' dir='ltr'><strong><em>Quando</em></strong></span> <span class='ocrx_word' id='word_1_230' title='bbox 1710 2833 1902 2895; x_wconf 90' lang='lat' dir='ltr'><strong><em>simul</em></strong></span> <span class='ocrx_word' id='word_1_231' title='bbox 1932 2840 2298 2909; x_wconf 89' lang='lat' dir='ltr'><strong><em>sumuntur,</em></strong></span> <span class='ocrx_word' id='word_1_232' title='bbox 2320 2831 2464 2894; x_wconf 83' lang='lat' dir='ltr'><strong><em>duae</em></strong></span> <span class='ocrx_word' id='word_1_233' title='bbox 2492 2839 2706 2914; x_wconf 86' lang='lat' dir='ltr'><strong><em>partes</em></strong></span> <span class='ocrx_word' id='word_1_234' title='bbox 2737 2840 2910 2909; x_wconf 87' lang='lat' dir='ltr'><strong><em>sunt,</em></strong></span> 
     </span>
     <span class='ocr_line' id='line_1_36' title="bbox 708 2935 2914 3019; baseline -0 -21"><span class='ocrx_word' id='word_1_235' title='bbox 708 2944 1013 2999; x_wconf 86' lang='lat' dir='ltr'><strong><em>neutrum</em></strong></span> <span class='ocrx_word' id='word_1_236' title='bbox 1061 2937 1424 3019; x_wconf 87' lang='lat' dir='ltr'><strong><em>integrum:</em></strong></span> <span class='ocrx_word' id='word_1_237' title='bbox 1493 2935 1771 3003; x_wconf 73' lang='lat' dir='ltr'><strong><em>Quando</em></strong></span> <span class='ocrx_word' id='word_1_238' title='bbox 1824 2935 2108 3011; x_wconf 84' lang='lat' dir='ltr'><strong><em>seorsim,</em></strong></span> <span class='ocrx_word' id='word_1_239' title='bbox 2159 2935 2279 2996; x_wconf 88' lang='lat' dir='ltr'><strong><em>duo</em></strong></span> <span class='ocrx_word' id='word_1_240' title='bbox 2331 2936 2576 3016; x_wconf 72' lang='lat' dir='ltr'><strong><em>inteyra</em></strong></span> <span class='ocrx_word' id='word_1_241' title='bbox 2598 2961 2616 2996; x_wconf 85' lang='lat'><strong><em>.·</em></strong></span> <span class='ocrx_word' id='word_1_242' title='bbox 2681 2942 2914 2997; x_wconf 88' lang='lat' dir='ltr'><strong><em>neutra</em></strong></span> 
     </span>
     <span class='ocr_line' id='line_1_37' title="bbox 708 3037 2910 3123; baseline 0 -24"><span class='ocrx_word' id='word_1_243' title='bbox 708 3058 857 3101; x_wconf 82' lang='lat' dir='ltr'><strong><em>vero</em></strong></span> <span class='ocrx_word' id='word_1_244' title='bbox 887 3059 1032 3120; x_wconf 85' lang='lat' dir='ltr'><strong><em>pars</em></strong></span> <span class='ocrx_word' id='word_1_245' title='bbox 1063 3047 1178 3117; x_wconf 90' lang='lat' dir='ltr'><strong><em>est,</em></strong></span> <span class='ocrx_word' id='word_1_246' title='bbox 1213 3038 1325 3102; x_wconf 86' lang='lat' dir='ltr'><strong><em>sed</em></strong></span> <span class='ocrx_word' id='word_1_247' title='bbox 1355 3060 1503 3121; x_wconf 88' lang='lat' dir='ltr'><strong><em>pars</em></strong></span> <span class='ocrx_word' id='word_1_248' title='bbox 1541 3040 1679 3123; x_wconf 89' lang='lat' dir='ltr'><strong><em>jam</em></strong></span> <span class='ocrx_word' id='word_1_249' title='bbox 1714 3039 1837 3101; x_wconf 82' lang='lat' dir='ltr'><strong><em>toti</em></strong></span> <span class='ocrx_word' id='word_1_250' title='bbox 1881 3037 2159 3121; x_wconf 65' lang='lat' dir='ltr'><strong><em>aequalis,</em></strong></span> <span class='ocrx_word' id='word_1_251' title='bbox 2250 3038 2661 3101; x_wconf 83' lang='lat' dir='ltr'><strong><em>Tantundem</em></strong></span> <span class='ocrx_word' id='word_1_252' title='bbox 2693 3038 2910 3115; x_wconf 87' lang='lat' dir='ltr'><strong><em>sumit,</em></strong></span> 
     </span>
     <span class='ocr_line' id='line_1_38' title="bbox 710 3140 2913 3224; baseline 0.001 -23"><span class='ocrx_word' id='word_1_253' title='bbox 710 3140 823 3221; x_wconf 90' lang='lat' dir='ltr'><strong><em>qui</em></strong></span> <span class='ocrx_word' id='word_1_254' title='bbox 856 3141 1121 3202; x_wconf 83' lang='lat' dir='ltr'><strong><em>seorsim</em></strong></span> <span class='ocrx_word' id='word_1_255' title='bbox 1153 3142 1549 3220; x_wconf 86' lang='lat' dir='ltr'><strong><em>alterutram,</em></strong></span> <span class='ocrx_word' id='word_1_256' title='bbox 1588 3149 1923 3223; x_wconf 89' lang='lat' dir='ltr'><strong><em>quantum,</em></strong></span> <span class='ocrx_word' id='word_1_257' title='bbox 1958 3141 2066 3224; x_wconf 89' lang='lat' dir='ltr'><strong><em>qui</em></strong></span> <span class='ocrx_word' id='word_1_258' title='bbox 2099 3141 2291 3203; x_wconf 88' lang='lat' dir='ltr'><strong><em>simul</em></strong></span> <span class='ocrx_word' id='word_1_259' title='bbox 2318 3149 2681 3223; x_wconf 85' lang='lat' dir='ltr'><strong><em>utramque.</em></strong></span> <span class='ocrx_word' id='word_1_260' title='bbox 2748 3141 2913 3206; x_wconf 79' lang='lat' dir='ltr'><strong><em>Quis</em></strong></span> 
     </span>
     <span class='ocr_line' id='line_1_39' title="bbox 707 3240 2918 3326; baseline 0.002 -23"><span class='ocrx_word' id='word_1_261' title='bbox 707 3240 829 3304; x_wconf 88' lang='lat' dir='ltr'><strong><em>hoc</em></strong></span> <span class='ocrx_word' id='word_1_262' title='bbox 859 3242 1086 3324; x_wconf 76' lang='lat' dir='ltr'><strong><em>capiat,</em></strong></span> <span class='ocrx_word' id='word_1_263' title='bbox 1120 3263 1325 3321; x_wconf 89' lang='lat' dir='ltr'><strong><em>unum,</em></strong></span> <span class='ocrx_word' id='word_1_264' title='bbox 1350 3264 1473 3305; x_wconf 90' lang='lat' dir='ltr'><strong><em>non</em></strong></span> <span class='ocrx_word' id='word_1_265' title='bbox 1501 3264 1709 3321; x_wconf 87' lang='lat' dir='ltr'><strong><em>unum,</em></strong></span> <span class='ocrx_word' id='word_1_266' title='bbox 1742 3245 1882 3318; x_wconf 79' lang='lat' dir='ltr'><strong><em>dua,</em></strong></span> <span class='ocrx_word' id='word_1_267' title='bbox 1914 3265 2036 3307; x_wconf 87' lang='lat' dir='ltr'><strong><em>non</em></strong></span> <span class='ocrx_word' id='word_1_268' title='bbox 2067 3245 2185 3307; x_wconf 86' lang='lat' dir='ltr'><strong><em>duo</em></strong></span> <span class='ocrx_word' id='word_1_269' title='bbox 2206 3246 2238 3307; x_wconf 69' lang='lat'><strong><em>‚2</em></strong></span> <span class='ocrx_word' id='word_1_270' title='bbox 2282 3245 2424 3307; x_wconf 88' lang='lat' dir='ltr'><strong><em>Duo</em></strong></span> <span class='ocrx_word' id='word_1_271' title='bbox 2456 3245 2700 3326; x_wconf 73' lang='lat' dir='ltr'><strong><em>inteyra</em></strong></span> <span class='ocrx_word' id='word_1_272' title='bbox 2728 3246 2918 3308; x_wconf 74' lang='lat' dir='ltr'><strong><em>simul</em></strong></span> 
     </span>
     <span class='ocr_line' id='line_1_40' title="bbox 705 3346 2914 3426; baseline 0.003 -21"><span class='ocrx_word' id='word_1_273' title='bbox 705 3350 971 3425; x_wconf 71' lang='lat' dir='ltr'><strong><em>sumpta,</em></strong></span> <span class='ocrx_word' id='word_1_274' title='bbox 1004 3366 1135 3407; x_wconf 92' lang='lat' dir='ltr'><strong><em>non</em></strong></span> <span class='ocrx_word' id='word_1_275' title='bbox 1167 3354 1319 3408; x_wconf 91' lang='lat' dir='ltr'><strong><em>sunt</em></strong></span> <span class='ocrx_word' id='word_1_276' title='bbox 1349 3346 1489 3408; x_wconf 79' lang='lat' dir='ltr'><strong><em>duc.</em></strong></span> <span class='ocrx_word' id='word_1_277' title='bbox 1581 3347 1724 3409; x_wconf 88' lang='lat' dir='ltr'><strong><em>Duo</em></strong></span> <span class='ocrx_word' id='word_1_278' title='bbox 1771 3355 1923 3410; x_wconf 85' lang='lat' dir='ltr'><strong><em>sunt</em></strong></span> <span class='ocrx_word' id='word_1_279' title='bbox 1967 3369 2172 3425; x_wconf 87' lang='lat' dir='ltr'><strong><em>unum,</em></strong></span> <span class='ocrx_word' id='word_1_280' title='bbox 2212 3348 2265 3410; x_wconf 92' lang='lat' dir='ltr'><strong><em>si</em></strong></span> <span class='ocrx_word' id='word_1_281' title='bbox 2310 3347 2537 3410; x_wconf 88' lang='lat' dir='ltr'><strong><em>simul:</em></strong></span> <span class='ocrx_word' id='word_1_282' title='bbox 2584 3349 2747 3426; x_wconf 81' lang='lat' dir='ltr'><strong><em>Dua,</em></strong></span> <span class='ocrx_word' id='word_1_283' title='bbox 2780 3370 2914 3411; x_wconf 90' lang='lat' dir='ltr'><strong><em>non</em></strong></span> 
     </span>
     <span class='ocr_line' id='line_1_41' title="bbox 707 3447 2908 3533; baseline 0.002 -24"><span class='ocrx_word' id='word_1_284' title='bbox 707 3455 859 3509; x_wconf 87' lang='lat' dir='ltr'><strong><em>sunt</em></strong></span> <span class='ocrx_word' id='word_1_285' title='bbox 883 3448 1022 3525; x_wconf 78' lang='lat' dir='ltr'><strong><em>duc,</em></strong></span> <span class='ocrx_word' id='word_1_286' title='bbox 1054 3447 1180 3510; x_wconf 89' lang='lat' dir='ltr'><strong><em>nisi</em></strong></span> <span class='ocrx_word' id='word_1_287' title='bbox 1211 3449 1475 3512; x_wconf 85' lang='lat' dir='ltr'><strong><em>seorsim</em></strong></span> <span class='ocrx_word' id='word_1_288' title='bbox 1507 3451 1872 3533; x_wconf 89' lang='lat' dir='ltr'><strong><em>sumpseris.</em></strong></span> <span class='ocrx_word' id='word_1_289' title='bbox 1949 3452 2140 3513; x_wconf 90' lang='lat' dir='ltr'><strong><em>Ratio</em></strong></span> <span class='ocrx_word' id='word_1_290' title='bbox 2171 3452 2310 3528; x_wconf 84' lang='lat' dir='ltr'><strong><em>loci,</em></strong></span> <span class='ocrx_word' id='word_1_291' title='bbox 2337 3451 2688 3532; x_wconf 81' lang='lat' dir='ltr'><strong><em>(Cardinali</em></strong></span> <span class='ocrx_word' id='word_1_292' title='bbox 2717 3454 2908 3533; x_wconf 90' lang='lat' dir='ltr'><strong><em>post,)</em></strong></span> 
     </span>
     <span class='ocr_line' id='line_1_42' title="bbox 707 3550 2915 3634; baseline 0.002 -22"><span class='ocrx_word' id='word_1_293' title='bbox 707 3550 873 3614; x_wconf 89' lang='lat' dir='ltr'><strong><em>nihil</em></strong></span> <span class='ocrx_word' id='word_1_294' title='bbox 909 3551 990 3615; x_wconf 88' lang='lat' dir='ltr'><strong><em>ad</em></strong></span> <span class='ocrx_word' id='word_1_295' title='bbox 1038 3553 1568 3631; x_wconf 82' lang='lat' dir='ltr'><strong><em>Sacramentum3</em></strong></span> <span class='ocrx_word' id='word_1_296' title='bbox 1617 3575 1733 3617; x_wconf 87' lang='lat' dir='ltr'><strong><em>cur</em></strong></span> <span class='ocrx_word' id='word_1_297' title='bbox 1758 3553 1923 3617; x_wconf 85' lang='lat' dir='ltr'><strong><em>ratio</em></strong></span> <span class='ocrx_word' id='word_1_298' title='bbox 1954 3555 2300 3634; x_wconf 69' lang='lat' dir='ltr'><strong><em>temporis?</em></strong></span> <span class='ocrx_word' id='word_1_299' title='bbox 2389 3555 2523 3617; x_wconf 90' lang='lat' dir='ltr'><strong><em>Cur</em></strong></span> <span class='ocrx_word' id='word_1_300' title='bbox 2566 3575 2702 3618; x_wconf 91' lang='lat' dir='ltr'><strong><em>non</em></strong></span> <span class='ocrx_word' id='word_1_301' title='bbox 2729 3554 2915 3617; x_wconf 66' lang='lat' dir='ltr'><strong><em>Iesus</em></strong></span> 
     </span>
     <span class='ocr_line' id='line_1_43' title="bbox 714 3655 2914 3738; baseline 0.001 -22"><span class='ocrx_word' id='word_1_302' title='bbox 714 3655 1001 3718; x_wconf 74' lang='lat' dir='ltr'><strong><em>Christus</em></strong></span> <span class='ocrx_word' id='word_1_303' title='bbox 1052 3656 1216 3719; x_wconf 82' lang='lat' dir='ltr'><strong><em>idem</em></strong></span> <span class='ocrx_word' id='word_1_304' title='bbox 1267 3659 1423 3735; x_wconf 69' lang='lat' dir='ltr'><strong><em>heri,</em></strong></span> <span class='ocrx_word' id='word_1_305' title='bbox 1478 3664 1539 3720; x_wconf 86' lang='lat' dir='ltr'><strong><em>et</em></strong></span> <span class='ocrx_word' id='word_1_306' title='bbox 1592 3659 1774 3720; x_wconf 77' lang='lat' dir='ltr'><strong><em>hodie</em></strong></span> <span class='ocrx_word' id='word_1_307' title='bbox 1796 3667 1824 3695; x_wconf 69' lang='lat'><strong><em>‘¹</em></strong></span> <span class='ocrx_word' id='word_1_308' title='bbox 1846 3658 1879 3719; x_wconf 81' lang='lat'><em>?</em></span> <span class='ocrx_word' id='word_1_309' title='bbox 1970 3658 2080 3720; x_wconf 91' lang='lat' dir='ltr'><strong><em>An</em></strong></span> <span class='ocrx_word' id='word_1_310' title='bbox 2127 3662 2412 3738; x_wconf 80' lang='lat' dir='ltr'><strong><em>tempora</em></strong></span> <span class='ocrx_word' id='word_1_311' title='bbox 2456 3663 2798 3734; x_wconf 84' lang='lat' dir='ltr'><strong><em>mutantur,</em></strong></span> <span class='ocrx_word' id='word_1_312' title='bbox 2851 3664 2914 3720; x_wconf 86' lang='lat' dir='ltr'><strong><em>et</em></strong></span> 
     </span>
     <span class='ocr_line' id='line_1_44' title="bbox 714 3758 2912 3838; baseline 0.002 -19"><span class='ocrx_word' id='word_1_313' title='bbox 714 3758 998 3822; x_wconf 74' lang='lat' dir='ltr'><strong><em>Christus</em></strong></span> <span class='ocrx_word' id='word_1_314' title='bbox 1041 3766 1319 3823; x_wconf 87' lang='lat' dir='ltr'><strong><em>mutatur</em></strong></span> <span class='ocrx_word' id='word_1_315' title='bbox 1346 3763 1415 3823; x_wconf 83' lang='lat' dir='ltr'><strong><em>in</em></strong></span> <span class='ocrx_word' id='word_1_316' title='bbox 1443 3762 1572 3823; x_wconf 75' lang='lat' dir='ltr'><strong><em>illis</em></strong></span> <span class='ocrx_word' id='word_1_317' title='bbox 1591 3771 1616 3799; x_wconf 76' lang='lat' dir='ltr'>v</span> <span class='ocrx_word' id='word_1_318' title='bbox 1635 3762 1670 3823; x_wconf 66' lang='lat'><strong><em>‚9</em></strong></span> <span class='ocrx_word' id='word_1_319' title='bbox 1758 3761 1891 3824; x_wconf 89' lang='lat' dir='ltr'><strong><em>Cur</em></strong></span> <span class='ocrx_word' id='word_1_320' title='bbox 1935 3781 2069 3822; x_wconf 91' lang='lat' dir='ltr'><strong><em>non</em></strong></span> <span class='ocrx_word' id='word_1_321' title='bbox 2118 3760 2308 3838; x_wconf 90' lang='lat' dir='ltr'><strong><em>idem,</em></strong></span> <span class='ocrx_word' id='word_1_322' title='bbox 2344 3760 2594 3824; x_wconf 88' lang='lat' dir='ltr'><strong><em>duobus</em></strong></span> <span class='ocrx_word' id='word_1_323' title='bbox 2639 3768 2706 3823; x_wconf 87' lang='lat' dir='ltr'><strong><em>et</em></strong></span> <span class='ocrx_word' id='word_1_324' title='bbox 2745 3761 2912 3824; x_wconf 74' lang='lat' dir='ltr'><strong><em>uni?</em></strong></span> 
     </span>
     <span class='ocr_line' id='line_1_45' title="bbox 706 3859 2339 3946; baseline 0.002 -24"><span class='ocrx_word' id='word_1_325' title='bbox 706 3859 879 3923; x_wconf 90' lang='lat' dir='ltr'><strong><em>idem</em></strong></span> <span class='ocrx_word' id='word_1_326' title='bbox 908 3863 1115 3940; x_wconf 84' lang='lat' dir='ltr'><strong><em>unica,</em></strong></span> <span class='ocrx_word' id='word_1_327' title='bbox 1148 3863 1323 3927; x_wconf 89' lang='lat' dir='ltr'><strong><em>idem</em></strong></span> <span class='ocrx_word' id='word_1_328' title='bbox 1353 3864 1590 3945; x_wconf 79' lang='lat' dir='ltr'><strong><em>duplici</em></strong></span> <span class='ocrx_word' id='word_1_329' title='bbox 1620 3862 1968 3927; x_wconf 88' lang='lat' dir='ltr'><strong><em>refectione</em></strong></span> <span class='ocrx_word' id='word_1_330' title='bbox 1999 3865 2339 3946; x_wconf 82' lang='lat' dir='ltr'><strong><em>sumptus?</em></strong></span> 
     </span>
    </p>

    <p class='ocr_par' dir='ltr' id='par_1_11' title="bbox 706 3964 2911 4361">
     <span class='ocr_line' id='line_1_46' title="bbox 794 3964 2911 4049; baseline 0.001 -22"><span class='ocrx_word' id='word_1_331' title='bbox 794 3964 940 4027; x_wconf 93' lang='lat' dir='ltr'><strong><em>Imo</em></strong></span> <span class='ocrx_word' id='word_1_332' title='bbox 1000 3973 1066 4028; x_wconf 86' lang='lat' dir='ltr'><strong><em>et</em></strong></span> <span class='ocrx_word' id='word_1_333' title='bbox 1124 3965 1286 4029; x_wconf 90' lang='lat' dir='ltr'><strong><em>illud</em></strong></span> <span class='ocrx_word' id='word_1_334' title='bbox 1346 3988 1580 4049; x_wconf 87' lang='lat' dir='ltr'><strong><em>quaero,</em></strong></span> <span class='ocrx_word' id='word_1_335' title='bbox 1642 3987 1757 4029; x_wconf 87' lang='lat' dir='ltr'><strong><em>cur</em></strong></span> <span class='ocrx_word' id='word_1_336' title='bbox 1818 3966 2212 4048; x_wconf 61' lang='lat' dir='ltr'><strong><em>Sacrificium</em></strong></span> <span class='ocrx_word' id='word_1_337' title='bbox 2277 3967 2583 4031; x_wconf 88' lang='lat' dir='ltr'><strong><em>mutilum</em></strong></span> <span class='ocrx_word' id='word_1_338' title='bbox 2636 3967 2741 4044; x_wconf 87' lang='lat' dir='ltr'><strong><em>sit,</em></strong></span> <span class='ocrx_word' id='word_1_339' title='bbox 2788 3967 2911 4030; x_wconf 90' lang='lat' dir='ltr'><strong><em>nisi</em></strong></span> 
     </span>
     <span class='ocr_line' id='line_1_47' title="bbox 706 4068 2909 4153; baseline 0.003 -25"><span class='ocrx_word' id='word_1_340' title='bbox 706 4074 978 4150; x_wconf 88' lang='lat' dir='ltr'><strong><em>utraque</em></strong></span> <span class='ocrx_word' id='word_1_341' title='bbox 1010 4068 1250 4151; x_wconf 87' lang='lat' dir='ltr'><strong><em>species</em></strong></span> <span class='ocrx_word' id='word_1_342' title='bbox 1282 4069 1469 4147; x_wconf 87' lang='lat' dir='ltr'><strong><em>adsit,</em></strong></span> <span class='ocrx_word' id='word_1_343' title='bbox 1504 4071 1979 4133; x_wconf 81' lang='lat' dir='ltr'><strong><em>Sacramentum</em></strong></span> <span class='ocrx_word' id='word_1_344' title='bbox 2016 4092 2152 4134; x_wconf 92' lang='lat' dir='ltr'><strong><em>non</em></strong></span> <span class='ocrx_word' id='word_1_345' title='bbox 2192 4071 2322 4134; x_wconf 85' lang='lat' dir='ltr'><strong><em>sit?</em></strong></span> <span class='ocrx_word' id='word_1_346' title='bbox 2370 4092 2517 4134; x_wconf 89' lang='lat' dir='ltr'><strong><em>cum</em></strong></span> <span class='ocrx_word' id='word_1_347' title='bbox 2549 4070 2909 4153; x_wconf 88' lang='lat' dir='ltr'><strong><em>utrobique,</em></strong></span> 
     </span>
     <span class='ocr_line' id='line_1_48' title="bbox 707 4172 2911 4257; baseline 0.002 -25"><span class='ocrx_word' id='word_1_348' title='bbox 707 4178 840 4233; x_wconf 84' lang='lat' dir='ltr'><strong><em>tam</em></strong></span> <span class='ocrx_word' id='word_1_349' title='bbox 870 4172 940 4234; x_wconf 91' lang='lat' dir='ltr'><strong><em>in</em></strong></span> <span class='ocrx_word' id='word_1_350' title='bbox 974 4172 1322 4253; x_wconf 76' lang='lat' dir='ltr'><strong><em>SacrtflciO,</em></strong></span> <span class='ocrx_word' id='word_1_351' title='bbox 1358 4196 1548 4257; x_wconf 90' lang='lat' dir='ltr'><strong><em>quam</em></strong></span> <span class='ocrx_word' id='word_1_352' title='bbox 1578 4174 1651 4236; x_wconf 92' lang='lat' dir='ltr'><strong><em>in</em></strong></span> <span class='ocrx_word' id='word_1_353' title='bbox 1685 4174 2109 4253; x_wconf 80' lang='lat' dir='ltr'><strong><em>Sacramenta,</em></strong></span> <span class='ocrx_word' id='word_1_354' title='bbox 2142 4195 2288 4237; x_wconf 87' lang='lat' dir='ltr'><strong><em>cum</em></strong></span> <span class='ocrx_word' id='word_1_355' title='bbox 2323 4176 2605 4257; x_wconf 84' lang='lat' dir='ltr'><strong><em>Corpore</em></strong></span> <span class='ocrx_word' id='word_1_356' title='bbox 2634 4174 2911 4257; x_wconf 87' lang='lat' dir='ltr'><strong><em>Sanguis</em></strong></span> 
     </span>
     <span class='ocr_line' id='line_1_49' title="bbox 706 4274 2911 4361; baseline 0.002 -25"><span class='ocrx_word' id='word_1_357' title='bbox 706 4274 806 4354; x_wconf 88' lang='lat' dir='ltr'><strong><em>sit,</em></strong></span> <span class='ocrx_word' id='word_1_358' title='bbox 839 4283 906 4338; x_wconf 90' lang='lat' dir='ltr'><strong><em>et</em></strong></span> <span class='ocrx_word' id='word_1_359' title='bbox 938 4276 1186 4358; x_wconf 87' lang='lat' dir='ltr'><strong><em>Corpus</em></strong></span> <span class='ocrx_word' id='word_1_360' title='bbox 1223 4298 1370 4340; x_wconf 91' lang='lat' dir='ltr'><strong><em>cum</em></strong></span> <span class='ocrx_word' id='word_1_361' title='bbox 1418 4277 1794 4361; x_wconf 85' lang='lat' dir='ltr'><strong><em>Sanguine?</em></strong></span> <span class='ocrx_word' id='word_1_362' title='bbox 1892 4278 2058 4356; x_wconf 91' lang='lat' dir='ltr'><strong><em>Im0,</em></strong></span> <span class='ocrx_word' id='word_1_363' title='bbox 2112 4277 2242 4342; x_wconf 85' lang='lat' dir='ltr'><strong><em>sive</em></strong></span> <span class='ocrx_word' id='word_1_364' title='bbox 2293 4279 2482 4340; x_wconf 71' lang='lat' dir='ltr'><strong><em>simul</em></strong></span> <span class='ocrx_word' id='word_1_365' title='bbox 2520 4298 2748 4355; x_wconf 71' lang='lat' dir='ltr'><strong><em>sumas,</em></strong></span> <span class='ocrx_word' id='word_1_366' title='bbox 2782 4278 2911 4340; x_wconf 86' lang='lat' dir='ltr'><strong><em>sive</em></strong></span> 
     </span>
    </p>
   </div>
   <div class='ocr_carea' id='block_1_11' title="bbox 764 4472 2911 4606">
    <p class='ocr_par' dir='ltr' id='par_1_12' title="bbox 764 4472 2911 4606">
     <span class='ocr_line' id='line_1_50' title="bbox 769 4472 2911 4547; baseline 0.003 -27"><span class='ocrx_word' id='word_1_367' title='bbox 769 4480 790 4501; x_wconf 71' lang='lat'><strong><em>&#39;¹</em></strong></span> <span class='ocrx_word' id='word_1_368' title='bbox 831 4472 994 4547; x_wconf 67' lang='lat' dir='ltr'><strong><em>[Hebt</em></strong></span> <span class='ocrx_word' id='word_1_369' title='bbox 1017 4472 1125 4522; x_wconf 84' lang='lat' dir='ltr'><strong><em>xiii.</em></strong></span> <span class='ocrx_word' id='word_1_370' title='bbox 1151 4473 1221 4536; x_wconf 90' lang='lat'><strong><em>8.]</em></strong></span> <span class='ocrx_word' id='word_1_371' title='bbox 2017 4478 2308 4543; x_wconf 83' lang='lat' dir='ltr'><strong><em>“Tempora</em></strong></span> <span class='ocrx_word' id='word_1_372' title='bbox 2331 4483 2609 4538; x_wconf 78' lang='lat' dir='ltr'><strong><em>mutantur,</em></strong></span> <span class='ocrx_word' id='word_1_373' title='bbox 2629 4494 2718 4529; x_wconf 80' lang='lat' dir='ltr'><strong><em>nos</em></strong></span> <span class='ocrx_word' id='word_1_374' title='bbox 2731 4483 2783 4528; x_wconf 79' lang='lat' dir='ltr'><strong><em>ct</em></strong></span> <span class='ocrx_word' id='word_1_375' title='bbox 2805 4493 2911 4528; x_wconf 88' lang='lat' dir='ltr'><strong><em>mu-</em></strong></span> 
     </span>
     <span class='ocr_line' id='line_1_51' title="bbox 764 4536 2567 4606; baseline 0.006 -23"><span class='ocrx_word' id='word_1_376' title='bbox 764 4543 785 4563; x_wconf 78' lang='lat'>&#39;</span> <span class='ocrx_word' id='word_1_377' title='bbox 821 4536 1072 4598; x_wconf 73' lang='lat' dir='ltr'><strong><em>[Respicit</em></strong></span> <span class='ocrx_word' id='word_1_378' title='bbox 1095 4538 1359 4601; x_wconf 81' lang='lat' dir='ltr'><strong><em>vulgatum</em></strong></span> <span class='ocrx_word' id='word_1_379' title='bbox 1387 4540 1531 4600; x_wconf 87' lang='lat' dir='ltr'><strong><em>illud,</em></strong></span> <span class='ocrx_word' id='word_1_380' title='bbox 2125 4550 2291 4593; x_wconf 86' lang='lat' dir='ltr'><strong><em>tamur</em></strong></span> <span class='ocrx_word' id='word_1_381' title='bbox 2313 4544 2368 4592; x_wconf 82' lang='lat' dir='ltr'><strong><em>in</em></strong></span> <span class='ocrx_word' id='word_1_382' title='bbox 2393 4544 2567 4606; x_wconf 50' lang='lat' dir='ltr'><strong><em>misr]</em></strong></span> 
     </span>
    </p>
   </div>
  </div>
 </body>
</html>
