3165 4959
980 349 1341 398 stomoma
1387 351 1751 400 RESPONSIO.
2345 339 2472 401 217

256 505 448 582 cedit,
481 502 711 568 eodem
759 502 840 565 ad
886 502 1160 585 Eloquia
1203 524 1382 567 sacra
1410 511 1730 588 respectu,
1765 525 1891 587 quo
1923 506 2140 586 prima
2185 511 2473 588 quatuor.

188 603 195 608 ’
260 608 388 672 Sed
419 627 631 690 neque
661 627 772 669 vos
807 607 1079 669 Sextum
1111 607 1433 690 recipitis:
1479 628 1614 670 non
1664 607 1901 690 (credo)
1954 609 2286 672 Canonem
2317 607 2473 687 xiii„

260 731 470 794 neque
500 710 583 772 lv.
600 734 617 784 3
669 708 778 791 qui
810 708 939 772 duo
984 730 1062 772 ex
1106 709 1422 774 diametro
1452 717 1680 774 contra
1707 730 1953 773 morem
1986 710 2143 775 editi
2172 718 2327 775 sunt
2349 712 2478 775 Ro-

256 834 457 876 mame
485 814 786 877 Ecclesiae
804 823 848 875 ⁰.

326 932 539 981 Frustra
579 931 763 994 recipit
807 935 1021 994 quatuor
1060 933 1240 995 prima,
1279 932 1368 995 qui
1398 946 1501 982 non
1540 932 1725 997 recipit
1753 933 1856 982 ulia
1892 932 2482 998 subsequentia—[Bell.

395 1013 544 1076 Apol.
569 1027 659 1076 pro
683 1011 855 1076 Resp]
877 1026 927 1076 p.
944 1015 1021 1064 82.
1048 1012 1181 1078 [Op.,
1204 1017 1326 1062 tom.
1343 1014 1431 1062 vii.
1455 1014 1547 1063 col.
1574 1013 1683 1065 750.
1713 1013 1798 1078 D.]

354 1110 721 1174 Dicendum
752 1111 972 1194 igitur,
1008 1111 1179 1194 quod
1210 1117 1276 1175 et
1307 1133 1346 1174 a
1376 1112 1612 1175 Primis
1640 1111 1767 1174 illis
1795 1111 2038 1175 fuerint
2084 1120 2150 1175 et
2185 1112 2330 1191 alia,
2362 1132 2484 1175 nec

263 1214 490 1278 eadem
544 1220 765 1276 tamen
809 1214 1110 1278 omnibus
1155 1215 1505 1279 auctoritas
1549 1214 1935 1290 tribuenda3
1991 1234 2130 1293 nec,
2179 1236 2295 1297 per
2338 1215 2482 1294 hoc,

246 1319 511 1401 frustra
555 1318 634 1380 ab
676 1338 745 1380 eo
797 1320 996 1400 recipi
1041 1324 1327 1401 quatuor,
1376 1319 1488 1401 qui
1533 1320 1804 1400 recipiat
1853 1319 2132 1403 quidem,
2188 1319 2300 1383 sed
2346 1320 2485 1403 pari

265 1421 678 1486 veneratione
709 1443 832 1484 non
861 1428 923 1485 et
953 1423 1084 1484 alia
1114 1423 1381 1503 recipiat
1410 1423 1864 1504 subsequentia.

333 1554 595 1603 Christum
619 1553 935 1604 descendisse
967 1553 1032 1604 ad
1067 1554 1268 1616 inferos,
1291 1558 1344 1603 et
1377 1553 1492 1618 [leg.
1513 1554 1611 1618 est]
1635 1569 1810 1618 poenas
1826 1554 2181 1606 damnatorum
2204 1556 2485 1619 pertulisse.

400 1635 697 1700 [Pertulisse
714 1640 885 1688 autem
903 1651 1078 1700 poenas
1100 1634 1480 1700 damnatorum]
1500 1672 1512 1685 .
1528 1672 1541 1686 .
1560 1635 1803 1686 Calvinus
1827 1636 1969 1694 dicit,
1993 1638 2217 1700 primum
2242 1638 2297 1686 in
2321 1638 2484 1697 horto,

402 1754 414 1764 .
438 1753 450 1764 .
477 1754 489 1766 .
514 1715 697 1767 deinde
713 1719 770 1767 in
794 1717 991 1768 Cruce.‘¹
1014 1754 1025 1766 .
1050 1754 1063 1766 .
1090 1753 1102 1766 .
1127 1718 1201 1767 At
1223 1716 1520 1780 Symbolum
1545 1717 1897 1782 Apostolicum
1926 1718 2053 1768 dicit
2087 1719 2203 1784 [leg.
2233 1718 2412 1783 tradit]
2433 1756 2446 1768 .
2471 1756 2483 1768 .

401 1798 465 1847 ad
490 1798 679 1848 inferos
700 1799 1017 1849 descendisse
1042 1798 1177 1863 [post
1198 1798 1451 1862 mortem}
1489 1836 1500 1847 .
1539 1835 1551 1847 .
1593 1837 1603 1848 .
1626 1798 1695 1849 Et
1716 1799 1824 1848 haec
1848 1802 1926 1849 est
1946 1800 2156 1851 traditio
2178 1801 2409 1850 omnium
2432 1838 2445 1850 .
2469 1837 2482 1850 .

401 1879 843 1945 Petrum—[Bell.
874 1879 1025 1943 Apol.
1050 1894 1142 1943 pro
1165 1878 1335 1943 Resp]
1357 1893 1406 1943 p.
1432 1882 1509 1929 83.
1535 1879 1669 1944 [Op.,
1692 1884 1815 1929 tom.
1829 1881 1916 1929 vii.
1941 1882 2033 1931 col.
2059 1882 2170 1933 751.
2190 1881 2276 1946 Α.]

356 1979 560 2042 Venit
596 1979 679 2042 ad
710 1978 1002 2060 Symbola
1028 2006 1049 2052 ;
1095 1978 1229 2055 ubi,
1254 2000 1477 2061 mayno
1503 1986 1730 2042 conatu
1760 2001 2022 2061 maynas
2051 2001 2250 2062 παρος
2279 1981 2415 2062 ayit
2435 1989 2478 2043 θ.
2509 1977 2607 2093 {310
2593 1978 2664 2092 iss
2750 2005 2768 2015 ·

266 2084 358 2145 Et
398 2082 559 2156 loca,
603 2082 683 2145 de
729 2082 998 2144 Petrum
1043 2080 1314 2164 scriptiS,
1358 2083 1575 2145 nescio
1624 2090 1783 2164 quot
1829 2083 2140 2163 congerit,
2184 2090 2277 2160 ut,
2312 2082 2483 2165 quod
2598 2110 2724 2173 162

267 2207 405 2248 non
450 2192 647 2267 negat
699 2185 857 2262 Rex,
906 2193 1168 2247 strenue
1213 2184 1461 2267 probet.
1574 2186 1733 2249 Tam
1778 2193 1876 2249 est
1926 2186 2211 2267 (scilicet)
2266 2206 2481 2249 rerum

267 2296 639 2352 nostrarum
670 2288 915 2370 peritus
947 2287 1325 2350 Cardinalis.
1417 2287 1748 2352 Christum
1781 2288 1974 2365 enim,
2006 2309 2127 2352 nec
2157 2290 2225 2351 in
2252 2289 2479 2367 HortO,
2510 2293 2751 2359 [Descen-

269 2412 393 2455 nec
421 2392 489 2454 in
514 2391 730 2468 Cruce,
753 2390 908 2453 dum
927 2389 1185 2467 viveret,
1217 2390 1329 2453 sed
1348 2397 1498 2470 post
1527 2397 1804 2469 mortem,
1824 2392 2158 2454 secundum
2187 2392 2481 2471 animam,
2507 2357 2813 2488 fflffigssffi

269 2517 414 2560 vere
459 2496 549 2558 ad
588 2495 828 2577 inferos
871 2496 1277 2573 descendisse,
1325 2496 1681 2558 secundum
1727 2517 1956 2579 corpus
1994 2518 2166 2574 vero,
2205 2496 2486 2579 jacuisse

269 2600 344 2663 in
391 2599 703 2683 sepulcr0,
755 2620 832 2661 ex
884 2598 1121 2661 veteris
1162 2597 1467 2661 Ecclesiae
1513 2598 1837 2660 sententia
1882 2598 2105 2676 credit,
2142 2600 2490 2662 confitetur

276 2704 440 2779 Rex,
481 2722 602 2764 nec
647 2700 774 2763 alia
817 2707 917 2763 est
963 2700 1043 2763 de
1089 2700 1385 2765 Articulo
1408 2700 1492 2765 V.
1542 2700 1848 2763 Ecclesiae
1891 2708 2129 2764 nostrae
2176 2700 2490 2766 doctrina.

275 2807 338 2869 Ο
381 2825 535 2888 ergo
580 2803 820 2867 frustra
866 2811 1194 2886 susceptos
1242 2801 1349 2866 hie
1394 2802 1649 2866 labores
1701 2802 2099 2867 cardinalis!
2198 2803 2345 2881 Sed,
2396 2805 2491 2866 sic

273 2910 435 2971 solet
488 2908 669 2970 beare
718 2906 1062 2970 lectorem:
1111 2905 1224 2970 ubi
1274 2905 1441 2968 nihil
1502 2928 1681 2988 opus,
1742 2905 1970 2989 implet
2022 2906 2330 2990 paginas:
2378 2906 2491 2970 ubi

274 3011 541 3075 demum
589 3032 770 3094 opus,
818 3010 1022 3073 altum
1085 3009 1249 3072 silet.
1344 3009 1617 3072 Desinat
1675 3029 1827 3073 vero
1876 3009 2217 3073 Calvinum
2264 3030 2489 3093 expro-

274 3115 465 3179 brare
494 3113 703 3178 nobis.
794 3113 955 3175 Tam
984 3133 1116 3175 non
1150 3111 1509 3190 Calvinum,
1544 3134 1737 3195 quam
1766 3133 1977 3195 neque
2010 3113 2250 3197 Papam
2281 3112 2489 3196 sequi-

284 3237 455 3294 mur,
487 3215 600 3280 ubi
630 3238 669 3279 a
697 3217 968 3279 Patrum
998 3214 1284 3297 vestigiis
1314 3214 1419 3278 hic
1448 3214 1551 3279 vel
1578 3214 1688 3279 ille
1719 3214 2007 3279 discedit.

344 3327 524 3390 Neque
546 3364 557 3376 .
582 3363 595 3376 .
621 3363 633 3375 .
656 3326 857 3376 credere
888 3329 1055 3389 potest
1088 3324 1365 3375 Ecclesiam
1404 3340 1509 3376 esse
1546 3325 1879 3388 Catholioem,
1917 3325 2042 3376 dum
2066 3326 2343 3378 Ecclesiam
2386 3341 2489 3376 non

412 3408 578 3469 habet,
601 3408 701 3458 nisi
723 3407 1096 3472 particularem,
1109 3423 1223 3471 quse
1242 3407 1473 3470 Regnum
1487 3409 1693 3470 Anglioe
1711 3423 1815 3459 non
1829 3408 2322 3473 agndum-[Bell.
2339 3409 2489 3473 Apol.

412 3504 503 3555 pro
526 3488 694 3553 Resp.]
717 3504 765 3553 p.
791 3489 869 3538 84.
912 3487 1045 3554 [Op.,
1070 3488 1285 3537 tomxii.
1311 3488 1403 3537 col.
1430 3488 1539 3539 751.
1559 3486 1647 3551 D.]

348 3667 367 3689 θ
403 3658 613 3723 [Ἐπειδὴ
635 3656 1012 3721 ἑντῇῬωμαίων
1032 3655 1272 3721 ἐκκλησία
1289 3658 1342 3704 ἐν
1426 3659 1823 3717 τεσσαρακοστῆς
1873 3655 2129 3715 νηστείαις,
2163 3651 2265 3705 τοῖς
2307 3652 2489 3713 ταύτης

279 3723 412 3786 τάξει
450 3723 643 3773 κανόνος
683 3723 1022 3785 παραδεδόσθω
1067 3718 1340 3782 διέγνωμεν,
1428 3719 1648 3776 σάββασι
1696 3717 1955 3779 νηστεύειν,
1991 3720 2116 3781 παρὰ
2156 3720 2250 3778 τὴν
2284 3722 2487 3783 παραδο·

280 3789 395 3838 τοὺς
424 3787 701 3848 μέλλοντας
722 3788 939 3836 διακόνου
961 3787 993 3844 ἦ
1014 3784 1343 3849 πρεσβυτέρου
1428 3787 1594 3834 θεῖσαν
1612 3782 2020 3843 ἐκκλησιαστικὴν
2037 3786 2331 3842 ἀκολουθίαν,
2357 3782 2486 3846 ἔδοξε

277 3854 520 3915 ἀξιοῦσθαι
554 3850 849 3916 χειροτονίας
886 3852 1248 3912 καθομολογεῖν,
1280 3852 1342 3900 ὦς
1428 3852 1493 3914 τῇ
1526 3848 1645 3913 ἁγίᾳ
1677 3846 1873 3910 συνόδῳ,
1903 3849 2030 3897 ὅστε
2066 3850 2260 3912 κρατεῖν
2293 3850 2373 3898 καὶ
2408 3850 2487 3898 ἐπὶ

280 3916 443 3966 οὐκέτι
486 3920 591 3967 ταῖς
633 3918 786 3966 αότῦν
829 3913 1171 3976 συνάπτοντα
1191 3932 1339 3976 ’γαμε-
1428 3917 1492 3979 τῇ
1536 3912 1772 3973 Ῥωμαίων
1808 3912 2049 3975 ἐκκλησίᾳ
2081 3912 2489 3973 ἀπόρασαλεύτως

282 3985 404 4031 ταῖς·
438 3983 579 4041 ἡμεῖς
609 3982 678 4043 τᾷ
711 3980 893 4044 ἀρχαίῳ
916 3982 1341 4043 ἐξακολουθοῦντες
1429 3980 1519 4029 τδν
1540 3976 1717 4028 κανόνα
1739 3978 1824 4027 τὸν
1853 3977 2082 4038 λέγοντα·
2119 3980 2134 4002 ‘
2149 3978 2209 4026 El
2225 3996 2298 4028 τις
2321 3989 2485 4038 κληρι·

283 4046 445 4096 κανόνι
487 4048 574 4103 τῆς
616 4047 942 4102 ἀποστολικῆς
985 4044 1227 4108 ἀκριβείας
1263 4044 1341 4093 καὶ
1431 4044 1513 4094 κὸς
1537 4043 1744 4107 εὑρεθείη
1767 4046 1829 4107 τῇ
1862 4043 1977 4105 ἁγίᾳ
2008 4043 2207 4107 κυριακῇ
2228 4041 2489 4103 νηστεύων,

282 4110 551 4173 wigmanni
572 4113 668 4159 τῶν
684 4112 819 4174 ἱερῶν
833 4110 1011 4172 ἀνδρῶν
1023 4110 1149 4159 κατὰ
1173 4107 1343 4169 νόμους
1429 4108 1460 4167 ἡ
1483 4109 1541 4157 τὸ
1565 4112 1827 4164 σαββατον,
1845 4108 1976 4167 πλὴν
1988 4109 2076 4156 τοῦ
2098 4109 2202 4157 ἑνὸς
2223 4108 2301 4157 καὶ
2323 4106 2487 4166 μόνου.

282 4175 559 4227 amandam
602 4176 681 4225 καὶ
724 4177 816 4224 ἀπὸ
862 4176 950 4223 τοῦ
994 4176 1077 4223 νῦν
1117 4176 1345 4237 ἐῤῥὸσθαι
1432 4172 1755 4237 καθαιρείσθω·
1793 4172 1834 4221 εἰ
1868 4170 1920 4221 a)
1946 4172 2130 4231 λαῒκὸς,
2167 4169 2491 4234 ampetio-oo!

282 4239 572 4301 βουλόμεθα·
626 4242 849 4301 μηδαμὸς
898 4240 1056 4288 αὐτᾶν
1097 4236 1192 4297 τήν
1228 4239 1347 4301 πρὸς
1435 4238 1586 4288 Cone.
1622 4237 1905 4295 Quinisext.
1940 4251 2026 4286 seu
2063 4236 2222 4285 Trull.
2261 4236 2384 4287 Can.
2422 4236 2491 4286 lv.

281 4305 503 4366 γαμετὰς
532 4305 793 4367 συνάφειαν
831 4306 1123 4361 διαλύοντες,
1159 4322 1203 4353 κ.
1221 4322 1266 4351 τ.
1288 4312 1342 4351 λ.
1434 4301 1634 4351 —Ibid.
1658 4302 1748 4351 eol.
1770 4304 1913 4353 1167.
1939 4300 1992 4350 C.
2018 4300 2101 4364 D.]

282 4370 502 4420 —Conc.
540 4369 824 4427 Quinisext.
860 4383 947 4418 seu
970 4368 1194 4417 'I'rullsm
1226 4366 1348 4416 Cau.
1501 4366 1523 4398 ‘¹
1560 4366 1717 4430 [Vide
1741 4365 1876 4417 Calv‘.
1902 4366 2071 4415 Instit.
2096 4365 2185 4415 lib.
2209 4365 2263 4416 ii.
2288 4381 2395 4430 cop.
2416 4367 2495 4417 16.

285 4436 396 4484 xiii.
435 4463 500 4471 —
537 4433 688 4486 Cone.
741 4438 865 4485 tom.
916 4433 985 4482 vi.
1048 4431 1141 4482 eol.
1205 4433 1349 4484 114⁷.
1441 4434 1568 4495 §10-
1595 4432 1707 4495 Op„
1729 4436 1852 4481 tom.
1877 4432 1947 4481 ix.
1973 4430 2171 4495 p.182.]

288 4500 344 4549 Β.
378 4501 434 4550 C.
539 4498 727 4557 Ἐπειδὴ
788 4497 1128 4560 μεμαθήκαμεν
1187 4499 1238 4546 ε”ν
1292 4500 1355 4561 τῇ
1506 4506 1527 4530 ⁹
1562 4496 1632 4561 [V
1636 4497 1718 4547 ide
1746 4496 1942 4547 Terent.
1968 4497 2152 4547 Heaut.
2179 4494 2270 4548 IV.
2303 4496 2346 4546 1.
2367 4495 2435 4559 8.]

283 4566 523 4626 Ῥωμαίων
578 4566 720 4613 πόλει
775 4566 827 4613 ἐν
890 4566 997 4614 ταῖς
1051 4561 1207 4624 α’γίαις
1265 4565 1354 4619 τῆς
