<?xml version="1.0" encoding="UTF-8"?>
<!DOCTYPE html PUBLIC "-//W3C//DTD XHTML 1.0 Transitional//EN"
    "http://www.w3.org/TR/xhtml1/DTD/xhtml1-transitional.dtd">
<html xmlns="http://www.w3.org/1999/xhtml" xml:lang="en" lang="en">
 <head>
  <title>
</title>
<meta http-equiv="Content-Type" content="text/html;charset=utf-8" />
  <meta name='ocr-system' content='tesseract 3.04.00' />
  <meta name='ocr-capabilities' content='ocr_page ocr_carea ocr_par ocr_line ocrx_word'/>
</head>
<body>
  <div class='ocr_page' id='page_1' title='image "./responsioadapol01andrgoog_0405.png"; bbox 0 0 3165 4959; ppageno 0'>
   <div class='ocr_carea' id='block_1_1' title="bbox 998 322 2485 384">
    <p class='ocr_par' dir='ltr' id='par_1_1' title="bbox 998 322 2485 384">
     <span class='ocr_line' id='line_1_1' title="bbox 998 322 2485 384; baseline 0.003 -5"><span class='ocrx_word' id='word_1_1' title='bbox 998 332 1359 381; x_wconf 66' lang='lat' dir='ltr'>Arotoomm</span> <span class='ocrx_word' id='word_1_2' title='bbox 1405 332 1766 380; x_wconf 69' lang='lat' dir='ltr'>nEsPoNsm.</span> <span class='ocrx_word' id='word_1_3' title='bbox 2355 322 2485 384; x_wconf 81' lang='lat'>369</span> 
     </span>
    </p>
   </div>
   <div class='ocr_carea' id='block_1_2' title="bbox 262 486 2484 2094">
    <p class='ocr_par' dir='ltr' id='par_1_2' title="bbox 262 486 2484 2094">
     <span class='ocr_line' id='line_1_2' title="bbox 275 486 2484 571; baseline 0 -21"><span class='ocrx_word' id='word_1_4' title='bbox 275 495 426 567; x_wconf 80' lang='lat' dir='ltr'>post</span> <span class='ocrx_word' id='word_1_5' title='bbox 484 486 775 565; x_wconf 80' lang='lat' dir='ltr'><strong>Cantica,</strong></span> <span class='ocrx_word' id='word_1_6' title='bbox 837 494 904 550; x_wconf 91' lang='lat' dir='ltr'>et</span> <span class='ocrx_word' id='word_1_7' title='bbox 968 486 1364 571; x_wconf 88' lang='lat' dir='ltr'>Symbolum,</span> <span class='ocrx_word' id='word_1_8' title='bbox 1429 488 1809 551; x_wconf 79' lang='lat' dir='ltr'>Orationem</span> <span class='ocrx_word' id='word_1_9' title='bbox 1882 488 2291 551; x_wconf 90' lang='lat' dir='ltr'>Dominicam</span> <span class='ocrx_word' id='word_1_10' title='bbox 2361 509 2484 551; x_wconf 82' lang='lat' dir='ltr'>non</span> 
     </span>
     <span class='ocr_line' id='line_1_3' title="bbox 270 589 2481 671; baseline 0.001 -22"><span class='ocrx_word' id='word_1_11' title='bbox 270 593 500 669; x_wconf 61' lang='lat' dir='ltr'>tangat</span> <span class='ocrx_word' id='word_1_12' title='bbox 530 589 791 671; x_wconf 86' lang='lat' dir='ltr'>quidem</span> <span class='ocrx_word' id='word_1_13' title='bbox 821 591 1086 668; x_wconf 75' lang='lat' dir='ltr'>omnim,</span> <span class='ocrx_word' id='word_1_14' title='bbox 1118 589 1230 653; x_wconf 84' lang='lat' dir='ltr'>sed</span> <span class='ocrx_word' id='word_1_15' title='bbox 1274 590 1364 651; x_wconf 84' lang='lat' dir='ltr'>ad</span> <span class='ocrx_word' id='word_1_16' title='bbox 1400 590 1871 653; x_wconf 72' lang='lat' dir='ltr'>similitudinem</span> <span class='ocrx_word' id='word_1_17' title='bbox 1909 590 2233 653; x_wconf 69' lang='lat' dir='ltr'>Orationis</span> <span class='ocrx_word' id='word_1_18' title='bbox 2262 590 2481 653; x_wconf 88' lang='lat' dir='ltr'>Domi-</span> 
     </span>
     <span class='ocr_line' id='line_1_4' title="bbox 273 690 2482 776; baseline 0.002 -24"><span class='ocrx_word' id='word_1_19' title='bbox 273 690 428 753; x_wconf 80' lang='lat' dir='ltr'>nicoe</span> <span class='ocrx_word' id='word_1_20' title='bbox 487 692 682 753; x_wconf 81' lang='lat' dir='ltr'>aliam</span> <span class='ocrx_word' id='word_1_21' title='bbox 755 692 889 773; x_wconf 79' lang='lat' dir='ltr'>ipse</span> <span class='ocrx_word' id='word_1_22' title='bbox 960 691 1353 755; x_wconf 79' lang='lat' dir='ltr'>Dominicam</span> <span class='ocrx_word' id='word_1_23' title='bbox 1432 691 1567 774; x_wconf 84' lang='lat' dir='ltr'>(sed</span> <span class='ocrx_word' id='word_1_24' title='bbox 1642 692 1904 756; x_wconf 87' lang='lat' dir='ltr'>alterius</span> <span class='ocrx_word' id='word_1_25' title='bbox 1978 714 2188 770; x_wconf 86' lang='lat' dir='ltr'>sexus,</span> <span class='ocrx_word' id='word_1_26' title='bbox 2248 713 2482 776; x_wconf 80' lang='lat' dir='ltr'><strong>nempe</strong></span> 
     </span>
     <span class='ocr_line' id='line_1_5' title="bbox 273 792 2481 879; baseline 0.002 -27"><span class='ocrx_word' id='word_1_27' title='bbox 273 792 575 871; x_wconf 71' lang='lat' dir='ltr'>Dominae,</span> <span class='ocrx_word' id='word_1_28' title='bbox 636 815 771 858; x_wconf 93' lang='lat' dir='ltr'>non</span> <span class='ocrx_word' id='word_1_29' title='bbox 830 794 1109 876; x_wconf 81' lang='lat' dir='ltr'><strong><em>Domini)</em></strong></span> <span class='ocrx_word' id='word_1_30' title='bbox 1174 801 1516 875; x_wconf 78' lang='lat' dir='ltr'>componat,</span> <span class='ocrx_word' id='word_1_31' title='bbox 1589 795 1839 859; x_wconf 86' lang='lat' dir='ltr'>nihilne</span> <span class='ocrx_word' id='word_1_32' title='bbox 1907 802 2200 879; x_wconf 82' lang='lat' dir='ltr'><strong>peccaret</strong></span> <span class='ocrx_word' id='word_1_33' title='bbox 2229 796 2259 857; x_wconf 72' lang='grc' dir='ltr'>’.Ρ</span> <span class='ocrx_word' id='word_1_34' title='bbox 2354 795 2481 859; x_wconf 85' lang='lat' dir='ltr'>Sed</span> 
     </span>
     <span class='ocr_line' id='line_1_6' title="bbox 267 896 2483 980; baseline 0.002 -22"><span class='ocrx_word' id='word_1_35' title='bbox 267 896 534 959; x_wconf 88' lang='lat' dir='ltr'>tametsi</span> <span class='ocrx_word' id='word_1_36' title='bbox 571 896 672 960; x_wconf 80' lang='lat' dir='ltr'>vix</span> <span class='ocrx_word' id='word_1_37' title='bbox 712 897 949 980; x_wconf 87' lang='lat' dir='ltr'>(credo)</span> <span class='ocrx_word' id='word_1_38' title='bbox 985 897 1216 962; x_wconf 83' lang='lat' dir='ltr'>dixerit</span> <span class='ocrx_word' id='word_1_39' title='bbox 1262 898 1645 978; x_wconf 76' lang='lat' dir='ltr'>cardinalis,</span> <span class='ocrx_word' id='word_1_40' title='bbox 1696 899 1892 977; x_wconf 90' lang='lat' dir='ltr'>unde,</span> <span class='ocrx_word' id='word_1_41' title='bbox 1922 900 2024 964; x_wconf 85' lang='lat' dir='ltr'>vel</span> <span class='ocrx_word' id='word_1_42' title='bbox 2069 900 2186 977; x_wconf 84' lang='lat' dir='ltr'>ini,</span> <span class='ocrx_word' id='word_1_43' title='bbox 2218 900 2320 963; x_wconf 86' lang='lat' dir='ltr'>vel</span> <span class='ocrx_word' id='word_1_44' title='bbox 2363 900 2483 962; x_wconf 91' lang='lat' dir='ltr'>ulli</span> 
     </span>
     <span class='ocr_line' id='line_1_7' title="bbox 267 999 2479 1081; baseline 0.001 -19"><span class='ocrx_word' id='word_1_45' title='bbox 267 1004 559 1081; x_wconf 88' lang='lat' dir='ltr'>potestas</span> <span class='ocrx_word' id='word_1_46' title='bbox 589 999 886 1064; x_wconf 87' lang='lat' dir='ltr'>Psalterii</span> <span class='ocrx_word' id='word_1_47' title='bbox 914 1000 1065 1064; x_wconf 89' lang='lat' dir='ltr'>novi</span> <span class='ocrx_word' id='word_1_48' title='bbox 1095 1000 1450 1079; x_wconf 81' lang='lat' dir='ltr'>condendi3</span> <span class='ocrx_word' id='word_1_49' title='bbox 1495 1009 1716 1065; x_wconf 89' lang='lat' dir='ltr'>tamen</span> <span class='ocrx_word' id='word_1_50' title='bbox 1747 1023 1971 1065; x_wconf 80' lang='lat' dir='ltr'>novum</span> <span class='ocrx_word' id='word_1_51' title='bbox 2011 1002 2138 1067; x_wconf 91' lang='lat' dir='ltr'>hoc</span> <span class='ocrx_word' id='word_1_52' title='bbox 2180 1023 2315 1066; x_wconf 89' lang='lat' dir='ltr'>non</span> <span class='ocrx_word' id='word_1_53' title='bbox 2359 1009 2479 1079; x_wconf 87' lang='lat' dir='ltr'>cst,</span> 
     </span>
     <span class='ocr_line' id='line_1_8' title="bbox 271 1101 2480 1186; baseline 0.002 -22"><span class='ocrx_word' id='word_1_54' title='bbox 271 1101 389 1164; x_wconf 84' lang='lat' dir='ltr'>sed</span> <span class='ocrx_word' id='word_1_55' title='bbox 449 1102 735 1185; x_wconf 86' lang='lat' dir='ltr'>quisquis</span> <span class='ocrx_word' id='word_1_56' title='bbox 790 1101 956 1166; x_wconf 90' lang='lat' dir='ltr'>illud</span> <span class='ocrx_word' id='word_1_57' title='bbox 1013 1108 1262 1167; x_wconf 88' lang='lat' dir='ltr'>attente</span> <span class='ocrx_word' id='word_1_58' title='bbox 1311 1103 1564 1185; x_wconf 86' lang='lat' dir='ltr'>legerit,</span> <span class='ocrx_word' id='word_1_59' title='bbox 1619 1110 1719 1167; x_wconf 89' lang='lat' dir='ltr'>tot</span> <span class='ocrx_word' id='word_1_60' title='bbox 1778 1104 1872 1168; x_wconf 92' lang='lat' dir='ltr'>ibi</span> <span class='ocrx_word' id='word_1_61' title='bbox 1918 1126 2141 1169; x_wconf 86' lang='lat' dir='ltr'>versus</span> <span class='ocrx_word' id='word_1_62' title='bbox 2191 1104 2480 1186; x_wconf 85' lang='lat' dir='ltr'>integros</span> 
     </span>
     <span class='ocr_line' id='line_1_9' title="bbox 267 1206 2478 1287; baseline 0.002 -20"><span class='ocrx_word' id='word_1_63' title='bbox 267 1212 662 1287; x_wconf 75' lang='lat' dir='ltr'>reperturuS,</span> <span class='ocrx_word' id='word_1_64' title='bbox 712 1206 979 1269; x_wconf 83' lang='lat' dir='ltr'>Domino</span> <span class='ocrx_word' id='word_1_65' title='bbox 1030 1212 1291 1269; x_wconf 90' lang='lat' dir='ltr'>tantum</span> <span class='ocrx_word' id='word_1_66' title='bbox 1336 1206 1409 1269; x_wconf 91' lang='lat' dir='ltr'>in</span> <span class='ocrx_word' id='word_1_67' title='bbox 1452 1207 1787 1270; x_wconf 79' lang='lat' dir='ltr'><strong><em>Dominam</em></strong></span> <span class='ocrx_word' id='word_1_68' title='bbox 1845 1207 2072 1271; x_wconf 89' lang='lat' dir='ltr'>leviter</span> <span class='ocrx_word' id='word_1_69' title='bbox 2114 1208 2478 1286; x_wconf 88' lang='lat' dir='ltr'>immutato,</span> 
     </span>
     <span class='ocr_line' id='line_1_10' title="bbox 266 1308 2481 1392; baseline 0.002 -23"><span class='ocrx_word' id='word_1_70' title='bbox 266 1315 347 1370; x_wconf 88' lang='lat' dir='ltr'>ut</span> <span class='ocrx_word' id='word_1_71' title='bbox 396 1328 530 1370; x_wconf 90' lang='lat' dir='ltr'>non</span> <span class='ocrx_word' id='word_1_72' title='bbox 580 1315 715 1371; x_wconf 90' lang='lat' dir='ltr'>tam</span> <span class='ocrx_word' id='word_1_73' title='bbox 770 1329 990 1371; x_wconf 82' lang='lat' dir='ltr'>novum</span> <span class='ocrx_word' id='word_1_74' title='bbox 1032 1308 1390 1386; x_wconf 90' lang='lat' dir='ltr'>conditum,</span> <span class='ocrx_word' id='word_1_75' title='bbox 1445 1330 1642 1391; x_wconf 88' lang='lat' dir='ltr'>quam</span> <span class='ocrx_word' id='word_1_76' title='bbox 1692 1317 1879 1373; x_wconf 87' lang='lat' dir='ltr'>vetus</span> <span class='ocrx_word' id='word_1_77' title='bbox 1929 1316 2332 1392; x_wconf 87' lang='lat' dir='ltr'>corruptum,</span> <span class='ocrx_word' id='word_1_78' title='bbox 2381 1309 2481 1373; x_wconf 87' lang='lat' dir='ltr'>vel</span> 
     </span>
     <span class='ocr_line' id='line_1_11' title="bbox 264 1408 2482 1495; baseline 0 -23"><span class='ocrx_word' id='word_1_79' title='bbox 264 1408 478 1492; x_wconf 89' lang='lat' dir='ltr'>prima</span> <span class='ocrx_word' id='word_1_80' title='bbox 533 1409 695 1473; x_wconf 83' lang='lat' dir='ltr'>facie</span> <span class='ocrx_word' id='word_1_81' title='bbox 755 1411 1094 1492; x_wconf 81' lang='lat' dir='ltr'>agniturus</span> <span class='ocrx_word' id='word_1_82' title='bbox 1153 1410 1257 1474; x_wconf 88' lang='lat' dir='ltr'>sit.</span> <span class='ocrx_word' id='word_1_83' title='bbox 1349 1411 1479 1474; x_wconf 88' lang='lat' dir='ltr'>Sed</span> <span class='ocrx_word' id='word_1_84' title='bbox 1525 1432 1747 1475; x_wconf 79' lang='lat' dir='ltr'>novum</span> <span class='ocrx_word' id='word_1_85' title='bbox 1794 1421 1952 1490; x_wconf 89' lang='lat' dir='ltr'>esto,</span> <span class='ocrx_word' id='word_1_86' title='bbox 2001 1434 2041 1475; x_wconf 91' lang='lat' dir='ltr'>a</span> <span class='ocrx_word' id='word_1_87' title='bbox 2082 1410 2482 1495; x_wconf 88' lang='lat' dir='ltr'>blasphemia</span> 
     </span>
     <span class='ocr_line' id='line_1_12' title="bbox 269 1512 2482 1597; baseline 0.001 -22"><span class='ocrx_word' id='word_1_88' title='bbox 269 1512 554 1595; x_wconf 89' lang='lat' dir='ltr'>quidem.</span> <span class='ocrx_word' id='word_1_89' title='bbox 645 1512 1063 1596; x_wconf 88' lang='lat' dir='ltr'>Blasphemia</span> <span class='ocrx_word' id='word_1_90' title='bbox 1101 1513 1276 1577; x_wconf 90' lang='lat' dir='ltr'>enim</span> <span class='ocrx_word' id='word_1_91' title='bbox 1318 1513 1410 1577; x_wconf 94' lang='lat' dir='ltr'>ibi</span> <span class='ocrx_word' id='word_1_92' title='bbox 1456 1514 1838 1590; x_wconf 86' lang='lat' dir='ltr'>manifesta;</span> <span class='ocrx_word' id='word_1_93' title='bbox 1886 1536 2054 1592; x_wconf 88' lang='lat' dir='ltr'>cum,</span> <span class='ocrx_word' id='word_1_94' title='bbox 2097 1514 2270 1597; x_wconf 89' lang='lat' dir='ltr'>quod</span> <span class='ocrx_word' id='word_1_95' title='bbox 2307 1521 2482 1577; x_wconf 69' lang='lat' dir='ltr'>vetus</span> 
     </span>
     <span class='ocr_line' id='line_1_13' title="bbox 262 1615 2475 1696; baseline 0.001 -18"><span class='ocrx_word' id='word_1_96' title='bbox 262 1615 377 1679; x_wconf 92' lang='lat' dir='ltr'>illc</span> <span class='ocrx_word' id='word_1_97' title='bbox 424 1616 559 1679; x_wconf 85' lang='lat' dir='ltr'>Deo</span> <span class='ocrx_word' id='word_1_98' title='bbox 611 1617 903 1681; x_wconf 76' lang='lat' dir='ltr'>Creatori</span> <span class='ocrx_word' id='word_1_99' title='bbox 955 1617 1203 1681; x_wconf 89' lang='lat' dir='ltr'>dictum</span> <span class='ocrx_word' id='word_1_100' title='bbox 1261 1618 1485 1696; x_wconf 82' lang='lat' dir='ltr'>voluit,</span> <span class='ocrx_word' id='word_1_101' title='bbox 1538 1639 1730 1681; x_wconf 70' lang='lat' dir='ltr'>novus</span> <span class='ocrx_word' id='word_1_102' title='bbox 1790 1619 1915 1682; x_wconf 90' lang='lat' dir='ltr'>iste</span> <span class='ocrx_word' id='word_1_103' title='bbox 1963 1618 2173 1682; x_wconf 86' lang='lat' dir='ltr'>David</span> <span class='ocrx_word' id='word_1_104' title='bbox 2224 1637 2475 1681; x_wconf 82' lang='lat' dir='ltr'>accom-</span> 
     </span>
     <span class='ocr_line' id='line_1_14' title="bbox 264 1718 2471 1804; baseline -0 -21"><span class='ocrx_word' id='word_1_105' title='bbox 264 1718 508 1797; x_wconf 90' lang='lat' dir='ltr'>modet,</span> <span class='ocrx_word' id='word_1_106' title='bbox 568 1739 705 1783; x_wconf 92' lang='lat' dir='ltr'>non</span> <span class='ocrx_word' id='word_1_107' title='bbox 764 1720 913 1782; x_wconf 83' lang='lat' dir='ltr'>Deoe</span> <span class='ocrx_word' id='word_1_108' title='bbox 979 1720 1315 1803; x_wconf 87' lang='lat' dir='ltr'><strong>(concedet</strong></span> <span class='ocrx_word' id='word_1_109' title='bbox 1374 1720 1787 1804; x_wconf 77' lang='lat' dir='ltr'>cardinalis),</span> <span class='ocrx_word' id='word_1_110' title='bbox 1848 1741 2072 1784; x_wconf 87' lang='lat' dir='ltr'>verum</span> <span class='ocrx_word' id='word_1_111' title='bbox 2136 1720 2471 1796; x_wconf 64' lang='lat' dir='ltr'>Gnatum»,</span> 
     </span>
     <span class='ocr_line' id='line_1_15' title="bbox 262 1822 2472 1905; baseline 0.001 -21"><span class='ocrx_word' id='word_1_112' title='bbox 262 1823 481 1885; x_wconf 83' lang='lat' dir='ltr'>Beatoe</span> <span class='ocrx_word' id='word_1_113' title='bbox 510 1822 607 1885; x_wconf 90' lang='lat' dir='ltr'>illi</span> <span class='ocrx_word' id='word_1_114' title='bbox 638 1822 899 1905; x_wconf 86' lang='lat' dir='ltr'>quidem</span> <span class='ocrx_word' id='word_1_115' title='bbox 930 1830 996 1887; x_wconf 89' lang='lat' dir='ltr'>et</span> <span class='ocrx_word' id='word_1_116' title='bbox 1018 1824 1238 1905; x_wconf 70' lang='lat' dir='ltr'>qratia</span> <span class='ocrx_word' id='word_1_117' title='bbox 1254 1825 1479 1905; x_wconf 80' lang='lat' dir='ltr'>plenoe,</span> <span class='ocrx_word' id='word_1_118' title='bbox 1504 1824 1620 1887; x_wconf 86' lang='lat' dir='ltr'>sed</span> <span class='ocrx_word' id='word_1_119' title='bbox 1649 1831 1868 1888; x_wconf 89' lang='lat' dir='ltr'>tamen</span> <span class='ocrx_word' id='word_1_120' title='bbox 1898 1823 2232 1885; x_wconf 80' lang='lat' dir='ltr'>Creaturae.</span> <span class='ocrx_word' id='word_1_121' title='bbox 2282 1823 2472 1889; x_wconf 79' lang='lat' dir='ltr'>Quod</span> 
     </span>
     <span class='ocr_line' id='line_1_16' title="bbox 262 1925 2473 2012; baseline 0 -23"><span class='ocrx_word' id='word_1_122' title='bbox 262 1926 386 1989; x_wconf 89' lang='lat' dir='ltr'>nisi</span> <span class='ocrx_word' id='word_1_123' title='bbox 415 1926 642 1989; x_wconf 88' lang='lat' dir='ltr'>fuisset</span> <span class='ocrx_word' id='word_1_124' title='bbox 670 1925 838 1989; x_wconf 89' lang='lat' dir='ltr'>forte</span> <span class='ocrx_word' id='word_1_125' title='bbox 868 1925 950 1990; x_wconf 93' lang='lat' dir='ltr'>de</span> <span class='ocrx_word' id='word_1_126' title='bbox 977 1927 1248 2009; x_wconf 73' lang='lat' dir='ltr'>Colleyio</span> <span class='ocrx_word' id='word_1_127' title='bbox 1272 1927 1724 2006; x_wconf 78' lang='lat' dir='ltr'>Cardinalium,</span> <span class='ocrx_word' id='word_1_128' title='bbox 1757 1927 1867 2012; x_wconf 89' lang='lat' dir='ltr'>qui</span> <span class='ocrx_word' id='word_1_129' title='bbox 1896 1926 2072 2005; x_wconf 88' lang='lat' dir='ltr'>fecit,</span> <span class='ocrx_word' id='word_1_130' title='bbox 2105 1926 2473 1990; x_wconf 79' lang='lat' dir='ltr'>defensione</span> 
     </span>
     <span class='ocr_line' id='line_1_17' title="bbox 266 2028 1389 2094; baseline 0.001 -2"><span class='ocrx_word' id='word_1_131' title='bbox 266 2029 349 2092; x_wconf 88' lang='lat' dir='ltr'>de</span> <span class='ocrx_word' id='word_1_132' title='bbox 376 2028 501 2093; x_wconf 92' lang='lat' dir='ltr'>hoc</span> <span class='ocrx_word' id='word_1_133' title='bbox 529 2028 701 2092; x_wconf 89' lang='lat' dir='ltr'>facto</span> <span class='ocrx_word' id='word_1_134' title='bbox 730 2049 849 2092; x_wconf 87' lang='lat' dir='ltr'>suo</span> <span class='ocrx_word' id='word_1_135' title='bbox 880 2037 1020 2093; x_wconf 89' lang='lat' dir='ltr'>erat</span> <span class='ocrx_word' id='word_1_136' title='bbox 1047 2029 1389 2094; x_wconf 86' lang='lat' dir='ltr'>cariturus.</span> 
     </span>
    </p>
   </div>
   <div class='ocr_carea' id='block_1_3' title="bbox 329 2163 2474 2714">
    <p class='ocr_par' dir='ltr' id='par_1_3' title="bbox 329 2163 2474 2714">
     <span class='ocr_line' id='line_1_18' title="bbox 329 2163 2474 2228; baseline 0.001 -15"><span class='ocrx_word' id='word_1_137' title='bbox 329 2165 402 2213; x_wconf 81' lang='lat' dir='ltr'>At</span> <span class='ocrx_word' id='word_1_138' title='bbox 423 2178 672 2228; x_wconf 82' lang='lat' dir='ltr'>nusquam</span> <span class='ocrx_word' id='word_1_139' title='bbox 694 2164 924 2215; x_wconf 78' lang='lat' dir='ltr'>inveniet</span> <span class='ocrx_word' id='word_1_140' title='bbox 945 2163 1056 2214; x_wconf 83' lang='lat' dir='ltr'>Rex</span> <span class='ocrx_word' id='word_1_141' title='bbox 1082 2164 1357 2228; x_wconf 74' lang='lat' dir='ltr'>Scripturas</span> <span class='ocrx_word' id='word_1_142' title='bbox 1381 2202 1393 2214; x_wconf 85' lang='lat'>.</span> <span class='ocrx_word' id='word_1_143' title='bbox 1430 2202 1442 2213; x_wconf 94' lang='lat'>.</span> <span class='ocrx_word' id='word_1_144' title='bbox 1478 2165 1750 2215; x_wconf 83' lang='lat' dir='ltr'>lectionem</span> <span class='ocrx_word' id='word_1_145' title='bbox 1785 2165 1930 2215; x_wconf 87' lang='lat' dir='ltr'>laicis</span> <span class='ocrx_word' id='word_1_146' title='bbox 1963 2169 2054 2215; x_wconf 89' lang='lat' dir='ltr'>aut</span> <span class='ocrx_word' id='word_1_147' title='bbox 2087 2165 2284 2215; x_wconf 83' lang='lat' dir='ltr'>clericis</span> <span class='ocrx_word' id='word_1_148' title='bbox 2322 2165 2474 2215; x_wconf 81' lang='lat' dir='ltr'>fuisse</span> 
     </span>
     <span class='ocr_line' id='line_1_19' title="bbox 394 2244 2474 2310; baseline 0 -15"><span class='ocrx_word' id='word_1_149' title='bbox 394 2245 718 2309; x_wconf 80' lang='lat' dir='ltr'>prohibitam.</span> <span class='ocrx_word' id='word_1_150' title='bbox 786 2245 854 2294; x_wconf 81' lang='lat' dir='ltr'>Et</span> <span class='ocrx_word' id='word_1_151' title='bbox 875 2244 1021 2296; x_wconf 79' lang='lat' dir='ltr'>valde</span> <span class='ocrx_word' id='word_1_152' title='bbox 1040 2246 1334 2296; x_wconf 78' lang='lat' dir='ltr'>mirandum</span> <span class='ocrx_word' id='word_1_153' title='bbox 1354 2251 1448 2307; x_wconf 84' lang='lat' dir='ltr'>est,</span> <span class='ocrx_word' id='word_1_154' title='bbox 1470 2245 1604 2310; x_wconf 87' lang='lat' dir='ltr'>quod</span> <span class='ocrx_word' id='word_1_155' title='bbox 1629 2246 1737 2296; x_wconf 84' lang='lat' dir='ltr'>Rex</span> <span class='ocrx_word' id='word_1_156' title='bbox 1758 2246 1921 2306; x_wconf 84' lang='lat' dir='ltr'>addit,</span> <span class='ocrx_word' id='word_1_157' title='bbox 1953 2246 2019 2296; x_wconf 84' lang='lat' dir='ltr'>ad</span> <span class='ocrx_word' id='word_1_158' title='bbox 2051 2247 2314 2297; x_wconf 84' lang='lat' dir='ltr'>silentium</span> <span class='ocrx_word' id='word_1_159' title='bbox 2338 2246 2474 2296; x_wconf 87' lang='lat' dir='ltr'>dam-</span> 
     </span>
     <span class='ocr_line' id='line_1_20' title="bbox 392 2326 2473 2391; baseline 0 -15"><span class='ocrx_word' id='word_1_160' title='bbox 392 2330 540 2376; x_wconf 83' lang='lat' dir='ltr'>natos</span> <span class='ocrx_word' id='word_1_161' title='bbox 561 2341 670 2376; x_wconf 79' lang='lat' dir='ltr'>csse</span> <span class='ocrx_word' id='word_1_162' title='bbox 689 2326 848 2376; x_wconf 86' lang='lat' dir='ltr'>libros</span> <span class='ocrx_word' id='word_1_163' title='bbox 869 2340 1048 2386; x_wconf 84' lang='lat' dir='ltr'>sacros,</span> <span class='ocrx_word' id='word_1_164' title='bbox 1073 2330 1131 2375; x_wconf 82' lang='lat' dir='ltr'>ut</span> <span class='ocrx_word' id='word_1_165' title='bbox 1163 2341 1253 2391; x_wconf 84' lang='lat' dir='ltr'>pro</span> <span class='ocrx_word' id='word_1_166' title='bbox 1286 2327 1525 2377; x_wconf 73' lang='lat' dir='ltr'>haeretico</span> <span class='ocrx_word' id='word_1_167' title='bbox 1545 2328 1940 2386; x_wconf 74' lang='lat' dir='ltr'>combureretur,</span> <span class='ocrx_word' id='word_1_168' title='bbox 1962 2328 2052 2390; x_wconf 90' lang='lat' dir='ltr'>qui</span> <span class='ocrx_word' id='word_1_169' title='bbox 2081 2342 2167 2377; x_wconf 87' lang='lat' dir='ltr'>eos</span> <span class='ocrx_word' id='word_1_170' title='bbox 2200 2328 2257 2377; x_wconf 90' lang='lat' dir='ltr'>in</span> <span class='ocrx_word' id='word_1_171' title='bbox 2291 2342 2473 2378; x_wconf 75' lang='lat' dir='ltr'>manus</span> 
     </span>
     <span class='ocr_line' id='line_1_21' title="bbox 390 2406 2473 2471; baseline 0 -16"><span class='ocrx_word' id='word_1_172' title='bbox 390 2421 587 2457; x_wconf 80' lang='lat' dir='ltr'>sumere</span> <span class='ocrx_word' id='word_1_173' title='bbox 620 2406 828 2457; x_wconf 83' lang='lat' dir='ltr'>auderet</span> <span class='ocrx_word' id='word_1_174' title='bbox 859 2411 949 2457; x_wconf 85' lang='lat' dir='ltr'>aut</span> <span class='ocrx_word' id='word_1_175' title='bbox 982 2407 1245 2471; x_wconf 76' lang='lat' dir='ltr'>inspicere.</span> <span class='ocrx_word' id='word_1_176' title='bbox 1314 2407 1439 2465; x_wconf 80' lang='lat' dir='ltr'>Quae</span> <span class='ocrx_word' id='word_1_177' title='bbox 1461 2418 1686 2470; x_wconf 85' lang='lat' dir='ltr'>unquam</span> <span class='ocrx_word' id='word_1_178' title='bbox 1709 2408 1924 2457; x_wconf 83' lang='lat' dir='ltr'>historia</span> <span class='ocrx_word' id='word_1_179' title='bbox 1945 2408 2041 2456; x_wconf 89' lang='lat' dir='ltr'>hoc</span> <span class='ocrx_word' id='word_1_180' title='bbox 2062 2408 2327 2471; x_wconf 66' lang='lat' dir='ltr'>prodidit?</span> <span class='ocrx_word' id='word_1_181' title='bbox 2357 2409 2473 2471; x_wconf 85' lang='lat' dir='ltr'>quis</span> 
     </span>
     <span class='ocr_line' id='line_1_22' title="bbox 388 2485 2470 2551; baseline -0 -14"><span class='ocrx_word' id='word_1_182' title='bbox 388 2492 565 2537; x_wconf 85' lang='lat' dir='ltr'>auctor</span> <span class='ocrx_word' id='word_1_183' title='bbox 585 2487 826 2538; x_wconf 74' lang='lat' dir='ltr'>tradidit‘l</span> <span class='ocrx_word' id='word_1_184' title='bbox 858 2503 924 2538; x_wconf 87' lang='lat' dir='ltr'>ne</span> <span class='ocrx_word' id='word_1_185' title='bbox 946 2488 1114 2538; x_wconf 82' lang='lat' dir='ltr'>dicam</span> <span class='ocrx_word' id='word_1_186' title='bbox 1149 2488 1264 2551; x_wconf 86' lang='lat' dir='ltr'>quis</span> <span class='ocrx_word' id='word_1_187' title='bbox 1285 2487 1418 2537; x_wconf 84' lang='lat' dir='ltr'>vidit</span> <span class='ocrx_word' id='word_1_188' title='bbox 1450 2492 1539 2537; x_wconf 85' lang='lat' dir='ltr'>aut</span> <span class='ocrx_word' id='word_1_189' title='bbox 1571 2486 1774 2536; x_wconf 86' lang='lat' dir='ltr'>audivit</span> <span class='ocrx_word' id='word_1_190' title='bbox 1809 2502 1900 2550; x_wconf 92' lang='lat' dir='ltr'>pro</span> <span class='ocrx_word' id='word_1_191' title='bbox 1935 2485 2195 2537; x_wconf 76' lang='lat' dir='ltr'>Haeretico</span> <span class='ocrx_word' id='word_1_192' title='bbox 2224 2487 2470 2547; x_wconf 87' lang='lat' dir='ltr'>comburi,</span> 
     </span>
     <span class='ocr_line' id='line_1_23' title="bbox 387 2565 2467 2633; baseline -0.001 -15"><span class='ocrx_word' id='word_1_193' title='bbox 387 2570 477 2632; x_wconf 84' lang='lat' dir='ltr'>qui</span> <span class='ocrx_word' id='word_1_194' title='bbox 499 2569 783 2633; x_wconf 73' lang='lat' dir='ltr'>Scripturas</span> <span class='ocrx_word' id='word_1_195' title='bbox 802 2570 1080 2632; x_wconf 77' lang='lat' dir='ltr'>attingeret</span> <span class='ocrx_word' id='word_1_196' title='bbox 1094 2568 1329 2633; x_wconf 74' lang='lat'>3-[13011.</span> <span class='ocrx_word' id='word_1_197' title='bbox 1353 2567 1504 2632; x_wconf 84' lang='lat' dir='ltr'>Apol.</span> <span class='ocrx_word' id='word_1_198' title='bbox 1527 2582 1620 2633; x_wconf 86' lang='lat' dir='ltr'>pro</span> <span class='ocrx_word' id='word_1_199' title='bbox 1644 2566 1815 2631; x_wconf 65' lang='lat' dir='ltr'>Resp]</span> <span class='ocrx_word' id='word_1_200' title='bbox 1839 2583 1889 2631; x_wconf 91' lang='lat' dir='ltr'>p.</span> <span class='ocrx_word' id='word_1_201' title='bbox 1916 2568 2026 2617; x_wconf 80' lang='lat'>148.</span> <span class='ocrx_word' id='word_1_202' title='bbox 2063 2565 2202 2632; x_wconf 86' lang='lat' dir='ltr'>[Op.,</span> <span class='ocrx_word' id='word_1_203' title='bbox 2234 2572 2358 2616; x_wconf 86' lang='lat' dir='ltr'>tom.</span> <span class='ocrx_word' id='word_1_204' title='bbox 2380 2567 2467 2615; x_wconf 83' lang='lat' dir='ltr'>vii.</span> 
     </span>
     <span class='ocr_line' id='line_1_24' title="bbox 389 2642 900 2714; baseline 0 -13"><span class='ocrx_word' id='word_1_205' title='bbox 389 2651 483 2701; x_wconf 90' lang='lat' dir='ltr'>col.</span> <span class='ocrx_word' id='word_1_206' title='bbox 507 2651 619 2704; x_wconf 84' lang='grc'><strong>788.</strong></span> <span class='ocrx_word' id='word_1_207' title='bbox 650 2651 714 2701; x_wconf 80' lang='grc' dir='ltr'>Δ.</span> <span class='ocrx_word' id='word_1_208' title='bbox 734 2649 815 2714; x_wconf 88' lang='lat' dir='ltr'>B.]</span> <span class='ocrx_word' id='word_1_209' title='bbox 891 2642 900 2652; x_wconf 80' lang='grc'><strong>”</strong></span> 
     </span>
    </p>
   </div>
   <div class='ocr_carea' id='block_1_4' title="bbox 2585 1916 2714 1978">
    <p class='ocr_par' dir='ltr' id='par_1_4' title="bbox 2585 1916 2714 1978">
     <span class='ocr_line' id='line_1_25' title="bbox 2585 1916 2714 1978; baseline -0.016 0"><span class='ocrx_word' id='word_1_210' title='bbox 2585 1916 2714 1978; x_wconf 84' lang='grc'>266</span> 
     </span>
    </p>
   </div>
   <div class='ocr_carea' id='block_1_5' title="bbox 346 2747 2714 2832">
    <p class='ocr_par' dir='ltr' id='par_1_5' title="bbox 346 2747 2714 2832">
     <span class='ocr_line' id='line_1_26' title="bbox 346 2747 2714 2832; baseline 0.001 -18"><span class='ocrx_word' id='word_1_211' title='bbox 346 2748 523 2814; x_wconf 81' lang='lat' dir='ltr'>Quid</span> <span class='ocrx_word' id='word_1_212' title='bbox 548 2769 702 2813; x_wconf 82' lang='lat' dir='ltr'>vero</span> <span class='ocrx_word' id='word_1_213' title='bbox 744 2747 924 2813; x_wconf 86' lang='lat' dir='ltr'>brevi</span> <span class='ocrx_word' id='word_1_214' title='bbox 961 2749 1101 2832; x_wconf 87' lang='lat' dir='ltr'>jam</span> <span class='ocrx_word' id='word_1_215' title='bbox 1136 2747 1467 2812; x_wconf 86' lang='lat' dir='ltr'>Cardinali</span> <span class='ocrx_word' id='word_1_216' title='bbox 1507 2748 1643 2826; x_wconf 90' lang='lat' dir='ltr'>fiet,</span> <span class='ocrx_word' id='word_1_217' title='bbox 1678 2748 1788 2830; x_wconf 90' lang='lat' dir='ltr'>qui</span> <span class='ocrx_word' id='word_1_218' title='bbox 1832 2755 2030 2830; x_wconf 84' lang='lat' dir='ltr'>negat</span> <span class='ocrx_word' id='word_1_219' title='bbox 2070 2766 2467 2828; x_wconf 67' lang='lat' dir='ltr'>suppressam</span> <span class='ocrx_word' id='word_1_220' title='bbox 2496 2765 2599 2829; x_wconf 80' lang='lat' dir='ltr'>[De</span> <span class='ocrx_word' id='word_1_221' title='bbox 2622 2768 2714 2817; x_wconf 79' lang='lat' dir='ltr'>loc-</span> 
     </span>
    </p>
   </div>
   <div class='ocr_carea' id='block_1_6' title="bbox 2490 2832 2629 2881">
    <p class='ocr_par' dir='ltr' id='par_1_6' title="bbox 2490 2832 2629 2881">
     <span class='ocr_line' id='line_1_27' title="bbox 2490 2832 2629 2881; baseline 0.014 -2"><span class='ocrx_word' id='word_1_222' title='bbox 2490 2832 2629 2881; x_wconf 89' lang='lat' dir='ltr'>tione</span> 
     </span>
    </p>
   </div>
   <div class='ocr_carea' id='block_1_7' title="bbox 257 2850 2766 3036">
    <p class='ocr_par' dir='ltr' id='par_1_7' title="bbox 257 2850 2766 3036">
     <span class='ocr_line' id='line_1_28' title="bbox 257 2850 2764 2960; baseline -0.001 -46"><span class='ocrx_word' id='word_1_223' title='bbox 257 2873 298 2914; x_wconf 89' lang='lat' dir='ltr'>a</span> <span class='ocrx_word' id='word_1_224' title='bbox 344 2851 658 2916; x_wconf 91' lang='lat' dir='ltr'>Pontifice</span> <span class='ocrx_word' id='word_1_225' title='bbox 720 2852 1135 2932; x_wconf 54' lang='lat' dir='ltr'>Str-imarum,</span> <span class='ocrx_word' id='word_1_226' title='bbox 1196 2852 1523 2914; x_wconf 81' lang='lat' dir='ltr'>vetitamve</span> <span class='ocrx_word' id='word_1_227' title='bbox 1586 2850 1759 2914; x_wconf 84' lang='lat' dir='ltr'>illius</span> <span class='ocrx_word' id='word_1_228' title='bbox 1817 2851 2139 2913; x_wconf 75' lang='lat' dir='ltr'>lectionem</span> <span class='ocrx_word' id='word_1_229' title='bbox 2169 2851 2202 2911; x_wconf 80' lang='lat'><em>?</em></span> <span class='ocrx_word' id='word_1_230' title='bbox 2305 2850 2464 2913; x_wconf 93' lang='lat' dir='ltr'>Non</span> <span class='ocrx_word' id='word_1_231' title='bbox 2488 2894 2764 2960; x_wconf 75' lang='lat' dir='ltr'>Scriptura-</span> 
     </span>
     <span class='ocr_line' id='line_1_29' title="bbox 263 2952 2766 3036; baseline -0.002 -20"><span class='ocrx_word' id='word_1_232' title='bbox 263 2954 526 3016; x_wconf 70' lang='lat' dir='ltr'>clericis</span> <span class='ocrx_word' id='word_1_233' title='bbox 567 2953 849 3036; x_wconf 85' lang='lat' dir='ltr'>quidem,</span> <span class='ocrx_word' id='word_1_234' title='bbox 881 2953 1115 3036; x_wconf 84' lang='lat' dir='ltr'>quibus</span> <span class='ocrx_word' id='word_1_235' title='bbox 1151 2954 1554 3017; x_wconf 79' lang='lat' dir='ltr'>interdictum</span> <span class='ocrx_word' id='word_1_236' title='bbox 1598 2954 1872 3031; x_wconf 88' lang='lat' dir='ltr'>nullum,</span> <span class='ocrx_word' id='word_1_237' title='bbox 1903 2952 2265 3035; x_wconf 58' lang='lat' dir='ltr'>ignorantia</span> <span class='ocrx_word' id='word_1_238' title='bbox 2295 2972 2463 3033; x_wconf 87' lang='lat' dir='ltr'>saepe</span> <span class='ocrx_word' id='word_1_239' title='bbox 2488 2975 2600 3009; x_wconf 85' lang='lat' dir='ltr'>rum</span> <span class='ocrx_word' id='word_1_240' title='bbox 2625 2962 2766 3012; x_wconf 75' lang='lat' dir='ltr'>laicis</span> 
     </span>
    </p>
   </div>
   <div class='ocr_carea' id='block_1_8' title="bbox 156 3055 2464 4472">
    <p class='ocr_par' dir='ltr' id='par_1_8' title="bbox 156 3055 2464 4472">
     <span class='ocr_line' id='line_1_30' title="bbox 256 3055 2464 3140; baseline -0.001 -20"><span class='ocrx_word' id='word_1_241' title='bbox 256 3078 472 3120; x_wconf 85' lang='lat' dir='ltr'>crassa</span> <span class='ocrx_word' id='word_1_242' title='bbox 514 3057 587 3120; x_wconf 89' lang='lat' dir='ltr'>in</span> <span class='ocrx_word' id='word_1_243' title='bbox 637 3077 831 3121; x_wconf 88' lang='lat' dir='ltr'>causa</span> <span class='ocrx_word' id='word_1_244' title='bbox 872 3056 1017 3135; x_wconf 89' lang='lat' dir='ltr'>fuit,</span> <span class='ocrx_word' id='word_1_245' title='bbox 1065 3078 1148 3120; x_wconf 91' lang='lat' dir='ltr'>ne</span> <span class='ocrx_word' id='word_1_246' title='bbox 1195 3064 1459 3139; x_wconf 83' lang='lat' dir='ltr'>possent</span> <span class='ocrx_word' id='word_1_247' title='bbox 1503 3057 1738 3140; x_wconf 87' lang='lat' dir='ltr'>legere.</span> <span class='ocrx_word' id='word_1_248' title='bbox 1827 3057 1920 3120; x_wconf 90' lang='lat' dir='ltr'>At</span> <span class='ocrx_word' id='word_1_249' title='bbox 1965 3076 2184 3119; x_wconf 89' lang='lat' dir='ltr'>nonne</span> <span class='ocrx_word' id='word_1_250' title='bbox 2231 3055 2413 3117; x_wconf 68' lang='lat' dir='ltr'>laicis</span> <span class='ocrx_word' id='word_1_251' title='bbox 2431 3055 2464 3118; x_wconf 70' lang='lat'>‚2</span> 
     </span>
     <span class='ocr_line' id='line_1_31' title="bbox 259 3157 2464 3246; baseline -0.001 -21"><span class='ocrx_word' id='word_1_252' title='bbox 259 3159 475 3225; x_wconf 81' lang='lat' dir='ltr'>Quam</span> <span class='ocrx_word' id='word_1_253' title='bbox 523 3179 629 3222; x_wconf 86' lang='lat' dir='ltr'>me</span> <span class='ocrx_word' id='word_1_254' title='bbox 680 3158 967 3223; x_wconf 90' lang='lat' dir='ltr'>hominis</span> <span class='ocrx_word' id='word_1_255' title='bbox 1014 3158 1237 3246; x_wconf 87' lang='lat' dir='ltr'>pudet,</span> <span class='ocrx_word' id='word_1_256' title='bbox 1289 3160 1401 3241; x_wconf 85' lang='lat' dir='ltr'>qui</span> <span class='ocrx_word' id='word_1_257' title='bbox 1446 3160 1567 3222; x_wconf 87' lang='lat' dir='ltr'>scit</span> <span class='ocrx_word' id='word_1_258' title='bbox 1608 3159 2026 3243; x_wconf 86' lang='lat' dir='ltr'>obsignatum</span> <span class='ocrx_word' id='word_1_259' title='bbox 2079 3166 2223 3222; x_wconf 91' lang='lat' dir='ltr'>tum</span> <span class='ocrx_word' id='word_1_260' title='bbox 2269 3157 2464 3222; x_wconf 81' lang='lat' dir='ltr'>fuisse</span> 
     </span>
     <span class='ocr_line' id='line_1_32' title="bbox 254 3259 2459 3346; baseline -0 -22"><span class='ocrx_word' id='word_1_261' title='bbox 254 3261 495 3326; x_wconf 90' lang='lat' dir='ltr'>librum</span> <span class='ocrx_word' id='word_1_262' title='bbox 541 3261 747 3339; x_wconf 90' lang='lat' dir='ltr'>illum,</span> <span class='ocrx_word' id='word_1_263' title='bbox 790 3268 865 3324; x_wconf 90' lang='lat' dir='ltr'>ut</span> <span class='ocrx_word' id='word_1_264' title='bbox 915 3261 1112 3324; x_wconf 86' lang='lat' dir='ltr'>Sacra</span> <span class='ocrx_word' id='word_1_265' title='bbox 1157 3261 1318 3344; x_wconf 89' lang='lat' dir='ltr'>ipsa,</span> <span class='ocrx_word' id='word_1_266' title='bbox 1372 3262 1598 3346; x_wconf 88' lang='lat' dir='ltr'>lingua</span> <span class='ocrx_word' id='word_1_267' title='bbox 1643 3263 1869 3346; x_wconf 86' lang='lat' dir='ltr'>ignota</span> <span class='ocrx_word' id='word_1_268' title='bbox 1917 3262 2126 3344; x_wconf 71' lang='lat' dir='ltr'>(laicis</span> <span class='ocrx_word' id='word_1_269' title='bbox 2173 3259 2459 3344; x_wconf 84' lang='lat' dir='ltr'>quidem)</span> 
     </span>
     <span class='ocr_line' id='line_1_33' title="bbox 254 3361 2463 3448; baseline -0.003 -21"><span class='ocrx_word' id='word_1_270' title='bbox 254 3370 667 3448; x_wconf 80' lang='lat' dir='ltr'>cautumque,</span> <span class='ocrx_word' id='word_1_271' title='bbox 698 3384 781 3427; x_wconf 93' lang='lat' dir='ltr'>ne</span> <span class='ocrx_word' id='word_1_272' title='bbox 828 3364 901 3426; x_wconf 93' lang='lat' dir='ltr'>in</span> <span class='ocrx_word' id='word_1_273' title='bbox 944 3361 1232 3446; x_wconf 78' lang='lat' dir='ltr'>linguam</span> <span class='ocrx_word' id='word_1_274' title='bbox 1284 3365 1515 3448; x_wconf 83' lang='lat' dir='ltr'>cuique</span> <span class='ocrx_word' id='word_1_275' title='bbox 1561 3375 1925 3427; x_wconf 86' lang='lat' dir='ltr'>maternam</span> <span class='ocrx_word' id='word_1_276' title='bbox 1966 3372 2034 3427; x_wconf 91' lang='lat' dir='ltr'>et</span> <span class='ocrx_word' id='word_1_277' title='bbox 2081 3384 2265 3426; x_wconf 90' lang='lat' dir='ltr'>suam</span> <span class='ocrx_word' id='word_1_278' title='bbox 2313 3384 2463 3428; x_wconf 70' lang='lat' dir='ltr'>con.</span> 
     </span>
     <span class='ocr_line' id='line_1_34' title="bbox 253 3466 2464 3556; baseline -0.001 -26"><span class='ocrx_word' id='word_1_279' title='bbox 253 3467 418 3531; x_wconf 78' lang='lat' dir='ltr'>verti</span> <span class='ocrx_word' id='word_1_280' title='bbox 475 3473 757 3551; x_wconf 87' lang='lat' dir='ltr'>possent.</span> <span class='ocrx_word' id='word_1_281' title='bbox 848 3467 935 3529; x_wconf 88' lang='lat' dir='ltr'>Et</span> <span class='ocrx_word' id='word_1_282' title='bbox 996 3467 1139 3556; x_wconf 89' lang='lat' dir='ltr'>quis</span> <span class='ocrx_word' id='word_1_283' title='bbox 1197 3466 1333 3530; x_wconf 81' lang='lat' dir='ltr'>fere</span> <span class='ocrx_word' id='word_1_284' title='bbox 1398 3467 1687 3550; x_wconf 87' lang='lat' dir='ltr'>Scriptor</span> <span class='ocrx_word' id='word_1_285' title='bbox 1744 3474 1844 3531; x_wconf 89' lang='lat' dir='ltr'>est</span> <span class='ocrx_word' id='word_1_286' title='bbox 1905 3467 1985 3529; x_wconf 91' lang='lat' dir='ltr'>de</span> <span class='ocrx_word' id='word_1_287' title='bbox 2042 3466 2290 3543; x_wconf 86' lang='lat' dir='ltr'>vestris,</span> <span class='ocrx_word' id='word_1_288' title='bbox 2354 3468 2464 3549; x_wconf 93' lang='lat' dir='ltr'>qui</span> 
     </span>
     <span class='ocr_line' id='line_1_35' title="bbox 252 3568 2464 3650; baseline -0.001 -19"><span class='ocrx_word' id='word_1_289' title='bbox 252 3568 607 3634; x_wconf 88' lang='lat' dir='ltr'>identidem</span> <span class='ocrx_word' id='word_1_290' title='bbox 653 3589 789 3633; x_wconf 93' lang='lat' dir='ltr'>non</span> <span class='ocrx_word' id='word_1_291' title='bbox 838 3576 1077 3632; x_wconf 89' lang='lat' dir='ltr'>tractet</span> <span class='ocrx_word' id='word_1_292' title='bbox 1124 3568 1204 3631; x_wconf 88' lang='lat' dir='ltr'>de</span> <span class='ocrx_word' id='word_1_293' title='bbox 1249 3569 1480 3632; x_wconf 71' lang='lat' dir='ltr'>Bibliis</span> <span class='ocrx_word' id='word_1_294' title='bbox 1527 3571 1596 3631; x_wconf 78' lang='lat' dir='ltr'>in</span> <span class='ocrx_word' id='word_1_295' title='bbox 1645 3570 1964 3650; x_wconf 72' lang='lat' dir='ltr'>vulyarem</span> <span class='ocrx_word' id='word_1_296' title='bbox 2015 3569 2291 3649; x_wconf 67' lang='lat' dir='ltr'>linquam</span> <span class='ocrx_word' id='word_1_297' title='bbox 2341 3589 2464 3630; x_wconf 79' lang='lat' dir='ltr'>non</span> 
     </span>
     <span class='ocr_line' id='line_1_36' title="bbox 252 3670 2458 3756; baseline -0.001 -21"><span class='ocrx_word' id='word_1_298' title='bbox 252 3670 713 3753; x_wconf 70' lang='lat' dir='ltr'>transferendis</span> <span class='ocrx_word' id='word_1_299' title='bbox 732 3675 764 3732; x_wconf 76' lang='lat'>.?</span> <span class='ocrx_word' id='word_1_300' title='bbox 851 3673 938 3736; x_wconf 88' lang='lat' dir='ltr'>Et</span> <span class='ocrx_word' id='word_1_301' title='bbox 969 3672 1219 3756; x_wconf 87' lang='lat' dir='ltr'>quoties</span> <span class='ocrx_word' id='word_1_302' title='bbox 1247 3671 1538 3735; x_wconf 82' lang='lat' dir='ltr'>Tridenti</span> <span class='ocrx_word' id='word_1_303' title='bbox 1570 3671 2022 3754; x_wconf 87' lang='lat' dir='ltr'>supplicatum,</span> <span class='ocrx_word' id='word_1_304' title='bbox 2053 3670 2121 3733; x_wconf 91' lang='lat' dir='ltr'>id</span> <span class='ocrx_word' id='word_1_305' title='bbox 2150 3677 2226 3733; x_wconf 87' lang='lat' dir='ltr'>ut</span> <span class='ocrx_word' id='word_1_306' title='bbox 2254 3670 2458 3748; x_wconf 88' lang='lat' dir='ltr'>fieret,</span> 
     </span>
     <span class='ocr_line' id='line_1_37' title="bbox 252 3772 2457 3861; baseline -0.003 -20"><span class='ocrx_word' id='word_1_307' title='bbox 252 3778 493 3861; x_wconf 88' lang='lat' dir='ltr'>rejecta</span> <span class='ocrx_word' id='word_1_308' title='bbox 520 3784 742 3840; x_wconf 90' lang='lat' dir='ltr'>tamen</span> <span class='ocrx_word' id='word_1_309' title='bbox 771 3775 1046 3840; x_wconf 86' lang='lat' dir='ltr'>subinde</span> <span class='ocrx_word' id='word_1_310' title='bbox 1076 3774 1255 3839; x_wconf 90' lang='lat' dir='ltr'>omni</span> <span class='ocrx_word' id='word_1_311' title='bbox 1286 3795 1434 3838; x_wconf 90' lang='lat' dir='ltr'>eum</span> <span class='ocrx_word' id='word_1_312' title='bbox 1459 3775 1529 3838; x_wconf 92' lang='lat' dir='ltr'>in</span> <span class='ocrx_word' id='word_1_313' title='bbox 1553 3776 1751 3838; x_wconf 91' lang='lat' dir='ltr'>finem</span> <span class='ocrx_word' id='word_1_314' title='bbox 1775 3772 2087 3856; x_wconf 87' lang='lat' dir='ltr'>petitione</span> <span class='ocrx_word' id='word_1_315' title='bbox 2107 3773 2159 3834; x_wconf 69' lang='lat'>²?</span> <span class='ocrx_word' id='word_1_316' title='bbox 2213 3773 2457 3839; x_wconf 81' lang='lat' dir='ltr'>Quam-</span> 
     </span>
     <span class='ocr_line' id='line_1_38' title="bbox 156 3875 2459 3961; baseline -0.003 -18"><span class='ocrx_word' id='word_1_317' title='bbox 156 3922 165 3930; x_wconf 85' lang='lat'><strong>·</strong></span> <span class='ocrx_word' id='word_1_318' title='bbox 252 3878 366 3943; x_wconf 91' lang='lat' dir='ltr'>diu</span> <span class='ocrx_word' id='word_1_319' title='bbox 395 3892 547 3943; x_wconf 74' lang='lat' dir='ltr'>vero</span> <span class='ocrx_word' id='word_1_320' title='bbox 575 3879 683 3943; x_wconf 91' lang='lat' dir='ltr'>hic</span> <span class='ocrx_word' id='word_1_321' title='bbox 712 3879 1011 3944; x_wconf 81' lang='lat' dir='ltr'>restitum</span> <span class='ocrx_word' id='word_1_322' title='bbox 1058 3877 1227 3961; x_wconf 90' lang='lat' dir='ltr'>apud</span> <span class='ocrx_word' id='word_1_323' title='bbox 1272 3898 1413 3956; x_wconf 88' lang='lat' dir='ltr'>nos,</span> <span class='ocrx_word' id='word_1_324' title='bbox 1434 3899 1640 3960; x_wconf 41' lang='lat' dir='ltr'>‚quam</span> <span class='ocrx_word' id='word_1_325' title='bbox 1681 3876 1933 3954; x_wconf 87' lang='lat' dir='ltr'>acriter,</span> <span class='ocrx_word' id='word_1_326' title='bbox 1968 3881 2124 3958; x_wconf 91' lang='lat' dir='ltr'>quot</span> <span class='ocrx_word' id='word_1_327' title='bbox 2154 3875 2360 3951; x_wconf 86' lang='lat' dir='ltr'>annis,</span> <span class='ocrx_word' id='word_1_328' title='bbox 2392 3875 2459 3936; x_wconf 88' lang='lat' dir='ltr'>id</span> 
     </span>
     <span class='ocr_line' id='line_1_39' title="bbox 251 3976 2454 4070; baseline -0.002 -27"><span class='ocrx_word' id='word_1_329' title='bbox 251 4002 336 4044; x_wconf 91' lang='lat' dir='ltr'>ne</span> <span class='ocrx_word' id='word_1_330' title='bbox 367 3983 570 4057; x_wconf 75' lang='lat' dir='ltr'>fleret,</span> <span class='ocrx_word' id='word_1_331' title='bbox 600 4002 748 4045; x_wconf 87' lang='lat' dir='ltr'>cum</span> <span class='ocrx_word' id='word_1_332' title='bbox 779 3980 971 4044; x_wconf 86' lang='lat' dir='ltr'>vestri</span> <span class='ocrx_word' id='word_1_333' title='bbox 1000 3980 1107 4043; x_wconf 90' lang='lat' dir='ltr'>hic</span> <span class='ocrx_word' id='word_1_334' title='bbox 1136 4001 1353 4044; x_wconf 89' lang='lat' dir='ltr'>rerum</span> <span class='ocrx_word' id='word_1_335' title='bbox 1384 3980 1555 4070; x_wconf 87' lang='lat' dir='ltr'>apud</span> <span class='ocrx_word' id='word_1_336' title='bbox 1585 4001 1703 4043; x_wconf 87' lang='lat' dir='ltr'>nos</span> <span class='ocrx_word' id='word_1_337' title='bbox 1732 3976 2144 4062; x_wconf 82' lang='lat' dir='ltr'>potirentur?</span> <span class='ocrx_word' id='word_1_338' title='bbox 2212 3977 2454 4040; x_wconf 90' lang='lat' dir='ltr'>Annon</span> 
     </span>
     <span class='ocr_line' id='line_1_40' title="bbox 250 4080 2450 4165; baseline -0.002 -18"><span class='ocrx_word' id='word_1_339' title='bbox 250 4085 373 4149; x_wconf 91' lang='lat' dir='ltr'>hoc</span> <span class='ocrx_word' id='word_1_340' title='bbox 426 4092 545 4163; x_wconf 87' lang='lat' dir='ltr'>est,</span> <span class='ocrx_word' id='word_1_341' title='bbox 593 4085 676 4148; x_wconf 91' lang='lat' dir='ltr'>ad</span> <span class='ocrx_word' id='word_1_342' title='bbox 718 4086 1035 4148; x_wconf 70' lang='lat' dir='ltr'>silentium</span> <span class='ocrx_word' id='word_1_343' title='bbox 1084 4084 1402 4162; x_wconf 81' lang='lat' dir='ltr'>damnare,</span> <span class='ocrx_word' id='word_1_344' title='bbox 1452 4082 1649 4165; x_wconf 90' lang='lat' dir='ltr'>(quod</span> <span class='ocrx_word' id='word_1_345' title='bbox 1702 4081 2024 4145; x_wconf 88' lang='lat' dir='ltr'>damnatis</span> <span class='ocrx_word' id='word_1_346' title='bbox 2074 4080 2213 4143; x_wconf 89' lang='lat' dir='ltr'>fieri</span> <span class='ocrx_word' id='word_1_347' title='bbox 2265 4080 2450 4161; x_wconf 86' lang='lat' dir='ltr'>solet)</span> 
     </span>
     <span class='ocr_line' id='line_1_41' title="bbox 247 4184 2454 4271; baseline -0.003 -20"><span class='ocrx_word' id='word_1_348' title='bbox 247 4188 501 4253; x_wconf 86' lang='lat' dir='ltr'>includi</span> <span class='ocrx_word' id='word_1_349' title='bbox 548 4189 730 4271; x_wconf 85' lang='lat' dir='ltr'>quasi</span> <span class='ocrx_word' id='word_1_350' title='bbox 778 4189 954 4252; x_wconf 89' lang='lat' dir='ltr'>intra</span> <span class='ocrx_word' id='word_1_351' title='bbox 1000 4208 1285 4253; x_wconf 87' lang='lat' dir='ltr'>carceres</span> <span class='ocrx_word' id='word_1_352' title='bbox 1331 4187 1569 4270; x_wconf 84' lang='lat' dir='ltr'>ignotae</span> <span class='ocrx_word' id='word_1_353' title='bbox 1612 4184 1784 4268; x_wconf 89' lang='lat' dir='ltr'>plebi</span> <span class='ocrx_word' id='word_1_354' title='bbox 1828 4185 2087 4267; x_wconf 85' lang='lat' dir='ltr'>linguae,</span> <span class='ocrx_word' id='word_1_355' title='bbox 2130 4189 2323 4266; x_wconf 88' lang='lat' dir='ltr'>atque</span> <span class='ocrx_word' id='word_1_356' title='bbox 2370 4203 2454 4245; x_wconf 87' lang='lat' dir='ltr'>ne</span> 
     </span>
     <span class='ocr_line' id='line_1_42' title="bbox 248 4285 2452 4374; baseline -0.003 -20"><span class='ocrx_word' id='word_1_357' title='bbox 248 4290 405 4355; x_wconf 90' lang='lat' dir='ltr'>inde</span> <span class='ocrx_word' id='word_1_358' title='bbox 445 4292 661 4374; x_wconf 87' lang='lat' dir='ltr'>egredi</span> <span class='ocrx_word' id='word_1_359' title='bbox 703 4293 916 4369; x_wconf 89' lang='lat' dir='ltr'>liceat,</span> <span class='ocrx_word' id='word_1_360' title='bbox 948 4291 1246 4355; x_wconf 90' lang='lat' dir='ltr'>Decretis</span> <span class='ocrx_word' id='word_1_361' title='bbox 1290 4289 1441 4367; x_wconf 77' lang='lat' dir='ltr'>suia,</span> <span class='ocrx_word' id='word_1_362' title='bbox 1472 4287 1641 4351; x_wconf 88' lang='lat' dir='ltr'>bene</span> <span class='ocrx_word' id='word_1_363' title='bbox 1688 4295 1754 4351; x_wconf 90' lang='lat' dir='ltr'>et</span> <span class='ocrx_word' id='word_1_364' title='bbox 1803 4288 2075 4350; x_wconf 89' lang='lat' dir='ltr'>firmiter</span> <span class='ocrx_word' id='word_1_365' title='bbox 2122 4285 2452 4350; x_wconf 79' lang='lat' dir='ltr'>obserari?</span> 
     </span>
     <span class='ocr_line' id='line_1_43' title="bbox 249 4388 2454 4472; baseline -0.004 -14"><span class='ocrx_word' id='word_1_366' title='bbox 249 4394 440 4472; x_wconf 80' lang='lat' dir='ltr'>Tum,</span> <span class='ocrx_word' id='word_1_367' title='bbox 489 4403 558 4457; x_wconf 91' lang='lat' dir='ltr'>et</span> <span class='ocrx_word' id='word_1_368' title='bbox 604 4395 675 4457; x_wconf 91' lang='lat' dir='ltr'>id</span> <span class='ocrx_word' id='word_1_369' title='bbox 720 4393 922 4457; x_wconf 91' lang='lat' dir='ltr'>calide</span> <span class='ocrx_word' id='word_1_370' title='bbox 967 4393 1182 4470; x_wconf 75' lang='lat' dir='ltr'>nimia,</span> <span class='ocrx_word' id='word_1_371' title='bbox 1229 4403 1295 4455; x_wconf 90' lang='lat' dir='ltr'>et</span> <span class='ocrx_word' id='word_1_372' title='bbox 1343 4392 1648 4455; x_wconf 89' lang='lat' dir='ltr'>audacter</span> <span class='ocrx_word' id='word_1_373' title='bbox 1699 4398 1914 4470; x_wconf 86' lang='lat' dir='ltr'>negat,</span> <span class='ocrx_word' id='word_1_374' title='bbox 1963 4388 2131 4472; x_wconf 90' lang='lat' dir='ltr'>quod</span> <span class='ocrx_word' id='word_1_375' title='bbox 2186 4389 2454 4469; x_wconf 84' lang='lat' dir='ltr'>capitale</span> 
     </span>
    </p>
   </div>
   <div class='ocr_carea' id='block_1_9' title="bbox 337 4519 2373 4672">
    <p class='ocr_par' dir='ltr' id='par_1_9' title="bbox 337 4519 2373 4672">
     <span class='ocr_line' id='line_1_44' title="bbox 339 4519 2373 4595; baseline -0.005 -15"><span class='ocrx_word' id='word_1_376' title='bbox 339 4533 355 4561; x_wconf 53' lang='lat' dir='ltr'>i</span> <span class='ocrx_word' id='word_1_377' title='bbox 390 4529 548 4595; x_wconf 86' lang='lat' dir='ltr'>[Vide</span> <span class='ocrx_word' id='word_1_378' title='bbox 572 4529 820 4594; x_wconf 80' lang='lat' dir='ltr'>Raynaldi</span> <span class='ocrx_word' id='word_1_379' title='bbox 839 4529 982 4578; x_wconf 83' lang='lat' dir='ltr'>Cout.</span> <span class='ocrx_word' id='word_1_380' title='bbox 1000 4529 1133 4578; x_wconf 82' lang='lat' dir='ltr'>Anu.</span> <span class='ocrx_word' id='word_1_381' title='bbox 1154 4528 1329 4578; x_wconf 88' lang='lat' dir='ltr'>Barou.</span> <span class='ocrx_word' id='word_1_382' title='bbox 1355 4527 1418 4577; x_wconf 87' lang='lat' dir='ltr'>ad</span> <span class='ocrx_word' id='word_1_383' title='bbox 1441 4528 1717 4578; x_wconf 75' lang='lat' dir='ltr'>anu.1546.</span> <span class='ocrx_word' id='word_1_384' title='bbox 1743 4540 1881 4576; x_wconf 88' lang='lat' dir='ltr'>num.</span> <span class='ocrx_word' id='word_1_385' title='bbox 1906 4528 1983 4574; x_wconf 82' lang='lat'>28.</span> <span class='ocrx_word' id='word_1_386' title='bbox 2006 4526 2080 4573; x_wconf 74' lang='lat'>42.</span> <span class='ocrx_word' id='word_1_387' title='bbox 2107 4529 2225 4574; x_wconf 88' lang='lat' dir='ltr'>tom.</span> <span class='ocrx_word' id='word_1_388' title='bbox 2245 4519 2373 4586; x_wconf 63' lang='lat' dir='ltr'>xxi]</span> 
     </span>
     <span class='ocr_line' id='line_1_45' title="bbox 337 4626 1944 4672; baseline 0 -11"><span class='ocrx_word' id='word_1_389' title='bbox 337 4627 824 4662; x_wconf 55' lang='lat' dir='ltr'>*tantvm—ansa</span> <span class='ocrx_word' id='word_1_390' title='bbox 1834 4627 1875 4672; x_wconf 81' lang='lat'>13</span> <span class='ocrx_word' id='word_1_391' title='bbox 1903 4626 1944 4671; x_wconf 82' lang='grc' dir='ltr'>Β</span> 
     </span>
    </p>
   </div>
   <div class='ocr_carea' id='block_1_10' title="bbox 2487 3029 2704 3094">
    <p class='ocr_par' dir='ltr' id='par_1_10' title="bbox 2487 3029 2704 3094">
     <span class='ocr_line' id='line_1_46' title="bbox 2487 3029 2704 3094; baseline 0.018 -20"><span class='ocrx_word' id='word_1_392' title='bbox 2487 3029 2704 3094; x_wconf 60' lang='lat' dir='ltr'>negata]</span> 
     </span>
    </p>
   </div>
  </div>
 </body>
</html>
