3165 4959
945 364 1315 414 APOLOGIAM
1358 365 1724 414 nnsronsm.
2317 354 2437 416 111

231 522 720 606 Neubrigensis,
745 522 907 586 scire
931 523 1090 587 libet
1115 522 1392 602 Lectori,
1412 523 1707 588 consulat
1730 523 1922 587 lib.ii.
1948 525 2086 609 ejus
2109 546 2245 610 cap.
2267 527 2443 605 26²¹„

228 625 357 703 ubi,
390 646 471 689 ex
503 626 743 688 Sociali
774 625 947 703 bello,
975 625 1261 709 Regibus
1291 626 1528 690 nostris
1558 626 1939 710 acquisitum
1965 629 2073 711 jus
2101 628 2172 690 in
2206 628 2442 692 Hiber-

223 729 424 807 niam,
467 735 534 792 et
574 728 815 792 virtute
856 728 1122 792 militari
1154 729 1376 808 discet,
1413 750 1548 793 non
1589 737 1804 793 autem
1851 751 1931 793 ex
1971 729 2141 794 dono
2171 731 2444 796 Adriani

223 831 347 894 IV.
381 837 559 895 totos
590 852 795 895 annos
841 831 1156 895 tredecim
1195 834 1334 917 jam
1364 840 1515 896 ante
1546 833 1806 896 mortui.
1898 833 2143 897 Eadem
2176 839 2241 898 et
2272 835 2446 918 apud

224 934 574 999 Giraldum
593 945 623 973 ¹¹
662 935 964 1019 reperias,
1055 935 1206 1000 Duo
1266 947 1485 1000 autem
1542 936 1633 1015 hi,
1688 957 1837 1000 cum
1887 958 2004 1020 per
2060 936 2129 1001 id
2187 944 2445 1022 tempus

222 1039 539 1117 viverent,
574 1040 811 1103 certius
843 1061 980 1104 rem
1010 1047 1218 1104 totam
1249 1061 1631 1123 cognoscere
1660 1048 2033 1124 potuerunt.

296 1175 538 1238 Polydori
557 1175 777 1239 Vergilii
799 1176 889 1226 lib.
907 1177 1058 1236 xiiis»,
1081 1175 1283 1226 Nicolai
1305 1176 1515 1227 Sanderi
1540 1176 1603 1226 de
1628 1175 1908 1226 Schismate
1926 1178 2211 1240 Anglicano
2236 1177 2300 1229 ad
2325 1193 2444 1228 ann.

360 1261 490 1309 1542
502 1259 772 1324 1².—[Bell.
797 1260 945 1322 Apol.
971 1274 1063 1324 pro
1087 1258 1262 1323 Resp]
1283 1274 1333 1323 p.
1358 1261 1437 1310 29.
1465 1258 1605 1323 [Op.‚
1628 1262 1752 1308 tom.
1770 1259 1857 1308 vii.
1882 1259 1974 1308 col.
1997 1259 2107 1310 721.
2132 1259 2208 1324 C.]

321 1357 683 1441 Polydorus
711 1379 862 1422 vero
890 1367 1169 1441 nugator
1209 1365 1326 1437 est,
1360 1365 1428 1422 et
1471 1358 1575 1421 cui
1623 1379 1810 1441 saepe,
1854 1358 1934 1421 de
1962 1357 2155 1422 rebus
2182 1359 2444 1437 nostris,

227 1460 390 1524 fides
418 1462 673 1544 parcius
704 1461 1087 1526 adhibenda.
1151 1461 1222 1524 Is
1254 1468 1470 1525 autem
1501 1460 1581 1524 de
1611 1461 1905 1524 Adriano
1933 1460 2116 1524 nihil.
2163 1464 2446 1525 Tantum

228 1562 319 1626 ab
367 1564 732 1627 Alexandro
764 1564 898 1627 III.
945 1564 1202 1649 petiisse
1246 1564 1627 1643 Henricum,
1657 1571 1735 1628 ut
1779 1565 2161 1628 auctoritate
2206 1586 2321 1628 sua
2365 1563 2446 1627 ad

231 1689 509 1750 regnum
542 1668 795 1751 Angliae
825 1668 1092 1753 adjungi
1121 1678 1335 1751 posset
1370 1666 1704 1746 Hibernia,
1738 1689 1872 1731 non
1901 1668 2078 1751 prius
2106 1676 2327 1731 tamen
2356 1667 2443 1745 id,

233 1792 431 1853 quam
459 1771 630 1835 bello
678 1770 1047 1835 domuisset.
1144 1770 1468 1835 Sanderus
1497 1792 1647 1834 vero
1698 1771 1806 1834 hic
1860 1771 1995 1853 (ubi
2036 1793 2184 1836 vero
2226 1793 2361 1835 non
2382 1772 2435 1853 ?)

234 1873 536 1936 mendax.
630 1874 856 1937 Suavis
899 1874 1114 1952 homo,
1164 1896 1202 1936 a
1247 1881 1505 1957 recepta
1543 1874 1680 1957 jam
1729 1874 2035 1957 religione
2066 1875 2446 1939 Pontificem

238 1976 579 2040 Hiberniae
613 1976 857 2059 Regem
889 1976 1184 2055 somniat,
1218 1984 1443 2040 contra
1475 1977 1909 2040 Historiarum
1951 1977 2243 2042 omnium
2281 1979 2446 2042 anti-

236 2080 575 2164 quitatem,
657 2086 726 2142 et
798 2079 1012 2143 fidem.
1107 2080 1214 2144 Sic
1294 2080 1467 2143 enim
1557 2080 2047 2164 Neubrigensis,
2110 2083 2447 2165 Nunquam

234 2188 507 2245 externa·
528 2182 836 2264 subjacuit
860 2183 1082 2246 ditioni
1100 2204 1289 2265 usque
1312 2184 1401 2245 ad
1420 2205 1648 2246 annum
1671 2205 1710 2246 a
1728 2191 1928 2265 partu
1947 2187 2208 2268 viryinis
2234 2189 2448 2263 1171„

235 2289 345 2368 qui
365 2285 504 2367 finit
531 2286 726 2368 Reyis
753 2287 1100 2369 Anylorum
1128 2287 1392 2350 Henrici
1421 2289 1511 2350 II.
1548 2289 1631 2351 18
1655 2301 1702 2350 q.
1793 2289 2008 2353 Etiam
2052 2291 2453 2355 conditiones

232 2397 554 2455 memorat
562 2400 605 2468 Υ,
627 2389 824 2454 etiam
842 2399 1086 2475 ruptas,
1107 2399 1183 2455 ut
1196 2391 1345 2476 jure
1363 2391 1549 2474 proin
1573 2393 1856 2475 potuerit
1877 2394 2228 2477 Gregorius
2247 2394 2449 2458 XIII.

235 2495 590 2578 gratificari
649 2495 782 2559 filio
843 2516 979 2573 suo,
1043 2516 1233 2578 quem
1295 2497 1541 2579 Regem
1613 2496 1948 2561 Hiberniae
2023 2498 2382 2582 designavit
2405 2509 2448 2562 ⁸.

238 2600 455 2665 Quem
490 2598 561 2661 in
600 2598 795 2662 finem
837 2599 1194 2663 Stucleium
1240 2600 1704 2682 nequissimum
1736 2599 2135 2683 transfugam
2169 2601 2344 2664 misit
2375 2623 2451 2664 eo

235 2722 390 2766 cum
436 2724 635 2766 manu
682 2702 985 2779 militum,
1035 2702 1153 2767 sub
1207 2701 1686 2766 conditionibus
1732 2702 1975 2780 multis,
2026 2724 2182 2785 quas
2229 2710 2451 2766 tamen

234 2807 508 2870 minime
538 2813 906 2870 servarunt:
954 2806 1197 2870 Omnes
1230 2807 1404 2869 enim
1432 2806 1505 2868 in
1532 2805 1766 2868 itinere
1795 2804 2144 2888 perierunt.

308 2933 525 2983 Exstant
548 2933 764 2997 denique
796 2934 962 2983 literoe
984 2932 1292 2997 Apostoliese
1324 2932 1358 2982 J
1360 2932 1539 2983 oannis
1562 2931 1739 2982 XXII.
1760 2932 1826 2982 ad
1857 2931 2147 2983 Edvardum
2173 2932 2243 2984 11.
2271 2932 2404 2983 datae
2420 2936 2450 2984 ⁸.

377 3015 523 3081 [Bell.
547 3017 695 3080 Apol.
712 3031 818 3080 pro.
844 3015 1014 3080 Resp.]
1030 3031 1079 3080 p.
1104 3018 1182 3066 29.
1213 3016 1353 3081 [Op.‚
1375 3020 1497 3065 tom.
1524 3015 1611 3065 vii.
1638 3015 1730 3065 eol.
1753 3016 1863 3067 721.
1889 3013 1968 3077 C.]

331 3117 604 3180 Exstant
633 3137 803 3194 vero,
836 3116 948 3180 sed
995 3138 1129 3180 non
1175 3116 1470 3179 substant
1502 3116 1543 3178 J
1548 3113 1773 3179 oannis
1791 3115 2017 3179 XXII.
2065 3116 2287 3195 literae,
2329 3138 2452 3182 nec

234 3220 372 3284 tale
420 3220 576 3303 quid
625 3220 998 3305 loquuntur.
1091 3221 1256 3284 Cum
1309 3220 1597 3284 Adriano
1628 3220 1751 3284 IV.
1798 3219 1954 3303 quid
1999 3228 2235 3301 actum,
2279 3222 2451 3286 solus

243 3322 445 3407 (quod
477 3324 692 3406 sciam)
732 3332 951 3388 narrat
982 3323 1354 3387 Parisiensis
1376 3333 1425 3402 ¹¹,
1459 3323 1631 3408 apud
1668 3345 1856 3406 quem
1887 3325 2162 3407 reperias
2191 3326 2449 3408 Episto-

236 3427 373 3490 lam
402 3427 607 3510 ipsam
636 3427 929 3491 Adriani.
1019 3426 1542 3492 communicarat
1590 3427 1728 3489 Rex
1768 3448 1916 3490 cum
1948 3427 2237 3491 Adriano
2268 3449 2449 3495 men-

234 3538 378 3593 tem
409 3552 592 3596 suam
624 3530 703 3594 de
735 3530 1056 3595 Hibernia
1086 3530 1351 3613 sceptris
1383 3530 1512 3594 suis
1543 3530 1919 3613 adjicienda,
1942 3537 2009 3592 et
2037 3530 2184 3593 rudi
2213 3531 2450 3613 populo

238 3634 326 3698 ad
356 3633 757 3698 Christianos
786 3654 998 3697 mores
1027 3631 1420 3697 revocando:
1466 3633 1740 3716 petierat
1781 3630 1862 3694 ab
1907 3652 1985 3694 eo
2014 3631 2352 3695 consilium
2383 3640 2450 3695 et

305 3779 339 3801 ¹·
376 3769 513 3836 [Gul.
537 3767 729 3819 Nenbr.
761 3768 852 3818 lib.
877 3768 931 3819 ii.
968 3783 1074 3833 cap.
1099 3771 1177 3819 26.
1212 3783 1296 3833 pp.
1390 3768 1687 3818 ‘Paternum
1734 3780 1971 3816 amorem.
1975 3765 2244 3816 '—Bullar.
2301 3765 2446 3817 Rom.

242 3833 542 3898 191-196,]
1385 3839 1507 3884 tom.
1531 3834 1565 3882 i.
1625 3832 1769 3883 .197.
1789 3831 1857 3893 a]

307 3907 330 3930 ⁸
363 3899 668 3949 DeHibern.
692 3898 1164 3963 Expug.[esp.1.p.
1186 3900 1299 3952 760.
1451 3899 1561 4011 '‘R“
1634 3911 1689 3945 os
1726 3902 1896 3945 antem
1936 3895 2080 3959 pium
2116 3899 2169 3945 et
2194 3894 2447 3946 laudabile

238 3964 378 4028 apud
399 3964 645 4015 Camdeni
670 3964 901 4025 Angliea,
918 3964 969 4012 N
972 3963 1298 4028 ormannica]
1387 3962 1493 4012 desi
1531 3962 1693 4011 crium
1714 3965 1860 4010 tuum
1894 3961 2060 4011 favore
2085 3975 2305 4023 congruo
2338 3976 2447 4024 pro-

308 4038 330 4062 ⁰
434 4029 519 4080 ide
554 4028 730 4092 Polyd.
757 4028 952 4091 Vergil.
985 4028 1075 4078 lib.
1097 4029 1208 4078 xiii.
1248 4043 1297 4092 p.
1386 4031 1664 4091 sequentes,
1688 4030 1740 4075 et
1771 4026 2010 4089 petitioni
2034 4031 2137 4076 tuas
2166 4026 2445 4088 benignum

241 4095 354 4144 217.
1386 4091 1740 4155 impendentes
1801 4105 2074 4151 assensum,
2127 4095 2328 4153 gratum
2394 4097 2447 4140 et

244 4156 1179 4287 1⁶3-Rs1fflff13‘01sissii'sssffi‘ssh
1213 4172 1298 4221 ,p
1386 4161 1648 4271 ἒῗὲξὲἰῗ
1679 4156 1936 4280 ῗξέἴὲῗῖιῗέζ
1959 4155 2446 4270 ἷξιῖξτῖιὲῦἓῗῖἒὲῗ

309 4296 333 4328 ⁸
382 4287 522 4352 [Gul.
568 4239 783 4353 Neubffa]
839 4261 928 4339 lib.
966 4290 1024 4339 ii.
1054 4260 1188 4351 ἀιΡ.
1222 4288 1302 4337 26.
1388 4287 1555 4350 gendo
1579 4285 1820 4345 discursu,
1878 4299 1933 4334 ro
1961 4283 2270 4346 corrigendis
2298 4286 2447 4334 mori-

243 4355 322 4419 [Ρ.
350 4352 490 4416 192.]
1389 4352 1499 4412 bus,
1548 4354 1602 4399 et
1667 4350 1846 4399 virtuti
1883 4365 1942 4399 us
2004 4348 2299 4409 inserendis,
2352 4365 2446 4414 pro

486 4417 651 4478 dorus,
672 4418 762 4468 ubi
786 4434 843 4468 su
846 4418 942 4483 p.r]
1392 4416 1695 4468 Christianae
1715 4414 1977 4477 religionis
2008 4417 2295 4477 augmento,
2316 4414 2450 4464 insu-

386 4482 518 4533 Vide
536 4482 783 4534 Osmdeni
800 4483 913 4534 Ber.
934 4483 1090 4547 Angl.
1108 4486 1161 4533 et
1179 4481 1303 4532 Hib.
1392 4481 1495 4531 lam
1529 4480 1673 4529 illam
1707 4478 2035 4542 ingrediaris!
2038 4478 2212 4542 ’p.—-E
2237 4479 2448 4530 Adrian.

243 4551 432 4600 Annal.
456 4548 565 4599 Par.
592 4549 646 4599 ii.
671 4563 754 4613 pp.
780 4548 1085 4612 294—296.]
1393 4545 1486 4596 IV.
1532 4545 1598 4594 sd
1642 4543 1925 4595 Henricum
1970 4544 2037 4595 II.
2083 4559 2147 4609 ap
2151 4495 2219 4594 nd
2261 4542 2447 4595 Matth.

307 4619 322 4647 ¹
361 4614 524 4679 [Vide
560 4613 766 4664 Bullam
788 4614 854 4664 iv.
891 4612 1105 4664 Joannis
1129 4611 1303 4662 XXII.
1395 4610 1579 4674 Paria]
1606 4610 1670 4661 ad
1692 4624 1808 4661 ann.
1834 4613 1975 4661 1155.
2002 4610 2070 4677 [Ρ.
2096 4560 2198 4674 91.]
