3165 4959
789 283 924 346 496
1380 342 1386 347 .
1421 300 1506 347 An
1541 300 1931 349 cfflnmffls
1973 302 2370 350 BELLARMINI

792 452 1068 531 dubitat,
1102 453 1258 535 quin
1290 454 1480 537 Papae
1510 455 1765 519 faveant
1784 467 1829 519 5.
1894 458 1983 519 Et
2011 458 2080 521 hi
2110 466 2353 536 tamen,
2394 460 2618 523 Omnes
2650 482 2785 524 non
2826 469 2985 524 sunt.

794 556 1042 620 Verum
1080 557 1304 620 Omnes
1323 565 1486 636 sunt,
1520 560 1685 622 inter
1715 580 1867 641 quos
1897 562 2194 624 convenit.

859 744 1122 808 Nusquam
1137 745 1273 794 dixit
1288 746 1625 797 Bellarmiuus
1641 764 1739 808 eos,
1755 750 1843 812 qui
1865 764 1955 813 per
1970 750 2281 814 baptismum
2305 757 2649 810 renascuntur,
2673 790 2687 801 .
2711 789 2723 800 .
2752 790 2762 800 .
2788 753 2842 801 in
2857 752 2986 802 aliud

921 842 1073 891 quam
1105 829 1160 877 in
1182 828 1375 878 Christi
1411 845 1597 879 nomen
1634 831 1893 893 baptizari.
1963 832 2191 894 Obligati
2227 837 2398 882 autem
2431 849 2530 892 eos,
2565 834 2653 896 qui
2688 832 2987 895 baptismum

921 946 933 958 .
959 945 970 957 .
994 943 1009 960 .
1030 911 1329 973 suscipiunt,
1353 911 1417 960 ad
1431 911 1773 961 obedientiam
1790 913 1993 962 Vicario
2007 913 2198 962 Christi
2216 914 2574 978 praestandam,
2598 913 2784 963 docent
2805 930 2987 974 omnes,

918 990 1008 1052 qui
1053 991 1277 1041 fatentur
1317 1006 1407 1055 per
1444 993 1757 1057 baptismum
1791 993 1998 1043 admitti
2034 993 2268 1044 homines
2305 994 2371 1044 ad
2408 995 2657 1044 familiam
2698 995 2904 1051 Christi,
2940 1002 2989 1044 et

921 1069 1114 1120 Christi
1130 1072 1390 1122 Vicarinm
1413 1089 1518 1123 esse
1539 1074 1704 1135 illum,
1727 1089 1877 1138 quem
1900 1076 2167 1125 constituit
2190 1074 2441 1125 Dominus
2462 1090 2613 1138 super
2632 1076 2894 1125 familiam.
2917 1113 2929 1124 .
2945 1112 2958 1125 .
2976 1114 2988 1124 .

919 1153 1022 1203 Sed
1053 1155 1242 1203 mirum
1266 1160 1357 1215 est,
1392 1171 1481 1204 eur
1504 1194 1516 1205 .
1543 1192 1556 1205 .
1579 1193 1593 1206 .
1619 1158 1846 1216 miretur,
1870 1156 2004 1205 unde
2037 1157 2147 1206 haec
2170 1157 2445 1219 'l'beologia
2466 1167 2585 1206 nata
2607 1158 2691 1218 sit,
2723 1172 2839 1207 cum
2871 1160 2989 1206 satis

920 1235 1065 1286 facile
1099 1237 1269 1299 colligi
1297 1239 1520 1300 potuerit
1551 1253 1617 1287 ex
1640 1239 1806 1288 verbis
1838 1239 1996 1302 ipsius
2021 1240 2076 1287 in
2100 1239 2367 1302 Apologia.
2392 1275 2591 1288 ......
2618 1238 2696 1287 Ex
2720 1255 2819 1303 qua
2839 1240 2989 1289 admi-

920 1317 1079 1367 randa
1095 1318 1247 1379 Regis
1271 1318 1500 1368 doctrina
1515 1320 1758 1382 sequitur,
1774 1320 1818 1368 si
1841 1320 1897 1368 in
1919 1325 2032 1368 ortu
2051 1320 2271 1368 naturali
2289 1319 2469 1369 debeat
2488 1320 2713 1381 intelligi
2734 1320 2769 1368 J
2772 1335 2990 1370 uramen-

921 1403 1034 1448 tum
1073 1400 1302 1460 tacitum,
1338 1405 1389 1449 et
1428 1402 1754 1463 congenitum
1788 1400 1854 1449 ad
1889 1400 2227 1450 obediendum
2269 1399 2493 1464 Principi
2528 1402 2752 1463 politico,
2790 1403 2846 1450 in
2879 1408 2991 1450 ortu

919 1495 1115 1543 quoque
1128 1483 1495 1546 supernaturali
1519 1519 1531 1531 .
1559 1521 1572 1533 .
1599 1520 1611 1531 .
1634 1483 1698 1532 ad
1716 1481 2052 1532 obediendum
2068 1481 2297 1545 Principi
2313 1482 2580 1545 spirituali,
2600 1484 2688 1545 qui
2706 1489 2784 1533 est
2802 1482 2991 1532 Christi

922 1560 1395 1627 Vicariua—[Bell.
1422 1564 1569 1629 Apol.
1598 1579 1687 1627 pro
1709 1563 1877 1628 Besp.]
1910 1577 1958 1626 p.
1983 1564 2093 1614 217.
2130 1563 2268 1627 [Op.,
2291 1567 2414 1612 tom.
2438 1564 2527 1612 vii.
2548 1565 2638 1612 col.
2663 1566 2776 1613 826.
2802 1564 2858 1613 C.
2874 1563 2959 1629 D.]

423 1740 434 1751 ,
487 1684 573 1747 (2.)
610 1683 685 1733 De
877 1677 983 1741 Ad
1017 1679 1402 1743 Secundum.
1409 1692 1432 1720 ¹
1513 1681 1751 1744 Nullos
1780 1680 1887 1743 hic
1917 1678 2102 1743 nobis
2130 1681 2450 1743 Auctores
2479 1688 2840 1757 enumerat,
2882 1682 2991 1766 qui

461 1752 808 1890 exarz-&gluto
789 1803 858 1843 1n
891 1783 1070 1845 aliud
1095 1804 1211 1847 nos
1241 1804 1458 1847 nomen
1482 1784 1799 1865 baptizari
1827 1790 2113 1861 teneant,
2147 1804 2341 1865 quam
2379 1784 2632 1845 Christi.
2725 1786 2819 1846 At
2854 1785 2991 1847 haec

459 1879 699 2006 (11,ῑὲῃὲξέ
791 1886 919 1949 duo
976 1887 1047 1950 in
1105 1887 1278 1951 idem
1335 1887 1655 1966 recidunt,
1717 1887 1909 1970 (quod
1969 1907 2086 1949 nos
2145 1887 2365 1950 docuit
2423 1888 2817 1970 Apostolus.)
2914 1889 2993 1951 In

459 2008 697 2073 tenetur]
787 1990 948 2050 mine
999 1989 1329 2071 Ponttficis
1374 1990 1709 2070 baptizari,
1757 1996 1822 2052 et
1863 1989 2091 2067 dicere,
2124 1990 2264 2071 qu
2310 1991 2552 2071 quidem
2590 2011 2727 2052 sum
2768 1991 2992 2053 Ponti-

773 2090 962 2170 ,ῆι-ὼς
1024 2092 1124 2154 vel
1184 2092 1240 2154 si
1296 2092 1502 2169 maliS,
1551 2092 1694 2173 Eyo
1755 2092 2002 2173 quidem
2057 2114 2193 2155 sum
2250 2094 2531 2174 Cephae⁸:
2600 2094 2730 2156 Sed
2781 2115 2991 2177 neque

786 2197 1105 2259 Auctores
1148 2195 1335 2273 ullos,
1385 2195 1497 2278 qui
1541 2195 1705 2259 illud
1750 2195 2044 2275 doceant,
2091 2198 2336 2278 Papam
2381 2216 2516 2259 esse
2564 2197 2757 2275 illum,
2813 2219 2989 2280 quem

787 2299 1110 2361 constituit
1153 2299 1454 2361 Dominus
1496 2319 1682 2380 super
1709 2297 2030 2378 familiam
2073 2319 2266 2377 suam,
2309 2299 2503 2362 Matt.
2537 2301 2710 2362 oeoeiv.
2743 2306 2805 2363 et
2832 2301 2987 2364 Luc.

786 2403 900 2466 xii.
976 2402 1176 2466 Illum
1206 2403 1417 2486 potius
1449 2403 1591 2486 quis
1618 2402 1850 2467 dixerit
1870 2423 2132 2481 servum,
2158 2402 2271 2487 qui
2298 2401 2390 2465 ibi
2420 2402 2728 2486 sequitur,
2759 2409 2823 2465 et
2840 2425 2992 2485 per-

781 2514 991 2570 cutere
1021 2508 1203 2589 coepit
1234 2528 1554 2570 conservos
1582 2527 1743 2571 suos.
1836 2508 1998 2585 Nec,
2045 2507 2098 2569 si
2128 2528 2205 2570 ex
2234 2508 2514 2570 unanimi
2546 2508 2817 2570 Patr-am
2847 2529 2987 2571 con-

781 2631 966 2673 sensu
1012 2612 1371 2695 Scripturas
1417 2611 1885 2693 interpretetur
1920 2610 2023 2692 (ad
2052 2618 2340 2684 mentem
2381 2609 2479 2673 Pii
2512 2611 2796 2694 Quarti),
2838 2575 3007 2688 cort?

787 2715 1026 2778 sentire
1063 2736 1191 2790 εοε,
1232 2723 1308 2777 ut
1353 2714 1423 2776 in
1461 2734 1638 2775 semo
1679 2714 1790 2777 illo
1833 2714 1933 2777 vel
1974 2714 2240 2776 Petrum
2281 2713 2666 2795 intelligant.
2763 2705 2993 2778 Resssst

784 2840 957 2902 ergn,
991 2825 1065 2881 ut
1096 2839 1244 2882 cum
1284 2817 1542 2880 aliunde
1581 2823 1879 2899 nequeat,
1913 2838 1991 2880 ex
2030 2817 2203 2899 regis
2244 2817 2443 2899 ipsius
2475 2815 2684 2879 verbis
2730 2818 2993 2882 Theolo-

775 2923 951 3004 =qiam
981 2942 1158 2984 suam
1188 2921 1464 3002 colligat,
1491 2941 1634 3002 quae
1663 2919 1755 2982 ibi
1785 2925 2005 2982 tamen
2036 2940 2169 2982 non
2199 2919 2502 2982 nascitur.
2581 2918 2714 2980 Sed
2743 2926 2993 2996 tamen,

784 3047 899 3088 cur
929 3025 1365 3088 admirandam
1387 3024 1493 3087 hic
1524 3024 1679 3087 dicit
1706 3024 1893 3104 Regis
1924 3023 2273 3086 doctrinam
2296 3022 2374 3084 de
2399 3042 2561 3083 neoeu
2585 3022 2950 3103 conyenitob
2965 3025 2997 3085 ?

785 3130 1031 3206 NexuS,
1072 3150 1198 3211 quo
1228 3129 1372 3210 quis
1417 3128 1659 3211 patriae,
1696 3147 1826 3209 quo
1863 3126 2149 3209 Principi
2190 3134 2471 3203 tenetur,
2518 3133 2751 3208 praeter
2797 3136 2997 3189 natu-

782 3254 920 3295 ram
981 3253 1113 3295 non
1165 3240 1279 3294 est.
1392 3232 1535 3294 Nec
1588 3231 1888 3292 miraculo
1935 3230 2134 3307 locus,
2195 3230 2264 3292 in
2312 3229 2392 3291 iis
2441 3250 2585 3312 quae
2632 3230 2998 3293 secundum

783 3343 1085 3399 naturam
1137 3343 1305 3398 sunt.
1398 3335 1556 3397 Non
1602 3333 1728 3396 fuit
1780 3354 1934 3416 ergo
1985 3333 2109 3396 hoc
2160 3334 2528 3395 miraculum
2579 3331 2830 3410 dicere3
2883 3333 2997 3395 sed

782 3446 1143 3517 monstrum,
1205 3437 1661 3502 contradicere.
1777 3437 1901 3501 Cui
1975 3436 2231 3519 quidem
2296 3436 2675 3498 admiranda
2732 3435 2998 3499 videtur

784 3545 1095 3622 doctrina,
1146 3565 1287 3626 quae
1332 3552 1468 3606 tam
1515 3549 1767 3606 naturae
1819 3551 2266 3619 consentanea,
2320 3542 2469 3624 jure
2519 3540 2796 3603 miretur
2839 3561 2996 3603 eum

780 3648 949 3733 quie,
1009 3655 1296 3712 moretur
1354 3666 1563 3710 nemo,
1655 3647 1815 3709 Esto
1866 3653 2105 3723 autem,
2159 3652 2257 3709 est
2314 3645 2641 3726 conyem’ta
2693 3644 2997 3726 quaedam

782 3751 1109 3834 obligatiO,
1153 3751 1437 3834 adeoque
1466 3750 1899 3812 Juramentum
1926 3749 1998 3811 in
2028 3756 2171 3812 ortu
2199 3749 2499 3826 naturali,
2534 3769 2680 3831 qu0,
2713 3747 2826 3829 qui
2872 3748 2996 3810 sub

779 3855 1070 3919 dominio
1099 3856 1239 3938 ejus
1267 3854 1575 3932 nascitur,
1612 3853 1903 3934 Pmncipi
1928 3853 2193 3934 politico
2222 3859 2502 3915 tenetur.
2594 3852 2780 3928 Esto,
2813 3859 2898 3914 ut
2930 3859 2999 3913 et

782 3958 960 4022 aliud
990 3959 1074 4022 sit
1105 3957 1163 4021 ei
1191 3978 1326 4041 par,
1357 3957 1430 4020 in
1458 3963 1603 4019 ortu
1640 3955 2123 4037 Sapei-naturali
2138 3953 2165 3993 ι’
2211 3976 2338 4038 quo
2366 3961 2668 4018 teneatur
2698 3954 2999 4037 Principi

779 4063 1119 4147 spirituali.
1195 4064 1287 4125 At
1310 4061 1364 4124 is
1394 4062 1718 4142 Princeps,
1758 4060 2043 4123 (Im-istas
2072 4066 2170 4124 est
2190 4059 2406 4143 (cujus
2433 4059 2505 4121 in
2534 4057 2802 4122 nomine
2832 4058 3000 4142 bap-

849 4251 871 4282 5
907 4240 1061 4307 [Vide
1085 4241 1292 4290 nomina
1313 4245 1588 4297 auctorum,
1603 4239 1691 4302 qui
1715 4239 1845 4288 hanc
1932 4238 2115 4296 Polit.;
2173 4242 2224 4288 et
2270 4238 2396 4288 Bell.
2453 4236 2564 4302 Op„
2610 4241 2733 4286 tom.
2757 4238 2851 4287 vii.
2903 4238 3001 4288 col.

782 4307 1062 4356 defendunt
1077 4307 1396 4363 sententiam,
1411 4304 1545 4368 apud
1562 4304 1840 4381 Beuffipol.
1928 4307 2038 4353 661.
2062 4303 2149 4366 B.]
2259 4368 2269 4379 .

781 4371 1039 4496 gggRXsp.
1064 4387 1110 4434 p.
1131 4373 1259 4430 216„
1283 4376 1335 4419 et
1362 4371 1470 4433 Op„
1495 4377 1621 4420 tom.
1637 4384 1724 4419 vn.
1746 4368 1839 4418 col.
1990 4376 2013 4463 ξ
2069 4369 2233 4482 lvitilczr.
2251 4366 2423 4495 2³51]
2449 4446 2540 4497 pro
2581 4430 2898 4483 summm
2948 4447 3001 4496 p.

844 4506 866 4527 ⁸
901 4497 1057 4557 [Vide
1102 4497 1247 4559 Besp.
1295 4498 1437 4546 'l'orti
1488 4512 1536 4562 p.
1576 4500 1652 4548 51.
1698 4497 1838 4547 Edit.
1926 4499 2038 4551 234.
2076 4497 2212 4547 Edit..
2238 4497 2405 4561 1610.]
