3165 4959
978 360 1345 409 Aromonm
1387 361 1752 410 RasmNsm.
2353 353 2475 413 195

389 512 532 562 enim
566 548 579 562 .
616 550 628 563 .
665 549 678 562 .
713 550 727 562 .
762 512 826 563 ad
868 513 1141 576 Hugonem
1179 513 1433 574 Diensem,
1465 517 1524 563 ut
1557 550 1570 564 .
1606 550 1619 563 .
1656 550 1669 564 .
1702 549 1716 564 .
1753 515 2008 565 Canonem
2043 516 2169 566 xxii.
2204 519 2249 566 8.
2288 516 2473 581 Synod.

393 594 622 644 General.
648 595 877 735 renoxiari
897 594 1362 658 curaret¹.—[Bell.
1388 595 1537 659 Apol.
1563 610 1656 659 pro
1679 594 1848 660 Resp.]
1881 611 1929 660 p.
1957 599 2034 646 66.
2071 596 2220 661 [Op.‚·
2243 602 2364 647 tom.
2384 600 2471 648 vii.

389 675 485 724 col.
510 677 538 728 7
544 678 621 725 41.
645 675 698 725 C.
716 676 777 725 D.

347 775 688 838 Restitisse
719 776 909 857 Papae
941 775 1171 857 Reges,
1206 781 1467 838 strenue
1497 775 1830 853 restitisse,
1865 783 1929 839 et
1972 776 2040 839 id
2088 799 2340 861 quoque
2387 778 2467 841 ad
2495 791 2614 856 [Per
2634 796 2797 847 multa

2493 858 2676 908 saecula

243 899 399 941 rem
450 877 648 941 facit:
717 899 791 940 ac
840 877 1051 960 primo
1100 877 1179 940 de
1226 877 1611 940 investitura
1657 878 2139 961 Episcoporum,
2179 902 2300 962 per
2345 904 2467 945 non
2492 922 2651 984 Reges
2670 924 2797 974 Pon-

247 981 439 1044 breve
470 987 707 1061 tempus
736 981 1012 1063 (poterat
1037 985 1274 1057 autem,
1298 980 1559 1058 brevia-3,
1582 1000 1699 1063 per
1720 981 1988 1064 longum
2010 984 2288 1065 tempus)
2315 1006 2466 1048 con·
2490 986 2727 1047 tificibus,

2490 1050 2553 1099 de
2576 1053 2776 1101 investi-

249 1083 671 1146 suetudinem
709 1082 891 1145 illam
918 1081 1284 1160 invaluisse,
1315 1082 1557 1146 fatetur
1589 1082 1970 1147 Cardiualis,
2071 1085 2284 1150 Quam
2315 1108 2464 1149 vero
2489 1116 2632 1174 turis,
2656 1119 2795 1166 resti-

248 1184 578 1267 longum?
631 1186 694 1247 A
724 1182 1225 1265 quinyentesimO,
1252 1183 1384 1265 ipse
1416 1182 1524 1244 ait.
1582 1183 1709 1245 Per
1740 1204 1936 1245 annos
1966 1205 2119 1266 ergo
2150 1186 2461 1268 quingen·
2490 1181 2706 1244 terunt‚]

249 1296 360 1351 tos
392 1299 459 1351 et
488 1287 916 1370 septuaginta,
939 1284 1221 1348 obtinuit
1251 1286 1394 1363 hoc,
1413 1284 1514 1348 vel
1535 1286 1879 1349 Cardinale
1902 1288 2274 1352 confitente.
2328 1290 2463 1353 Ubi

253 1390 541 1475 quidem,
574 1390 749 1454 aucti
782 1388 1002 1452 fundis
1034 1395 1102 1451 et
1129 1387 1339 1451 feudis
1368 1409 1483 1470 per
1514 1388 1736 1452 orbem
1767 1389 2087 1473 Episcopi,
2126 1392 2324 1473 (aucti
2354 1415 2462 1457 au-

251 1502 395 1557 tem
419 1494 893 1577 Imperatorum
916 1490 1408 1573 munificentia,)
1436 1490 1747 1554 intererat
1767 1493 2243 1575 Imperatorum
2273 1516 2462 1559 nosse

253 1598 628 1681 Episcopos,
653 1603 719 1660 et
751 1595 831 1660 de
862 1617 1084 1659 eorum
1115 1594 1595 1658 conditionibus
1627 1601 1692 1659 et
1723 1595 1849 1659 fide
1880 1603 2087 1660 certos
2118 1618 2277 1677 esse,
2305 1620 2463 1680 quos

250 1702 371 1765 illa
398 1708 541 1764 tum
570 1701 972 1765 incrementa
999 1699 1260 1764 honoris
1290 1708 1483 1783 atque
1516 1721 1714 1782 opum
1751 1722 2003 1784 magnae
2050 1708 2115 1764 et
2153 1703 2462 1785 potentiae

250 1805 325 1868 in
380 1801 734 1887 Republica
776 1810 843 1868 et
896 1802 1297 1866 auctoritatis
1346 1802 1799 1866 reddidissent.
1895 1804 2061 1866 Tum
2097 1826 2267 1882 vero,
2313 1812 2461 1888 post

253 1928 466 1971 annos
524 1907 691 1968 mille
747 1911 809 1968 et
859 1906 1276 1988 septuayinta‚
1330 1905 1540 1968 visum
1597 1906 1847 1968 Vindici
1887 1901 2244 1986 fortissimo
2296 1908 2461 1972 Gre-

253 2011 436 2094 gorio
455 2009 613 2073 VII.
620 2058 639 2088 ,
669 2015 923 2087 vetereS,
948 2015 1010 2072 et
1040 2015 1295 2072 sanctas
1314 2010 1618 2072 Ecclesiae
1651 2010 1814 2090 18983
1842 2029 2152 2072 revocare.
2211 2010 2461 2074 Veteres

252 2123 476 2178 autem
535 2122 600 2178 et
658 2114 970 2176 sanctas?
1040 2134 1159 2196 par
1217 2118 1337 2176 est.
1447 2112 1626 2177 Quas
1684 2111 1825 2174 illas
1853 2113 1882 2173 ‘t‘
1984 2114 2205 2176 Unam
2266 2115 2459 2178 modo

252 2222 572 2280 memorat
628 2216 838 2296 (unum
889 2216 1217 2290 Cononem,
1265 2214 1522 2277 nullum
1564 2213 1894 2302 Canonem)
1947 2234 2181 2298 nempe
2239 2216 2459 2278 vicesi-

253 2341 420 2382 mum
466 2321 800 2383 secundum
841 2320 1177 2385 Generalis
1205 2319 1430 2397 VIII„
1475 2317 1608 2398 ubi,
1663 2318 1740 2400 (si
1783 2319 2029 2382 Graecis
2081 2327 2155 2381 ut
2204 2340 2461 2402 aequum

251 2432 373 2501 est,
426 2423 743 2487 credimus
793 2423 872 2488 de
920 2422 1211 2487 Concilio
1259 2422 1400 2503 suo)
1437 2423 1904 2504 quatuordecim
1950 2422 2142 2486 modo
2181 2424 2463 2486 Canones

253 2527 696 2591 exstiterunt&
788 2526 1011 2590 Fuerit
1039 2532 1282 2605 tamen,
1315 2532 1389 2588 ut
1420 2525 1569 2588 talis
1604 2525 1698 2589 ibi
1738 2527 1951 2588 Canon
1981 2525 2192 2588 editus
2221 2525 2416 2588 fuerit
2439 2552 2458 2603 ;

263 2633 457 2694 Vetus
499 2652 577 2693 ea
621 2632 724 2693 lex
767 2630 894 2692 dici
937 2650 1071 2693 non
1117 2635 1357 2712 potest,
1387 2635 1616 2691 contna
1659 2649 1874 2710 quam,
1907 2648 2022 2709 per
2067 2633 2371 2690 trecentos
2400 2634 2460 2690 et

247 2736 648 2817 septuaginta
680 2755 903 2814 annOS,
936 2733 1336 2797 consuetudo
1365 2732 1571 2815 magis
1607 2738 1781 2795 vetus
1801 2759 1820 2793 .·
1868 2737 2042 2794 vetus
2069 2731 2285 2813 potius
2317 2751 2462 2793 con-

248 2839 509 2901 suetudo
554 2837 683 2916 illa,
727 2838 868 2900 haec
914 2857 1073 2899 nova
1119 2838 1240 2899 lex.
1334 2835 1481 2913 Sed,
1531 2856 1698 2897 anne
1741 2834 1880 2896 Lex
1921 2832 2199 2896 tamen?
2247 2831 2459 2895 autin

249 2961 575 3025 quoquam
607 2941 735 3004 vim
766 2941 957 3022 Leyis
988 2939 1317 3003 obtinuit?
1395 2939 1553 3001 Non
1581 2937 1839 3001 videtur
1867 2944 2062 2999 certe.
2139 2936 2314 2999 Nam
2348 2935 2457 3017 qui

254 3044 664 3108 Hadrianum
707 3064 858 3107 mox
901 3042 1177 3105 insecuti
1223 3047 1375 3104 sunt
1421 3041 1771 3105 Pontifices
1826 3039 2291 3123 quinquaginta
2343 3042 2459 3122 pei·

247 3169 454 3211 annos
499 3154 738 3211 centum
770 3154 830 3210 et
860 3147 1331 3229 quinquaqinta,
1364 3165 1588 3207 omnes
1620 3165 1744 3225 per
1776 3144 2091 3225 posticum
2135 3143 2454 3225 inyressig

249 3251 507 3313 Caesare
552 3271 788 3333 nempe
835 3270 903 3312 se
948 3248 1019 3311 in
1067 3268 1287 3311 eorum
1338 3247 1758 3311 electionibus
1806 3244 2221 3308 admiscente.
2310 3244 2456 3307 Nec

247 3358 427 3415 vetus
460 3351 661 3434 igitur
706 3354 826 3431 leoe,
857 3372 979 3415 nec
1023 3348 1289 3414 omnino
1334 3351 1454 3427 lex,
1494 3351 1709 3411 Canon
1737 3351 1795 3410 is
1827 3347 2147 3411 Hadriani
2180 3348 2275 3410 II.
2367 3347 2455 3409 Et

252 3454 607 3536 Gregorius
653 3475 805 3536 ergo
854 3441 1188 3537 septimuS,
1220 3473 1355 3515 non
1397 3458 1635 3513 veteres
1679 3457 1739 3513 et
1782 3457 2037 3513 sanctas
2082 3451 2243 3530 Ieyes
2275 3469 2453 3510 reno-

248 3557 443 3632 vavit,
476 3555 589 3618 sed
605 3554 917 3637 profanas
947 3561 1006 3619 et
1035 3577 1183 3618 suas
1213 3553 1562 3617 innovavit.

276 3663 293 3674 ⁶
314 3689 479 3748 Quam
515 3726 527 3738 .
562 3725 575 3740 .
612 3726 627 3739 .
660 3691 967 3740 sententiam
1002 3727 1014 3739 .
1049 3726 1062 3738 .
1098 3724 1111 3737 .
1144 3686 1476 3738 defenderunt
1496 3699 1601 3734 non
1623 3683 1787 3732 solum
1812 3683 2127 3732 Successores
2148 3681 2270 3745 ejus,
2294 3718 2307 3731 .
2343 3718 2355 3731 .
2392 3719 2405 3731 .
2442 3718 2454 3732 .

377 3771 468 3821 sed
503 3771 660 3820 etiam
693 3807 705 3820 .
744 3807 756 3820 .
791 3806 804 3819 .
842 3771 1006 3820 sancti
1037 3769 1139 3819 duo
1166 3768 1417 3826 Anselmn
1441 3764 1834 3824 cantuariensis,
1857 3767 1910 3812 et
1933 3762 2174 3813 Lucensis
2192 3763 2456 3827 =.—[Beu.

379 3851 531 3915 Apol.
566 3866 659 3915 pro
681 3850 852 3915 Resp.]
886 3865 934 3915 p.
958 3854 1035 3901 66.
1073 3850 1213 3915 [Op.,
1246 3855 1370 3900 tom.
1392 3848 1479 3897 vii.
1514 3847 1607 3896 col.
1633 3846 1742 3896 741.
1767 3844 1859 3907 D.]

336 3949 738 4014 Successor-es
777 3949 1076 4032 Gregorii
1119 3970 1254 4011 non
1293 3947 1530 4009 mirum
1573 3942 1942 4025 defendisse.
2033 3943 2193 4005 Erat
2226 3941 2292 4004 id
2322 3962 2357 4005 e
2389 3963 2458 4005 re

242 4053 524 4131 illorum,
569 4074 709 4117 rem
749 4052 987 4136 alioqui
1029 4072 1163 4115 non
1198 4050 1515 4113 fecissent.
1609 4049 1754 4112 Nec
1785 4046 1837 4109 si
1869 4045 2215 4109 Anselmus
2253 4044 2362 4108 hic
2392 4051 2458 4107 et

309 4243 333 4267 ¹
370 4235 444 4301 [S.
468 4234 616 4299 (ἕως.
633 4234 754 4286 VII.
789 4236 878 4285 lib.
904 4236 971 4285 iv.
997 4234 1157 4297 Epist.
1184 4234 1311 4283 xxii.
1402 4233 1548 4282 1141.
1571 4231 1772 4296 A-c.]

241 4301 467 4351 —Conc.
502 4306 625 4350 tom.
649 4316 700 4350 x.
735 4299 828 4350 col.
854 4303 966 4350 169.
993 4299 1154 4361 1).Ε.]
1467 4305 1486 4327 ¹
1523 4296 1687 4360 [Vide
1709 4309 1874 4358 supra,
1897 4309 1946 4357 p.
1971 4294 2081 4342 186.
2116 4295 2219 4340 not.
2244 4290 2308 4354 ‘.]

310 4374 333 4407 ⁷
367 4364 527 4430 [Vide
563 4365 793 4414 Graecam
829 4365 968 4414 Edit..
1003 4363 1156 4426 hujus
1192 4363 1316 4412 Con·
1469 4370 1491 4392 ⁸
1523 4360 1695 4425 [Vide
1750 4359 1978 4409 Anselm.
2028 4356 2239 4406 Lucens.
2283 4358 2461 4404 contra

240 4430 372 4487 cilii.
410 4431 525 4479 Aet..
566 4430 873 4479 X.—Conc.
915 4434 1036 4478 tom.
1058 4428 1166 4477 viii.
1202 4428 1314 4477 coll.
1406 4425 1710 4475 Guibertum
1743 4438 1834 4487 pro
1857 4421 2144 4471 defensione
2166 4420 2314 4483 Greg.
2341 4419 2463 4469 VII.

244 4498 392 4546 1367.
435 4508 540 4557 seq.
621 4493 726 4543 Hic
764 4499 936 4543 autem
975 4492 1150 4542 Canon
1188 4493 1316 4541 xxii.
1407 4490 1539 4540 Bibl.
1586 4489 1724 4538 Max.
1766 4488 1902 4536 Patr.
1942 4491 2067 4535 tom.
2092 4486 2234 4535 xviii.
2276 4500 2323 4548 p.
2351 4486 2462 4534 602.

241 4560 298 4609 in
340 4560 528 4609 Latina
562 4557 804 4607 Editione
845 4562 1030 4618 exstat,
1069 4556 1194 4606 ibid.
1226 4556 1318 4606 col.
1407 4554 1570 4617 Lugd.
1596 4552 1771 4615 1677]

1816 4636 1944 4696 02

2580 1291 2704 1353 147
