3165 4959
899 311 1265 359 Ammona
1309 312 1676 360 asspoxsxo.
2263 302 2391 363 447

184 468 489 531 Ecclesiae
506 486 629 548 per
659 464 886 547 fideles
916 466 1263 548 Principes,
1309 469 1439 530 sive
1467 469 1789 540 salvatum
1836 468 1957 530 Ille
1983 470 2289 532 rationem
2319 471 2397 532 ab

183 572 280 634 eis
308 571 533 651 eaiyet,
555 570 660 651 qui
689 589 898 631 eorum
915 570 1220 650 potestati
1248 590 1425 632 suam
1446 570 1799 632 Ecclesiam
1829 571 2097 634 credidit
2114 583 2157 635 ¹.
2213 572 2398 635 Prin-

184 673 361 756 cipes
403 692 553 735 vero
600 671 902 734 Pastores
949 692 988 733 a
1031 672 1174 735 Deo
1219 672 1571 750 institutos,
1607 693 1729 736 nec
1779 674 1877 755 (ut
1908 674 2231 738 Lutherus
2265 696 2400 739 non

183 776 442 857 inscite)
476 776 545 837 in
571 774 813 837 stabulo
843 794 1195 852 vaccarum,
1241 774 1351 837 sed
1393 774 1464 836 in
1507 775 1801 840 Ecclesia
1841 776 1990 839 ovili
2032 798 2165 855 suo,
2210 778 2403 860 paulo

186 886 345 941 ante
404 876 932 940 monstravimus:
1008 897 1217 959 neque
1269 876 1629 940 Cardinalis
1688 877 1821 960 ipse
1878 899 2113 961 negare
2170 886 2401 962 potest.

188 981 441 1048 Quodsi
484 981 526 1044 J
529 1002 704 1058 osua,
752 981 794 1042 J
797 980 1035 1057 udices,
1086 979 1319 1059 David,
1361 981 1690 1044 Pastores:
1745 987 1946 1044 restat
1992 989 2067 1046 ιιι
2118 982 2403 1061 Eleazar,

188 1084 488 1162 Phinees,
550 1083 870 1147 Abiathar
927 1104 1074 1146 oves
1135 1082 1286 1145 sint.
1375 1083 1463 1146 Et
1522 1104 1589 1146 se
1646 1082 1857 1165 filium
1906 1084 2206 1147 Ecclesioe
2267 1086 2404 1148 Rex

189 1187 527 1272 agnoscit3
574 1187 892 1263 Ecclesiae‚
947 1185 1158 1269 (dico)
1215 1207 1347 1249 non
1402 1185 1732 1266 Pontificis
1778 1194 1845 1249 et
1896 1187 2217 1265 Ecclesioe,
2271 1209 2405 1251 non

195 1293 403 1363 Curiae
436 1292 769 1363 Romanam
822 1291 1118 1373 (eumque
1162 1289 1258 1352 illi
1301 1289 1613 1352 honorem
1643 1289 1866 1365 defert,
1897 1310 2031 1353 non
2060 1289 2404 1367 illibenter,

188 1417 387 1480 quem
421 1395 725 1458 Salomon
755 1394 1093 1457 Bathsebae
1120 1393 1316 1455 matri
1333 1394 1377 1475 3)
1428 1393 1560 1469 sed,
1593 1394 1686 1456 ita
1699 1392 1929 1473 filium,
1961 1402 2034 1457 ut
2059 1402 2407 1477 cognoscat

188 1502 330 1562 Deo
376 1519 443 1562 se
487 1498 704 1561 debere
749 1497 1011 1560 reddere
1055 1498 1360 1559 rationem
1401 1504 1662 1580 propter
1704 1498 2077 1573 Ecclesiam,
2127 1518 2322 1579 quam
2368 1519 2409 1560 a

194 1603 461 1668 Christo
489 1601 799 1665 tuendam
828 1599 1124 1683 suscepit.
1173 1600 1317 1663 Nec
1347 1620 1412 1662 se
1443 1599 1631 1662 aliter
1659 1620 1792 1663 esse
1822 1621 2013 1683 supra
2033 1600 2404 1676 Ecclesiam,

191 1728 391 1791 quam
419 1706 518 1770 uti
548 1706 879 1768 Nutricius
898 1714 924 1742 ⁸
950 1702 1052 1766 vel
1089 1703 1319 1775 Putem
1365 1710 1441 1765 ut
1469 1723 1613 1765 eam
1643 1702 1885 1766 scilicet
1914 1702 2180 1782 nutriat,
2215 1710 2406 1786 atque

189 1816 475 1874 tuea'tur.
567 1809 804 1872 Caveat
834 1827 983 1870 vero
1033 1805 1350 1884 Pontifex,
1393 1811 1468 1868 ut
1513 1812 1856 1868 contentus
1895 1805 1979 1867 sit
2021 1806 2229 1868 Mitra
2271 1828 2402 1870 sua.

193 1913 478 1995 Reynum
524 1932 677 1994 ergo
728 1916 940 1973 exuat.
1029 1909 1118 1972 Et
1169 1908 1474 1986 Clavibus,
1513 1908 1741 1970 Gladio
1790 1929 1855 1971 se
1904 1929 2040 1971 non
2092 1908 2404 1992 accingat,

196 2015 372 2100 quod
411 2013 563 2078 fecit
595 2012 963 2077 Bonifacius
1006 2017 1266 2075 octavus
1282 2009 1340 2074 b:
1380 2012 1666 2093 gladium
1700 2032 1782 2074 ne
1828 2010 2192 2093 distringat,
2237 2011 2405 2095 quod

196 2117 416 2181 Julius
445 2115 759 2180 secundus
778 2124 821 2178 ⁰.
885 2115 1052 2179 Tum
1083 2135 1272 2197 super
1301 2113 1626 2177 Cathedra
1654 2113 1757 2191 sit,
1782 2113 1955 2177 unde
1985 2113 2225 2178 doceat:
2273 2136 2405 2178 non

196 2221 395 2298 Solia,
427 2217 599 2282 unde
627 2216 818 2300 pedes
847 2215 1224 2280 osculandos
1252 2216 1556 2300 porrigat.
1648 2216 1789 2280 Etsi
1832 2217 1909 2281 de
1944 2217 2139 2280 Gente
2170 2217 2407 2280 Sancta

194 2325 306 2401 cit,
353 2328 415 2385 et
457 2321 692 2403 Reyale
733 2319 853 2383 sibi
898 2320 1332 2383 Sacerdotium
1373 2319 1646 2382 vindicet
1662 2317 1729 2392 ‘¹;
1779 2319 1997 2381 audiat
2040 2325 2258 2383 tamen
2288 2320 2407 2382 Pe·

195 2434 399 2504 trum,
431 2426 614 2510 cujus
659 2444 725 2488 se
771 2424 1197 2488 Successorem
1242 2421 1419 2501 dicit,
1458 2429 1523 2486 et
1571 2422 1898 2504 Subjectus
1936 2423 2022 2486 sit
2063 2423 2224 2505 Reqi
2268 2429 2407 2486 tan-

196 2550 388 2611 quam
428 2528 810 2610 praecellenti
829 2536 852 2565 θ
864 2552 886 2599 ,·
951 2547 1099 2590 cum
1145 2527 1276 2589 Izaec
1317 2526 1605 2588 voluntas
1655 2525 1779 2588 Dei
1819 2523 1959 2588 sits.
2049 2526 2294 2589 Audiat
2346 2533 2411 2589 et

197 2632 480 2697 Paulum
517 2633 731 2714 (quem
757 2631 858 2694 vel
897 2631 1090 2694 Petro
1132 2629 1446 2714 praeponit
1489 2629 1561 2692 in
1604 2629 1811 2693 Bullis
1830 2631 1874 2712 ς)
1924 2637 2009 2708 et,
2042 2629 2097 2693 si
2141 2631 2413 2692 animam

194 2734 419 2811 habet,
477 2734 839 2796 Sublimiori
887 2735 1192 2815 potestati
1209 2743 1236 2783 ⁸
1306 2733 1617 2815 (gladium
1662 2734 1954 2814 portanti
1972 2731 2019 2811 ¹¹,
2079 2734 2413 2815 vectigalia

195 2838 532 2920 recipienti
560 2836 598 2919 ἰ)
662 2836 946 2900 subditus
1002 2839 1109 2915 sit,
1170 2835 1499 2900 subditum
1556 2857 1625 2900 se
1684 2844 2005 2917 agnoscat.
2112 2837 2290 2899 Nam
2347 2844 2413 2899 et

185 2946 481 3023 potestas
537 2941 653 3002 illa
700 2940 1061 3021 pmtiyilat,
1124 2945 1184 3001 et
1242 2939 1573 3002 redditura
1624 2938 1758 3001 Deo
1816 2940 2121 3001 rationem
2172 2944 2283 3016 est,
2337 2939 2415 3000 de

199 3044 516 3122 Ecclesia,
547 3043 656 3121 Ei,
689 3043 795 3124 qui
812 3043 1119 3124 potestati
1147 3043 1343 3124 ipsius
1370 3043 1723 3105 Ecclesiam
1753 3063 1930 3105 suam
1961 3043 2273 3111 tradidit..

268 3195 496 3246 Mediam
526 3208 681 3259 prope
714 3196 910 3256 partem
935 3193 1078 3242 orbis
1096 3191 1372 3242 Christiani
1406 3193 1462 3242 in
1495 3207 1638 3242 suam
1672 3193 1973 3256 religionem
1996 3195 2294 3253 consentire,
2321 3232 2332 3243 .
2362 3231 2373 3242 .
2400 3232 2411 3244 .

340 3278 384 3326 si
408 3292 498 3341 per
518 3276 816 3338 religionem
849 3289 992 3324 suam
1025 3274 1284 3337 intelligat
1317 3288 1492 3325 omnes
1524 3278 1686 3324 sectas
1708 3313 1719 3325 .
1744 3275 1759 3324 .“
1782 3311 1793 3324 .
1833 3289 1865 3324 a
1901 3274 2161 3325 catholica
2190 3275 2289 3325 fide
2319 3276 2417 3325 dis-

337 3357 524 3408 cordes.
593 3356 810 3406 Plurimi
831 3356 969 3406 enim
992 3359 1113 3404 nunt
1140 3354 1206 3404 ad
1229 3354 1491 3404 Orientem
1514 3359 1566 3406 et
1589 3355 1859 3405 Meridiem
1884 3355 2191 3416 Nestoriani,
2217 3357 2416 3406 Diosco-

336 3439 486 3498 riani,
507 3437 539 3487 J
542 3438 769 3497 scobitae,
785 3440 837 3486 et
857 3437 1081 3487 similes:
1103 3474 1115 3487 .
1139 3473 1151 3485 .
1175 3473 1188 3486 .
1213 3473 1224 3486 .
1247 3435 1313 3485 ad
1327 3436 1655 3487 Occidentem
1677 3441 1730 3486 et
1746 3437 2152 3499 Septentrionem
2174 3437 2415 3496 Ηυειείῑω,

339 3519 633 3580 Lutherani,
655 3519 962 3581 Zuingliani,
987 3517 1287 3581 ize-[Bell.
1313 3518 1460 3581 Apol.
1487 3533 1577 3581 pro
1605 3516 1777 3581 Resp]
1802 3533 1852 3588 p,
1878 3519 1987 3567 184.
2025 3517 2157 3583 [Op.,
2190 3520 2415 3568 tom.vii.

339 3602 452 3652 coll.
478 3601 586 3652 807.
604 3601 666 3651 D.
693 3603 802 3650 808.
819 3599 906 3663 A.]

2520 2220 2653 2282 324

306 3717 491 3780 Orbis
526 3717 873 3779 Christiani
902 3736 1066 3797 pars
1093 3736 1294 3797 prope
1333 3714 1537 3778 media
1566 3713 1662 3776 ita
1690 3713 1915 3777 saltem
1945 3735 2141 3776 unam
2172 3714 2241 3775 in
2270 3736 2413 3796 pro·
2442 3741 2537 3806 [De
2561 3757 2670 3792 eon-

204 3819 548 3884 sessionem
578 3824 924 3901 aggregata
961 3824 1078 3895 est,
1109 3825 1184 3880 ut
1223 3819 1490 3880 exim-int
1520 3837 1554 3877 e
1590 3815 1910 3898 Babylone
1947 3817 2124 3900 jam3
2169 3816 2280 3879 ubi
2311 3816 2413 3878 vix
2440 3822 2588 3856 ⁸⁸¹²⁸¹¹
2611 3807 2720 3856 ‘¹0⁰-

2440 3872 2590 3920 triuoe
2608 3872 2748 3920 inter

2441 3934 2695 3985 Reforma-

275 3998 296 4020 ¹
331 3988 546 4054 [Deci-et.
572 3987 683 4037 Par.
707 3986 788 4048 ii.]
821 3987 963 4037 Cane.
991 4003 1106 4036 xxv.
1171 3987 1266 4049 leg,
1359 3985 1454 4035 AEl.
1501 3986 1623 4035 Ant.
1671 3983 1895 4034 Nebriss.
1942 3985 2004 4035 de
2042 3985 2183 4036 Bello
2231 3986 2411 4036 Navar.
2442 4000 2559 4064 tom]

204 4053 386 4116 xxiii]
429 4053 635 4118 Q[usest.
690 4067 736 4101 v,
778 4051 899 4102 Can.
934 4068 1018 4101 xx.
1069 4051 1106 4116 [‘
1173 4053 1269 4100 rin-
1358 4050 1445 4098 lib.
1471 4050 1502 4098 i.
1543 4064 1651 4114 cap.
1676 4053 1720 4099 3.
1764 4050 1846 4098 sol.
1871 4050 2121 4114 lxxvi.a.]

205 4121 346 4182 cipes
366 4117 566 4168 saeculil
674 4131 779 4180 orp.
801 4116 910 4166 Jur.
937 4117 1057 4166 Can.
1091 4121 1210 4165 tom.
1234 4117 1267 4164 i.
1422 4112 1443 4143 ⁴
1505 4117 1527 4163 1
1557 4115 1666 4163 Pet.
1692 4114 1745 4163 ii.
1771 4115 1844 4177 9.]

206 4183 303 4234 col.
330 4181 500 4245 1345]
1423 4186 1443 4208 ⁹
1505 4180 1520 4227 l
1530 4179 1632 4228 bid.
1657 4194 1756 4229 ver.
1783 4178 1889 4243 13.]

278 4256 300 4279 ⁸
365 4247 446 4296 Es.
471 4246 596 4295 xlix.
624 4245 735 4310 23.]
1425 4241 1441 4272 ¹
1503 4244 1630 4293 lbid.
1658 4258 1758 4292 ver.
1787 4247 1860 4292 15.

279 4310 303 4343 ὓ
335 4249 504 4377 [[ΡΙιι.
540 4311 596 4359 in
632 4310 755 4359 Vita
800 4309 966 4360 Bonis.
1003 4309 1171 4368 V111.,
1218 4310 1272 4358 in
1425 4317 1447 4349 Ι
1505 4308 1648 4357 Rom.
1673 4308 1782 4357 xiii.
1812 4312 1854 4357 1.

209 4378 357 4428 Vitis
381 4376 528 4425 Pont-
564 4389 612 4439 p.
638 4374 779 4439 246]
1427 4371 1449 4403 ¹·
1509 4373 1638 4422 ibid.
1663 4373 1705 4420 4.

279 4450 299 4475 θ
336 4442 395 4506 [“
413 4440 599 4490 Noster
621 4445 828 4503 uterque
850 4438 1178 4503 stringendus
1199 4443 1275 4487 est
1426 4437 1437 4468 ¹
1487 4436 1638 4503 [Ibid.
1664 4441 1710 4486 6.

210 4507 457 4570 gladium·
496 4503 816 4554 ate-Julius
854 4505 992 4567 Papa
1031 4503 1096 4553 11.
1142 4503 1275 4567 apud
