3165 4959
677 320 763 382 92
1309 330 1395 378 AD
1441 326 1825 378 cAanAms
1866 323 2265 374 nmmumI

683 490 818 552 Rex·
835 489 868 551 ?
925 488 1131 570 Viyila
1149 497 1193 550 ⁸.
1290 486 1624 551 Monendo
1654 485 1830 549 enim
1857 483 2100 560 laudat,
2133 482 2244 566 qui
2272 487 2347 546 ut
2376 478 2617 544 faciant
2646 487 2890 561 monet,

678 591 850 673 quod
872 592 1010 674 jam
1040 590 1310 654 faciunt.
1401 592 1510 654 An
1554 595 1621 652 et
1650 609 1799 652 eum
1836 586 2216 652 monitionis
2245 606 2459 664 usum,
2492 589 2687 668 atque
2731 584 2893 649 adeo

677 693 958 772 laudem,
991 693 1318 757 docendus
1348 699 1446 756 est
1471 689 1887 756 cardinalis?

743 854 804 874 =-.
827 843 990 891 neque
1009 828 1206 892 possint
1230 827 1391 890 Reges
1411 827 1732 877 auctoritatis
1753 841 1858 875 suae
1881 839 2062 875 nervos
2084 824 2311 887 integros
2332 837 2544 885 servare,
2559 823 2662 873 nisi
2682 825 2892 875 auctori·

807 912 931 960 tatis
956 909 1239 959 Pontificius
1262 924 1443 958 nervos
1464 909 1564 974 ipsi
1587 906 2100 973 preximi—[Bell.
2117 905 2266 970 Apol.
2284 920 2377 970 pro
2391 903 2563 969 Resp]
2589 920 2637 970 p.
2652 907 2731 956 24.
2753 905 2893 970 [Op.,

807 995 934 1040 tom.
956 992 1046 1040 vii.
1068 991 1162 1040 eol.
1188 991 1298 1042 718.
1324 989 1409 1054 0.]

349 1105 634 1171 [Quidquid
766 1090 1041 1152 Praecidi
1101 1101 1339 1168 autem,
1397 1110 1533 1152 non
1600 1109 1838 1168 nervo-9,
1892 1086 2007 1151 sed
2058 1093 2332 1150 strumas
2374 1084 2608 1169 potius,
2656 1085 2891 1170 quibus

348 1171 648 1285 ffiffiffifft'
678 1193 1042 1257 luxuriatur
1085 1193 1410 1257 interdum
1440 1199 1723 1276 potestas
1754 1190 2112 1269 Pontificia,
2156 1189 2549 1288 incommpdi
2579 1189 2742 1252 nihil
2771 1196 2887 1253 est.

344 1300 618 1365 accrescit]
680 1299 869 1362 Idem
920 1298 1044 1361 hoc
1098 1300 1309 1380 Reges
1370 1316 1537 1379 saepe
1595 1295 1976 1359 factitarunt
2022 1292 2446 1378 Pragmaticis
2498 1293 2631 1356 suis
2648 1291 2695 1357 ¹².
2795 1292 2888 1356 Ni

676 1400 1001 1479 fecissent,
1054 1401 1427 1463 suham-vata
1480 1399 1736 1484 jamdiu
1781 1404 1950 1461 esset
1998 1396 2347 1461 auctoritas
2396 1418 2619 1460 eorum
2665 1396 2887 1480 Regia.

681 1504 751 1568 Si
783 1526 973 1588 porro
1006 1505 1202 1567 etiam
1230 1502 1525 1581 fecerint,
1557 1503 1704 1585 plus
1736 1501 1946 1564 adhuc
1975 1521 2298 1563 nervorum
2325 1499 2648 1563 habitura.
2697 1500 2892 1567 Quod

676 1607 852 1674 enim
883 1606 1135 1670 decedit
1173 1606 1321 1685 illis,
1355 1604 1663 1669 accrescit
1694 1604 2037 1668 Pontifici:
2086 1604 2197 1688 qui
2245 1603 2426 1688 quasi
2466 1602 2598 1667 lien
2631 1602 2892 1686 jamdu-

677 1711 830 1774 dum
863 1717 962 1773 est
993 1710 1085 1773 rei
1115 1710 1316 1773 totius
1350 1708 1753 1773 Christianae.

741 1863 1134 1927 Expergiseatur
1154 1863 1323 1927 potius
1344 1862 1454 1913 Rex
1468 1861 1773 1925 Anglorum,
1791 1866 1844 1911 et
1859 1862 2070 1912 verbum
2094 1860 2306 1912 Domini
2327 1861 2605 1924 diligenter
2618 1861 2889 1926 expendat.

806 1947 821 1971 ‘
836 1943 1051 1993 Reddite
1065 1959 1177 2007 quae
1192 1948 1311 1994 sunt
1330 1943 1541 1994 Caesaris
1555 1944 1758 2004 Caesari,
1775 1948 1829 1993 et
1844 1958 1958 2007 quae
1975 1948 2097 1993 sunt
2109 1942 2206 1993 Dei
2225 1945 2334 1993 Deo
2347 1942 2614 2008 es-[Beu.
2641 1942 2792 2008 Apol.
2807 1958 2900 2008 pro

804 2024 982 2090 Resp]
1017 2040 1066 2090 p.
1093 2027 1172 2074 24.
1211 2024 1351 2089 [Op.,
1383 2030 1505 2075 tom.
1524 2026 1612 2075 vii.
1637 2026 1732 2076 eol.
1755 2025 1865 2077 718.
1893 2023 1972 2090 C.]

349 2148 479 2226 [qu
501 2148 610 2211 ipse
761 2139 957 2219 Nam,
989 2141 1161 2223 quod
1201 2141 1548 2223 expergisci
1591 2141 1687 2205 vis
1732 2143 1979 2224 Reym,
2019 2141 2161 2223 (nec
2191 2139 2272 2205 ab
2305 2160 2400 2218 ea,
2433 2161 2629 2224 quam
2668 2141 2889 2225 culpas

346 2218 645 2342 ffessiegim]
675 2241 811 2327 ipse
840 2264 1082 2322 vocem,
1116 2243 1424 2326 abstines)
1448 2244 1614 2322 vide,
1647 2266 1838 2328 quam
1868 2244 2009 2307 Rex
2037 2265 2257 2308 vocem
2287 2242 2458 2307 hanc
2488 2264 2622 2307 non
2651 2243 2892 2308 invitus

674 2346 860 2426 ferat,
920 2347 1277 2430 praesertim
1326 2367 1475 2410 cum
1522 2348 1773 2410 verbum
1823 2347 2078 2409 Domini
2126 2347 2323 2411 etiam
2373 2345 2691 2410 nomines.
2780 2347 2889 2411 Ad

674 2450 903 2515 tubam
943 2450 1141 2531 illam,
1168 2451 1309 2535 quis
1341 2472 1472 2515 non
1490 2451 1736 2533 eviyilet
1761 2451 1794 2514 .?
1824 2449 1965 2535 quis
1995 2471 2128 2515 non
2159 2449 2425 2515 arrectis
2457 2450 2718 2515 auribus
2747 2450 2832 2514 sit
2857 2450 2886 2515 ¹?

677 2553 868 2621 Quod
894 2576 1042 2618 vero
1073 2554 1389 2618 verbum?
1480 2555 1750 2617 Reddite
1780 2575 1912 2636 quae
1941 2560 2085 2616 sunt
2114 2554 2380 2618 Gaesaris
2417 2555 2668 2617 Goesari.
2746 2555 2884 2617 Ex-

663 2658 1065 2740 peryiscatur
1098 2678 1240 2720 vero
1269 2658 1487 2739 potius
1516 2657 1618 2720 hic
1653 2657 2031 2736 Cardinalis,
2062 2656 2289 2740 quidni
2319 2663 2539 2721 autem
2569 2664 2634 2720 et
2665 2657 2887 2720 Ponti-

659 2760 780 2842 feoe
804 2762 837 2823 Ρ
927 2761 1073 2825 Hoc
1124 2761 1298 2824 enim
1344 2761 1559 2845 agitur
1588 2761 1714 2840 hic,
1747 2760 1900 2824 hinc
1942 2781 2018 2824 ex
2052 2760 2200 2844 jure
2242 2781 2443 2824 manu
2472 2759 2887 2825 consertum‘l

678 2870 959 2944 vocatur,
1012 2864 1185 2947 quod
1244 2865 1497 2942 Coesari,
1541 2885 1674 2946 quoe
1733 2865 2018 2943 Caesaris,
2060 2862 2409 2940 sustulerit,
2456 2863 2708 2927 sublata
2739 2885 2886 2945 ¹non

674 2966 903 3028 reddat
942 2967 1101 3050 jam,
1150 2966 1314 3031 nolit
1362 2967 1557 3030 etiam
1605 2966 1865 3030 reddere
1887 2994 1903 3027 .-
1951 2966 2108 3050 quin
2149 2966 2343 3050 (quod
2394 2973 2586 3049 caput
2631 2966 2886 3051 injuriae

675 3069 797 3150 est)
825 3067 1128 3132 defendat
1156 3090 1290 3132 non
1320 3069 1658 3148 reddenda,
1682 3069 1909 3135 tollere
1940 3090 2017 3133 ea
2044 3068 2328 3153 potuisse
2359 3091 2445 3148 se,
2470 3089 2657 3153 posse
2689 3070 2885 3133 etiam

667 3171 827 3255 jam,
860 3191 1009 3233 cum
1050 3171 1241 3251 volet,
1276 3172 1524 3254 quoties
1553 3172 1743 3251 volet,
1786 3180 1980 3256 atque
2017 3171 2187 3256 apud
2236 3193 2304 3235 se
2352 3172 2656 3250 detinere,
2689 3172 2772 3235 ad
2817 3193 2886 3236 se

674 3272 850 3336 enim
894 3294 990 3352 ea,
1025 3294 1160 3337 non
1191 3274 1271 3337 ad
1328 3275 1646 3339 Caesarem
1694 3276 2034 3359 pertinere.
2123 3275 2369 3339 Audiat
2422 3276 2567 3348 Quae
2619 3276 2886 3338 Caesaris

679 3376 911 3438 Coesari
931 3378 963 3439 ‚2
1028 3373 1232 3441 Ποίον
1291 3402 1370 3441 σε
1427 3375 1584 3446 ἔπος
1644 3376 1845 3463 φύγεν
1895 3377 2076 3466 ἕρκος
2135 3376 2406 3443 ὀδόντων
2427 3388 2468 3453 ⁶,
2531 3378 2719 3462 quale
2778 3377 2885 3442 hic

671 3479 937 3545 verbum
980 3479 1217 3545 excidit
1258 3481 1642 3546 cardinali?
1689 3504 1882 3566 quam
1929 3504 2062 3548 non
2113 3483 2612 3567 tempestivum?
2679 3482 2881 3567 quasi,

671 3584 784 3668 qui
841 3585 998 3649 alios
1056 3592 1447 3668 eaperrectos
1493 3586 1654 3665 vult,
1711 3586 1901 3650 bonus
1963 3587 2100 3670 ipse
2150 3586 2480 3666 Homem,
2540 3587 2612 3650 in
2670 3586 2885 3651 media

671 3690 1029 3754 monitione
1059 3711 1174 3754 sua
1203 3690 1493 3753 dormitet
1516 3687 1553 3753 ¹.
1628 3689 1785 3755 Non
1815 3690 1988 3753 enim
2018 3690 2310 3774 (opinor,)
2347 3689 2517 3773 quod
2546 3690 2639 3754 ibi
2670 3690 2881 3775 sequi-

671 3800 797 3871 tur,
822 3794 915 3856 Et
942 3814 1074 3876 quoe
1096 3794 1219 3856 Dei
1248 3793 1405 3872 Dec,
1425 3793 1489 3856 id
1522 3793 1618 3856 ita
1646 3793 1956 3876 glossabit
1982 3794 2300 3873 Pontifex,
2333 3793 2480 3866 Quae
2498 3795 2641 3873 Dei,
2661 3794 2730 3857 id
2760 3800 2879 3874 est,

670 3918 803 3979 quae
856 3897 1106 3978 Caiphae
1156 3903 1323 3975 tum,
1354 3896 1455 3960 vel
1485 3897 1683 3978 Papae
1715 3897 1852 3981 jam
1872 3922 1891 3973 ς
1938 3918 2023 3960 ne
2063 3896 2158 3960 ita
2201 3919 2268 3961 se
2307 3898 2510 3961 Deum
2550 3896 2764 3976 faciat,
2797 3918 2882 3962 ne

670 4001 761 4065 sic
789 4000 1108 4084 impingat
1135 3999 1207 4062 in
1231 4000 1553 4084 Magnum
1587 4001 1896 4079 Leonem,
1931 4007 1997 4063 et
2026 3999 2284 4085 inflatus
2311 4001 2540 4081 spiritu
2561 4000 2880 4082 superbier,

666 4106 1057 4186 semetipsum
1114 4104 1182 4166 in
1228 4102 1497 4185 inferna'
1530 4104 1847 4186 demergat
1871 4114 1916 4166 ⁸.
2011 4103 2142 4170 Qui
2193 4103 2461 4168 verbum
2525 4103 2882 4169 Servatoris

733 4258 755 4280 ⁸
812 4249 942 4300 Vide
979 4249 1211 4300 Servium
1249 4249 1307 4298 in
1348 4248 1494 4312 Virg.
1528 4248 1640 4298 AEn.
1678 4264 1730 4298 x.
1886 4256 1904 4279 0
1974 4247 2121 4298 Matt.
2145 4248 2271 4298 xxii.
2297 4246 2399 4313 21.]

668 4317 778 4365 228.
1883 4312 1904 4344 ‘¹
1965 4313 2159 4362 Ennius
2201 4313 2335 4377 apud
2392 4314 2508 4364 Aul.
2557 4313 2686 4364 Gen.
2727 4314 2877 4365 Noct-

733 4377 755 4410 ι’
818 4379 947 4429 Vide
997 4379 1198 4442 Pragm.
1240 4379 1493 4429 Sanction.
1538 4378 1728 4429 Ludov.
1823 4379 1927 4427 Att.
1956 4379 2042 4428 lib.
2062 4394 2145 4427 xx.
2170 4394 2276 4441 cap.
2303 4378 2402 4444 10.]

672 4442 780 4501 lX.‚
820 4443 972 4506 (apud
1014 4444 1162 4493 Cone.
1198 4447 1320 4494 tom.
1356 4445 1425 4493 xi.
1459 4445 1571 4494 coll.
1614 4447 1726 4503 907,
1884 4452 1904 4476 ⁰
1933 4443 2111 4514 [Hom.
2139 4444 2197 4493 11.
2226 4446 2295 4493 ix.
2320 4443 2459 4507 409]

671 4510 802 4569 908.)
826 4513 880 4557 ct
901 4507 1069 4557 Caroli
1095 4507 1231 4563 VII..
1260 4509 1313 4557 in
1338 4509 1485 4559 Cone.
1516 4510 1724 4560 Biturie.
1882 4508 1896 4539 ¹
1950 4509 2081 4559 Vide
2096 4508 2273 4559 Horat.
2289 4509 2522 4573 Epistad
2539 4508 2877 4572 Pialinssfia]

668 4571 886 4631 —Ibid.,
910 4577 1031 4621 tom.
1059 4573 1149 4620 xii.
1173 4573 1263 4620 col.
1292 4575 1433 4623 1429.
1460 4574 1584 4638 seq.]
1881 4584 1902 4615 ⁸
1962 4573 2091 4625 vide
2113 4589 2279 4638 supra,
2313 4589 2363 4638 p.
2389 4575 2497 4637 90.]
