3165 4959
678 326 805 388 136
1303 340 1389 389 AD
1433 341 1814 389 cAnmNALls
1857 339 2254 388 BELLARMJM

444 492 573 554 104
681 503 746 560 et
795 496 1086 579 amplius,
1120 517 1270 560 cum
1307 498 1675 560 Cardinales
1703 499 1975 560 Diaconi
2019 496 2102 560 ad
2147 498 2361 559 titulos
2401 495 2682 560 ordinati
2729 501 2885 558 sunt

340 3748 530 3812 [Cardi-

339 3814 480 3862 nales
502 3827 606 3861 non
706 3853 718 3865 .

338 3892 401 3925 ex
421 3877 561 3926 insti·

337 3945 451 3989 tuto
472 3957 563 3989 suo

341 4005 604 4054 Pontificius

677 600 1104 663 Ecclesiarum
1166 602 1674 664 Paroeciensium.
1769 601 2037 683 Scripsit
2098 600 2475 683 Onuphrius
2496 599 2544 662 d.
2634 601 2885 662 Verum

677 699 894 776 etiam,
926 700 1073 763 Non
1103 706 1344 764 tantum
1373 702 1440 763 in
1468 702 1754 763 Romana
1784 701 2095 777 Ecclesia,
2125 701 2241 763 sed
2266 701 2455 763 etiam
2484 701 2551 762 in
2582 700 2729 762 aliis
2762 719 2888 779 per

676 805 1049 866 Provincias
1077 804 1804 886 Ecclesiis,„Cardinales
1817 801 2041 884 fuisse.
2114 802 2334 866 Habet
2367 802 2819 866 Urbcvetanus
2837 812 2884 863 ⁰.

688 907 911 970 Verum
957 908 1026 970 id
1079 930 1369 993 quoque:
1416 909 1764 971 Multitudo
1797 907 2312 990 Presbyterorum
2356 913 2417 970 et
2461 907 2886 969 Diaconorum

658 1007 1007 1091 sorensium
1059 1012 1147 1073 ad
1189 1011 1400 1073 urbem
1444 1012 1958 1089 concurrentium,
1992 1030 2245 1073 causam
2291 1010 2483 1087 dedit,
2532 1015 2603 1072 ut
2642 1008 2884 1071 Urbani

676 1113 1039 1194 Presbyteri
1062 1121 1121 1177 et
1151 1115 1423 1177 Diaconi
1454 1115 1533 1177 ab
1563 1117 1654 1177 eis
1684 1115 2213 1197 distinyuerentur
2232 1115 2474 1178 nomine
2502 1113 2884 1175 Cardinalis.

675 1214 972 1278 Totidem
1001 1215 1210 1280 verbis
1242 1217 1698 1281 Urbevetanus
1726 1244 1739 1281 ε
1799 1218 2025 1280 Verum
2055 1225 2120 1280 et
2143 1217 2325 1279 illud.
2402 1214 2547 1279 Etsi
2577 1214 2884 1278 Ecclesiae

676 1318 815 1381 aliae
846 1318 946 1382 his
976 1320 1236 1384 vocibus
1258 1328 1528 1384 utantur
1558 1320 1859 1404 privatim
1902 1320 2071 1403 apud
2117 1341 2206 1398 se,
2255 1341 2388 1384 non
2435 1318 2626 1384 scribi
2657 1325 2882 1381 tamen

668 1421 809 1503 jam
842 1422 1215 1486 Cardinales
1245 1425 1481 1506 passim
1513 1431 1578 1487 et
1609 1422 1880 1507 publice,
1905 1423 2032 1486 nisi
2063 1424 2410 1487 Romanos.
2501 1423 2643 1484 Nec
2664 1420 2886 1484 Cardi-

674 1526 841 1587 nalis
885 1526 1010 1590 hoc
1051 1534 1265 1609 negat.
1370 1529 1593 1591 Verum
1624 1540 1863 1607 autem,
1897 1529 2264 1591 Romanum
2303 1525 2466 1589 illud
2496 1523 2614 1588 sub
2649 1525 2886 1587 Silves-

675 1637 778 1692 tro
832 1630 1197 1693 Concilium
1241 1653 1465 1694 verum
1525 1653 1659 1694 non
1719 1652 1878 1708 esse,
1926 1630 2038 1693 sed
2088 1629 2171 1692 ad
2217 1630 2602 1711 Cynosoryes
2651 1627 2884 1691 merito

676 1732 956 1813 ableyari
979 1731 1012 1795 f.
1106 1735 1329 1796 Verum
1360 1734 1660 1817 denique,
1710 1734 1790 1798 ab
1820 1735 2024 1797 initiis
2056 1735 2187 1796 suis
2216 1734 2571 1797 luxuriatos
2600 1734 2883 1797 multum

682 1837 1051 1899 Cardinales
1072 1864 1091 1898 .·
1140 1858 1279 1916 nec,
1326 1839 1381 1902 si
1417 1846 1668 1921 saperet
1712 1839 2092 1917 Cardinalis,
2128 1839 2290 1902 illud
2321 1840 2483 1903 elabi
2512 1840 2633 1904 sibi
2650 1860 2885 1921 passus

674 1939 920 2018 fuisset,
956 1942 1202 2005 Proeter
1230 1943 1641 2006 institutionis
1675 1964 1800 2006 sace
1835 1945 2136 2025 originem
2166 1943 2308 2006 illos
2336 1964 2458 2006 non
2487 1945 2881 2006 extumuisse.

677 2042 1024 2127 Presbyter
1053 2046 1226 2109 enim
1254 2047 1565 2130 paroeciae,
1612 2056 1724 2111 aut
1766 2049 2042 2112 Curator
2072 2046 2444 2129 Baptisterii
2482 2069 2598 2110 seu
2639 2046 2882 2124 feretri,

675 2144 729 2207 si
771 2146 854 2208 ad
898 2154 1098 2212 tantae
1141 2144 1611 2231 magnitudinis
1655 2150 1860 2214 instar
1897 2162 2238 2228 excrescat,
2271 2157 2347 2212 ut
2391 2150 2702 2230 Episcopo
2737 2151 2878 2233 jam

674 2250 900 2332 major,
934 2252 1223 2332 Principi
1252 2252 1372 2334 ipsi
1417 2275 1532 2335 par
1579 2254 1664 2316 sit
1710 2275 1784 2317 ac
1824 2254 2128 2317 aemulus:
2179 2275 2263 2316 an
2302 2252 2444 2331 hoc,
2493 2254 2824 2316 secundum
2849 2255 2883 2316 ,2

676 2375 896 2417 annon
941 2355 1064 2419 hoc
1097 2363 1335 2437 praeter
1370 2359 1668 2440 oriyinem
1698 2358 2110 2421 institutionis
2138 2358 2315 2420 sace?
2410 2358 2665 2440 Oriyine
2707 2380 2884 2440 pres-

673 2457 864 2543 byter
923 2466 1041 2539 est,
1090 2460 1425 2546 presbyter
1483 2460 1785 2546 Episcopi
1845 2461 1965 2540 sui,
2009 2469 2075 2525 et
2126 2483 2203 2525 eo
2251 2460 2498 2526 minor:
2554 2461 2881 2528 Institutio

674 2571 893 2628 autem
925 2566 1080 2649 cjuS,
1112 2572 1188 2630 ut
1218 2573 1399 2630 curet
1428 2567 1795 2650 paroeciam.
1889 2566 2178 2630 Paroecia
2205 2566 2275 2628 in
2307 2566 2605 2642 Dioecesi,
2638 2573 2703 2629 et
2734 2569 2877 2652 ejus

672 2688 819 2750 pars
848 2690 1042 2751 parva
1072 2671 1298 2735 modo:
1350 2672 1480 2734 Hic
1502 2671 1663 2755 jam,
1697 2671 1749 2733 si
1776 2692 1843 2734 se
1875 2692 2067 2754 supra
2095 2669 2475 2751 Episcopum
2506 2691 2694 2732 suum
2725 2671 2880 2733 effe-

671 2777 792 2849 rat,
819 2793 1010 2855 supra
1028 2767 1357 2837 Dioecesim
1380 2797 1622 2857 pennas
1653 2773 1992 2838 extendat:
2028 2773 2181 2855 quid
2206 2773 2366 2851 dico,
2393 2774 2786 2855 Episcopum,
2813 2784 2882 2838 et

671 2873 1001 2937 Dioecesim
1025 2878 1059 2938 ?
1102 2876 1156 2939 si
1186 2898 1378 2960 supra
1418 2877 1782 2958 Episcopos‚
1816 2884 1882 2939 et
1913 2877 2221 2939 Dioeceses
2251 2897 2493 2954 omnes,
2527 2898 2657 2940 non
2686 2878 2880 2941 modo

658 2978 993 3057 presbyter
1027 2980 1405 3058 Cardinalis,
1447 2981 1536 3062 (id
1571 2982 1715 3063 est,)
1744 2981 2143 3061 principalis,
2176 2980 2288 3043 scd
2325 2980 2658 3061 presbyter
2685 2982 2882 3045 Prin-

671 3097 829 3156 ceps,
863 3078 993 3141 imo
1021 3100 1207 3160 super
1235 3081 1585 3162 Principes,
1617 3103 1835 3145 annon
1857 3090 2219 3164 utramque,
2252 3083 2569 3164 oriyinem,
2602 3089 2667 3146 et
2696 3085 2876 3146 insti-

670 3180 965 3242 tutionem
994 3202 1445 3265 supergressus
1463 3184 1492 3244 ?
1538 3183 1801 3265 Iynorat
1831 3204 1932 3246 res
1964 3205 2132 3262 suaS,
2165 3185 2417 3265 iqnorat
2447 3205 2513 3248 se
2554 3185 2880 3269 (superbia

669 3281 911 3346 scilicet
940 3285 1166 3366 caecus)
1209 3285 1319 3368 qui
1348 3293 1423 3348 ut
1453 3293 1719 3369 negaret
1748 3287 1893 3365 hoc,
1925 3287 2086 3349 elabi
2114 3287 2237 3350 sibi
2254 3309 2487 3368 passus
2515 3295 2624 3351 est.

735 3415 868 3465 Nam
895 3417 973 3480 (ut
1002 3432 1155 3482 supra
1186 3418 1430 3483 diximus)
1468 3420 1679 3483 antiqua
1713 3421 1972 3471 institutio
2011 3425 2135 3481 erat,
2170 3424 2227 3470 ut
2261 3421 2545 3484 Presbyteri
2579 3428 2631 3471 et
2664 3422 2878 3473 Diaconi

799 3496 1015 3546 Romani
1046 3513 1162 3547 cum
1195 3500 1379 3549 vicinis
1416 3500 1680 3566 Episcopis
1713 3501 1999 3551 Romanum
2034 3502 2334 3551 Pontificem
2367 3503 2628 3565 eligerent,
2661 3520 2878 3569 cumque

797 3578 1009 3628 consilio
1032 3582 1083 3629 et
1105 3594 1255 3643 opera
1275 3580 1805 3647 adjuvarent—[Bell.
1829 3582 1977 3647 Apol.
2002 3598 2093 3646 pro
2117 3582 2285 3647 Resp]
2306 3597 2354 3647 p.
2381 3585 2457 3633 38.
2484 3583 2617 3649 [Op.,
2640 3589 2764 3635 tom.
2786 3586 2878 3636 vii.

816 3659 908 3708 col.
934 3660 1042 3711 726.
1066 3659 1146 3725 Β.]

754 3750 985 3833 Neque
1034 3752 1207 3815 enim
1237 3753 1338 3817 vel
1385 3755 1557 3838 oriyo
1602 3755 1716 3818 illa
1757 3757 1859 3820 vel
1902 3758 2211 3819 institutio
2251 3755 2613 3840 presbyteri
2662 3779 2874 3841 paroe-

665 3852 915 3932 ciensis,
946 3862 1022 3918 ut
1053 3856 1357 3940 suffragio
1409 3879 1527 3922 suo
1574 3861 1769 3942 eliyat
1801 3861 1897 3923 vel
1951 3862 2204 3924 consilio
2236 3861 2416 3943 juvet
2457 3862 2871 3945 Episcopum.

668 3956 831 4021 Quis
872 3958 989 4022 scit
1032 3959 1228 4038 enim,
1271 3982 1355 4024 an
1384 3962 1808 4045 Episcopatus
1838 3963 2092 4027 vivente
2122 3964 2498 4048 presbytero
2528 3973 2870 4029 vacaturus

339 4069 632 4131 mentm-esst
665 4060 748 4123 sit
769 4061 798 4121 ?
889 4063 976 4125 Et
1006 4063 1360 4146 Episcopus
1390 4062 1556 4127 forte
1604 4066 1990 4129 sententiam
2041 4068 2181 4150 ejus
2224 4088 2360 4131 non
2403 4067 2678 4150 rogabit.
2765 4069 2876 4132 Ad

666 4163 803 4228 haec
833 4165 1080 4247 positus
1111 4189 1245 4231 non
1276 4175 1393 4245 est,
1425 4190 1559 4232 non
1592 4169 1731 4233 haec
1774 4170 1946 4232 illius
1984 4171 2296 4233 institutio
2326 4171 2425 4234 vel
2457 4173 2739 4252 antiqua,
2773 4172 2875 4234 vel
2955 4193 2965 4202 ·

666 4267 817 4346 ulla,
854 4270 968 4333 sed
999 4292 1209 4355 neque
1224 4270 1475 4353 functio
1509 4271 1633 4335 dici
1665 4280 1896 4356 potest.
1988 4275 2242 4338 Positus
2272 4282 2391 4353 est,
2423 4284 2499 4339 ut
2527 4276 2875 4358 paroeciam

726 4417 747 4448 ‘¹
784 4418 955 4482 [Onup
957 4419 1032 4468 hr.
1051 4421 1260 4470 Panvin.
1264 4419 1283 4484 ]
1300 4420 1373 4470 De
1389 4421 1600 4487 [Episc]
1621 4422 1983 4486 Tit.1557.]

667 4481 745 4543 [et
768 4482 961 4531 Diacon
1003 4484 1236 4597 Can-diul]l
1265 4501 1310 4549 p.
1332 4490 1409 4534 29.
1439 4487 1516 4550 [p.
1544 4491 1621 4537 66.
1658 4489 1723 4538 ad
1876 4490 1993 4537 ‘In
2020 4487 2126 4537 vit.
2157 4489 2297 4538 Pont.

662 4546 778 4593 calc.
797 4545 1013 4609 Onuphr
1044 4548 1165 4611 Epit
1242 4565 1338 4598 om.
1359 4550 1521 4611 Pont,
1539 4551 1720 4603 Venet.
1876 4551 2133 4618 '[Erasm.
2160 4554 2322 4617 Adag.
2347 4568 2393 4618 p.
2419 4553 2553 4617 374]
