<?xml version="1.0" encoding="UTF-8"?>
<!DOCTYPE html PUBLIC "-//W3C//DTD XHTML 1.0 Transitional//EN"
    "http://www.w3.org/TR/xhtml1/DTD/xhtml1-transitional.dtd">
<html xmlns="http://www.w3.org/1999/xhtml" xml:lang="en" lang="en">
 <head>
  <title>
</title>
<meta http-equiv="Content-Type" content="text/html;charset=utf-8" />
  <meta name='ocr-system' content='tesseract 3.04.00' />
  <meta name='ocr-capabilities' content='ocr_page ocr_carea ocr_par ocr_line ocrx_word'/>
</head>
<body>
  <div class='ocr_page' id='page_1' title='image "./responsioadapol01andrgoog_0428.png"; bbox 0 0 3165 4959; ppageno 0'>
   <div class='ocr_carea' id='block_1_1' title="bbox 351 673 656 868">
    <p class='ocr_par' dir='ltr' id='par_1_1' title="bbox 351 673 656 855">
     <span class='ocr_line' id='line_1_1' title="bbox 352 673 631 739; baseline -0.004 -15"><span class='ocrx_word' id='word_1_1' title='bbox 352 674 451 739; x_wconf 89' lang='lat' dir='ltr'><strong>[De</strong></span> <span class='ocrx_word' id='word_1_2' title='bbox 471 673 631 725; x_wconf 84' lang='lat' dir='ltr'><strong>homi-</strong></span> 
     </span>
     <span class='ocr_line' id='line_1_2' title="bbox 351 739 656 791; baseline -0.013 0"><span class='ocrx_word' id='word_1_3' title='bbox 351 740 502 791; x_wconf 87' lang='lat' dir='ltr'><strong>cidiis</strong></span> <span class='ocrx_word' id='word_1_4' title='bbox 522 739 656 789; x_wconf 82' lang='lat' dir='ltr'><strong>aliis·</strong></span> 
     </span>
     <span class='ocr_line' id='line_1_3' title="bbox 352 804 655 868; baseline -0.004 -13.857"><span class='ocrx_word' id='word_1_5' title='bbox 352 819 449 868; x_wconf 89' lang='lat' dir='ltr'><strong>que</strong></span> <span class='ocrx_word' id='word_1_6' title='bbox 465 804 655 855; x_wconf 76' lang='lat' dir='ltr'><strong>sceleri·</strong></span> 
     </span>
    </p>
   </div>
   <div class='ocr_carea' id='block_1_2' title="bbox 676 291 2264 357">
    <p class='ocr_par' dir='ltr' id='par_1_2' title="bbox 676 291 2264 357">
     <span class='ocr_line' id='line_1_4' title="bbox 676 291 2264 357; baseline 0.002 -4"><span class='ocrx_word' id='word_1_7' title='bbox 676 291 807 354; x_wconf 85' lang='grc'><strong>392</strong></span> <span class='ocrx_word' id='word_1_8' title='bbox 1305 306 1391 354; x_wconf 69' lang='grc' dir='ltr'><strong>ιι)</strong></span> <span class='ocrx_word' id='word_1_9' title='bbox 1434 305 1820 355; x_wconf 56' lang='lat' dir='ltr'><strong>cumminas</strong></span> <span class='ocrx_word' id='word_1_10' title='bbox 1862 306 2264 357; x_wconf 64' lang='lat' dir='ltr'><strong>smmum</strong></span> 
     </span>
    </p>
   </div>
   <div class='ocr_carea' id='block_1_3' title="bbox 809 457 2894 607">
    <p class='ocr_par' dir='ltr' id='par_1_3' title="bbox 809 457 2894 607">
     <span class='ocr_line' id='line_1_5' title="bbox 809 457 2894 527; baseline 0.001 -17"><span class='ocrx_word' id='word_1_11' title='bbox 809 457 1095 510; x_wconf 58' lang='lat' dir='ltr'><strong>otthonem</strong></span> <span class='ocrx_word' id='word_1_12' title='bbox 1125 459 1362 521; x_wconf 77' lang='lat' dir='ltr'><strong>inveniri,</strong></span> <span class='ocrx_word' id='word_1_13' title='bbox 1379 460 1468 510; x_wconf 81' lang='lat' dir='ltr'><strong>sed</strong></span> <span class='ocrx_word' id='word_1_14' title='bbox 1490 494 1768 511; x_wconf 92' lang='grc'><strong>........</strong></span> <span class='ocrx_word' id='word_1_15' title='bbox 1786 466 1847 511; x_wconf 79' lang='lat' dir='ltr'><strong>ut</strong></span> <span class='ocrx_word' id='word_1_16' title='bbox 1875 461 2070 525; x_wconf 76' lang='lat' dir='ltr'><strong>injusta</strong></span> <span class='ocrx_word' id='word_1_17' title='bbox 2089 499 2102 509; x_wconf 91' lang='lat'><strong>.</strong></span> <span class='ocrx_word' id='word_1_18' title='bbox 2128 497 2140 512; x_wconf 92' lang='lat'><strong>.</strong></span> <span class='ocrx_word' id='word_1_19' title='bbox 2165 496 2179 509; x_wconf 87' lang='lat'><strong>.</strong></span> <span class='ocrx_word' id='word_1_20' title='bbox 2202 496 2216 510; x_wconf 90' lang='lat'><strong>.</strong></span> <span class='ocrx_word' id='word_1_21' title='bbox 2236 460 2511 525; x_wconf 73' lang='lat' dir='ltr'>prohiberi,</span> <span class='ocrx_word' id='word_1_22' title='bbox 2544 463 2598 512; x_wconf 75' lang='lat' dir='ltr'><strong>et</strong></span> <span class='ocrx_word' id='word_1_23' title='bbox 2628 461 2894 527; x_wconf 77' lang='lat' dir='ltr'><strong>puniri.—</strong></span> 
     </span>
     <span class='ocr_line' id='line_1_6' title="bbox 810 539 2521 607; baseline 0.001 -18"><span class='ocrx_word' id='word_1_24' title='bbox 810 540 965 604; x_wconf 89' lang='lat' dir='ltr'><strong>[Bell.</strong></span> <span class='ocrx_word' id='word_1_25' title='bbox 988 540 1139 605; x_wconf 84' lang='lat' dir='ltr'>Apol.</span> <span class='ocrx_word' id='word_1_26' title='bbox 1160 556 1252 605; x_wconf 88' lang='lat' dir='ltr'><strong>pro</strong></span> <span class='ocrx_word' id='word_1_27' title='bbox 1275 539 1444 605; x_wconf 63' lang='lat' dir='ltr'><strong>Besp]</strong></span> <span class='ocrx_word' id='word_1_28' title='bbox 1477 556 1524 605; x_wconf 89' lang='lat' dir='ltr'><strong>p.</strong></span> <span class='ocrx_word' id='word_1_29' title='bbox 1552 543 1663 592; x_wconf 81' lang='lat'><strong>166.</strong></span> <span class='ocrx_word' id='word_1_30' title='bbox 1690 540 1830 607; x_wconf 90' lang='lat' dir='ltr'><strong>[Op.,</strong></span> <span class='ocrx_word' id='word_1_31' title='bbox 1864 546 1987 592; x_wconf 79' lang='lat' dir='ltr'><strong>tom.</strong></span> <span class='ocrx_word' id='word_1_32' title='bbox 2004 543 2091 592; x_wconf 79' lang='lat' dir='ltr'><strong>vii.</strong></span> <span class='ocrx_word' id='word_1_33' title='bbox 2112 542 2205 593; x_wconf 87' lang='lat' dir='ltr'><strong>col.</strong></span> <span class='ocrx_word' id='word_1_34' title='bbox 2229 542 2342 595; x_wconf 77' lang='lat'><strong>792.</strong></span> <span class='ocrx_word' id='word_1_35' title='bbox 2367 542 2424 592; x_wconf 89' lang='grc' dir='ltr'><strong>Β.</strong></span> <span class='ocrx_word' id='word_1_36' title='bbox 2442 540 2521 604; x_wconf 83' lang='grc'><strong>0.]</strong></span> 
     </span>
    </p>
   </div>
   <div class='ocr_carea' id='block_1_4' title="bbox 680 657 2896 846">
    <p class='ocr_par' dir='ltr' id='par_1_4' title="bbox 680 657 2896 846">
     <span class='ocr_line' id='line_1_7' title="bbox 763 657 2896 741; baseline 0.001 -21"><span class='ocrx_word' id='word_1_37' title='bbox 763 657 1076 739; x_wconf 75' lang='lat' dir='ltr'><strong>Imayines</strong></span> <span class='ocrx_word' id='word_1_38' title='bbox 1098 657 1353 741; x_wconf 87' lang='lat' dir='ltr'><strong>quidem</strong></span> <span class='ocrx_word' id='word_1_39' title='bbox 1384 658 1759 722; x_wconf 76' lang='lat' dir='ltr'><strong>Sanctorum</strong></span> <span class='ocrx_word' id='word_1_40' title='bbox 1786 660 1946 721; x_wconf 75' lang='lat' dir='ltr'><strong>satis</strong></span> <span class='ocrx_word' id='word_1_41' title='bbox 1976 664 2219 723; x_wconf 74' lang='lat' dir='ltr'><strong>constat</strong></span> <span class='ocrx_word' id='word_1_42' title='bbox 2247 659 2418 722; x_wconf 81' lang='lat' dir='ltr'><strong>idola</strong></span> <span class='ocrx_word' id='word_1_43' title='bbox 2448 681 2570 723; x_wconf 77' lang='lat' dir='ltr'><strong>non</strong></span> <span class='ocrx_word' id='word_1_44' title='bbox 2596 681 2751 741; x_wconf 72' lang='lat' dir='ltr'><strong>esse,</strong></span> <span class='ocrx_word' id='word_1_45' title='bbox 2775 660 2896 723; x_wconf 86' lang='lat' dir='ltr'><strong>sed</strong></span> 
     </span>
     <span class='ocr_line' id='line_1_8' title="bbox 680 759 2893 846; baseline 0.002 -23"><span class='ocrx_word' id='word_1_46' title='bbox 680 759 1023 838; x_wconf 76' lang='lat' dir='ltr'><strong>adorande,</strong></span> <span class='ocrx_word' id='word_1_47' title='bbox 1073 767 1139 823; x_wconf 90' lang='lat' dir='ltr'><strong>et</strong></span> <span class='ocrx_word' id='word_1_48' title='bbox 1197 760 1533 839; x_wconf 86' lang='lat' dir='ltr'><strong>adolend0,</strong></span> <span class='ocrx_word' id='word_1_49' title='bbox 1591 761 1785 845; x_wconf 92' lang='lat' dir='ltr'><strong>(quod</strong></span> <span class='ocrx_word' id='word_1_50' title='bbox 1830 761 1989 825; x_wconf 89' lang='lat' dir='ltr'><strong>olim</strong></span> <span class='ocrx_word' id='word_1_51' title='bbox 2038 783 2218 826; x_wconf 84' lang='lat' dir='ltr'><strong>aeneo</strong></span> <span class='ocrx_word' id='word_1_52' title='bbox 2270 763 2553 846; x_wconf 80' lang='lat' dir='ltr'>serpenti</span> <span class='ocrx_word' id='word_1_53' title='bbox 2617 763 2893 842; x_wconf 88' lang='lat' dir='ltr'><strong>factum,</strong></span> 
     </span>
    </p>
   </div>
   <div class='ocr_carea' id='block_1_5' title="bbox 351 860 2902 949">
    <p class='ocr_par' dir='ltr' id='par_1_5' title="bbox 351 860 2902 949">
     <span class='ocr_line' id='line_1_9' title="bbox 351 860 2902 949; baseline 0.004 -31"><span class='ocrx_word' id='word_1_54' title='bbox 351 869 445 919; x_wconf 70' lang='lat' dir='ltr'><strong>bns</strong></span> <span class='ocrx_word' id='word_1_55' title='bbox 466 870 601 933; x_wconf 73' lang='lat' dir='ltr'><strong>apud</strong></span> <span class='ocrx_word' id='word_1_56' title='bbox 682 861 852 944; x_wconf 90' lang='lat' dir='ltr'><strong>quod</strong></span> <span class='ocrx_word' id='word_1_57' title='bbox 882 883 921 924; x_wconf 91' lang='lat' dir='ltr'><strong>a</strong></span> <span class='ocrx_word' id='word_1_58' title='bbox 947 860 1127 926; x_wconf 82' lang='lat' dir='ltr'><strong>vobis</strong></span> <span class='ocrx_word' id='word_1_59' title='bbox 1156 862 1441 944; x_wconf 85' lang='lat' dir='ltr'>quotidie</span> <span class='ocrx_word' id='word_1_60' title='bbox 1469 863 1569 946; x_wconf 89' lang='lat' dir='ltr'><strong>fit)</strong></span> <span class='ocrx_word' id='word_1_61' title='bbox 1607 884 1646 927; x_wconf 92' lang='lat' dir='ltr'><strong>a</strong></span> <span class='ocrx_word' id='word_1_62' title='bbox 1671 863 1854 927; x_wconf 78' lang='lat' dir='ltr'><strong>vobis</strong></span> <span class='ocrx_word' id='word_1_63' title='bbox 1882 864 2053 927; x_wconf 80' lang='lat' dir='ltr'><strong>idola</strong></span> <span class='ocrx_word' id='word_1_64' title='bbox 2084 864 2241 929; x_wconf 87' lang='lat' dir='ltr'><strong>fieri.</strong></span> <span class='ocrx_word' id='word_1_65' title='bbox 2330 866 2504 928; x_wconf 78' lang='lat' dir='ltr'><strong>Fieri</strong></span> <span class='ocrx_word' id='word_1_66' title='bbox 2548 866 2689 949; x_wconf 82' lang='lat' dir='ltr'><strong>jam</strong></span> <span class='ocrx_word' id='word_1_67' title='bbox 2721 867 2902 948; x_wconf 78' lang='lat' dir='ltr'><strong>apud</strong></span> 
     </span>
    </p>
   </div>
   <div class='ocr_carea' id='block_1_6' title="bbox 353 933 630 984">
    <p class='ocr_par' dir='ltr' id='par_1_6' title="bbox 353 933 630 984">
     <span class='ocr_line' id='line_1_10' title="bbox 353 933 630 984; baseline 0 0"><span class='ocrx_word' id='word_1_68' title='bbox 353 933 630 984; x_wconf 80' lang='lat' dir='ltr'><strong>Romanen-</strong></span> 
     </span>
    </p>
   </div>
   <div class='ocr_carea' id='block_1_7' title="bbox 351 999 468 1063">
    <p class='ocr_par' dir='ltr' id='par_1_7' title="bbox 351 999 468 1063">
     <span class='ocr_line' id='line_1_11' title="bbox 351 999 468 1063; baseline 0 0"><span class='ocrx_word' id='word_1_69' title='bbox 351 999 468 1063; x_wconf 56' lang='grc' dir='ltr'><strong>Μ]</strong></span> 
     </span>
    </p>
   </div>
   <div class='ocr_carea' id='block_1_8' title="bbox 442 1792 573 1853">
    <p class='ocr_par' dir='ltr' id='par_1_8' title="bbox 442 1792 573 1853">
     <span class='ocr_line' id='line_1_12' title="bbox 442 1792 573 1853; baseline 0 0"><span class='ocrx_word' id='word_1_70' title='bbox 442 1792 573 1853; x_wconf 82' lang='grc'><strong>283</strong></span> 
     </span>
    </p>
   </div>
   <div class='ocr_carea' id='block_1_9' title="bbox 666 964 2903 3519">
    <p class='ocr_par' dir='ltr' id='par_1_9' title="bbox 666 964 2903 3519">
     <span class='ocr_line' id='line_1_13' title="bbox 688 964 2896 1051; baseline 0.003 -25"><span class='ocrx_word' id='word_1_71' title='bbox 688 966 1039 1028; x_wconf 66' lang='lat' dir='ltr'><strong>Catholicae</strong></span> <span class='ocrx_word' id='word_1_72' title='bbox 1065 985 1211 1027; x_wconf 76' lang='lat' dir='ltr'><strong>suos</strong></span> <span class='ocrx_word' id='word_1_73' title='bbox 1253 966 1611 1044; x_wconf 78' lang='lat' dir='ltr'><strong>homicidia,</strong></span> <span class='ocrx_word' id='word_1_74' title='bbox 1646 964 2125 1048; x_wconf 60' lang='lat' dir='ltr'><strong>formicationes,</strong></span> <span class='ocrx_word' id='word_1_75' title='bbox 2155 966 2367 1048; x_wconf 74' lang='lat' dir='ltr'><strong>furta,</strong></span> <span class='ocrx_word' id='word_1_76' title='bbox 2399 968 2659 1047; x_wconf 86' lang='lat' dir='ltr'><strong>fatetur,</strong></span> <span class='ocrx_word' id='word_1_77' title='bbox 2690 976 2896 1051; x_wconf 87' lang='lat' dir='ltr'><strong>negat</strong></span> 
     </span>
     <span class='ocr_line' id='line_1_14' title="bbox 666 1067 2895 1154; baseline 0.002 -25"><span class='ocrx_word' id='word_1_78' title='bbox 666 1067 952 1149; x_wconf 81' lang='lat' dir='ltr'><strong>probari.</strong></span> <span class='ocrx_word' id='word_1_79' title='bbox 1042 1069 1185 1132; x_wconf 93' lang='lat' dir='ltr'><strong>Nos</strong></span> <span class='ocrx_word' id='word_1_80' title='bbox 1213 1068 1407 1131; x_wconf 89' lang='lat' dir='ltr'><strong>etiam</strong></span> <span class='ocrx_word' id='word_1_81' title='bbox 1423 1068 1692 1149; x_wconf 75' lang='lat' dir='ltr'><strong>probari</strong></span> <span class='ocrx_word' id='word_1_82' title='bbox 1720 1068 2007 1134; x_wconf 82' lang='lat' dir='ltr'>dicimus,</span> <span class='ocrx_word' id='word_1_83' title='bbox 2103 1071 2251 1134; x_wconf 91' lang='lat' dir='ltr'><strong>Hoc</strong></span> <span class='ocrx_word' id='word_1_84' title='bbox 2280 1078 2378 1135; x_wconf 89' lang='lat' dir='ltr'><strong>est</strong></span> <span class='ocrx_word' id='word_1_85' title='bbox 2408 1071 2580 1135; x_wconf 91' lang='lat' dir='ltr'><strong>enim</strong></span> <span class='ocrx_word' id='word_1_86' title='bbox 2595 1071 2895 1154; x_wconf 77' lang='lat' dir='ltr'><strong>probari,</strong></span> 
     </span>
     <span class='ocr_line' id='line_1_15' title="bbox 680 1169 2894 1254; baseline 0.003 -21"><span class='ocrx_word' id='word_1_87' title='bbox 680 1178 942 1254; x_wconf 84' lang='lat' dir='ltr'><strong>propter</strong></span> <span class='ocrx_word' id='word_1_88' title='bbox 988 1169 1445 1236; x_wconf 80' lang='lat' dir='ltr'><strong>conscientiam</strong></span> <span class='ocrx_word' id='word_1_89' title='bbox 1497 1172 1770 1250; x_wconf 76' lang='lat' dir='ltr'><strong><em>admitti,</em></strong></span> <span class='ocrx_word' id='word_1_90' title='bbox 1821 1192 1945 1237; x_wconf 90' lang='lat' dir='ltr'><strong>nec</strong></span> <span class='ocrx_word' id='word_1_91' title='bbox 2001 1174 2358 1237; x_wconf 72' lang='lat' dir='ltr'><strong><em>homicidiis</em></strong></span> <span class='ocrx_word' id='word_1_92' title='bbox 2414 1174 2627 1253; x_wconf 90' lang='lat' dir='ltr'><strong>modo,</strong></span> <span class='ocrx_word' id='word_1_93' title='bbox 2687 1175 2894 1239; x_wconf 86' lang='lat' dir='ltr'><strong>etiam</strong></span> 
     </span>
     <span class='ocr_line' id='line_1_16' title="bbox 681 1274 2896 1360; baseline 0.001 -24"><span class='ocrx_word' id='word_1_94' title='bbox 681 1274 938 1356; x_wconf 70' lang='lat' dir='ltr'><strong>Reyum,</strong></span> <span class='ocrx_word' id='word_1_95' title='bbox 971 1274 1453 1356; x_wconf 69' lang='lat' dir='ltr'><strong>Principumqnoe</strong></span> <span class='ocrx_word' id='word_1_96' title='bbox 1490 1274 1896 1353; x_wconf 52' lang='lat' dir='ltr'><strong>Parricidia,</strong></span> <span class='ocrx_word' id='word_1_97' title='bbox 1941 1275 2207 1358; x_wconf 85' lang='lat' dir='ltr'><strong>praetexi</strong></span> <span class='ocrx_word' id='word_1_98' title='bbox 2249 1276 2710 1352; x_wconf 71' lang='lat' dir='ltr'><strong>conscientiam,</strong></span> <span class='ocrx_word' id='word_1_99' title='bbox 2760 1278 2896 1360; x_wconf 79' lang='lat' dir='ltr'><strong>qffi-</strong></span> 
     </span>
     <span class='ocr_line' id='line_1_17' title="bbox 683 1375 2896 1460; baseline 0 -21"><span class='ocrx_word' id='word_1_100' title='bbox 683 1377 865 1454; x_wconf 81' lang='lat' dir='ltr'><strong>cium,</strong></span> <span class='ocrx_word' id='word_1_101' title='bbox 895 1377 1200 1440; x_wconf 75' lang='lat' dir='ltr'><strong>meritum.</strong></span> <span class='ocrx_word' id='word_1_102' title='bbox 1292 1375 1607 1458; x_wconf 89' lang='lat' dir='ltr'><strong>Principis</strong></span> <span class='ocrx_word' id='word_1_103' title='bbox 1637 1376 1902 1440; x_wconf 89' lang='lat' dir='ltr'><strong>Auraici</strong></span> <span class='ocrx_word' id='word_1_104' title='bbox 1943 1376 2060 1456; x_wconf 91' lang='lat' dir='ltr'><strong>bis,</strong></span> <span class='ocrx_word' id='word_1_105' title='bbox 2100 1376 2307 1460; x_wconf 87' lang='lat' dir='ltr'><strong>primo</strong></span> <span class='ocrx_word' id='word_1_106' title='bbox 2349 1377 2593 1442; x_wconf 87' lang='lat' dir='ltr'><strong>frustra</strong></span> <span class='ocrx_word' id='word_1_107' title='bbox 2634 1385 2896 1441; x_wconf 86' lang='lat' dir='ltr'><strong>tentata</strong></span> 
     </span>
     <span class='ocr_line' id='line_1_18' title="bbox 683 1472 2893 1568; baseline 0.002 -27"><span class='ocrx_word' id='word_1_108' title='bbox 683 1478 888 1541; x_wconf 81' lang='lat' dir='ltr'><strong>caedes</strong></span> <span class='ocrx_word' id='word_1_109' title='bbox 907 1488 953 1556; x_wconf 73' lang='lat'><strong>8,</strong></span> <span class='ocrx_word' id='word_1_110' title='bbox 999 1477 1280 1542; x_wconf 88' lang='lat' dir='ltr'><strong>secundo</strong></span> <span class='ocrx_word' id='word_1_111' title='bbox 1319 1472 1689 1562; x_wconf 74' lang='lat' dir='ltr'><strong>perpetrata</strong></span> <span class='ocrx_word' id='word_1_112' title='bbox 1703 1476 1754 1568; x_wconf 51' lang='grc' dir='ltr'><strong>ἒ.</strong></span> <span class='ocrx_word' id='word_1_113' title='bbox 1847 1479 2162 1562; x_wconf 84' lang='lat' dir='ltr'><strong>Uterque,</strong></span> <span class='ocrx_word' id='word_1_114' title='bbox 2194 1486 2330 1543; x_wconf 85' lang='lat' dir='ltr'><strong>tam</strong></span> <span class='ocrx_word' id='word_1_115' title='bbox 2361 1480 2472 1563; x_wconf 93' lang='lat' dir='ltr'><strong>qui</strong></span> <span class='ocrx_word' id='word_1_116' title='bbox 2507 1480 2893 1559; x_wconf 78' lang='lat' dir='ltr'><strong>vulneravit,</strong></span> 
     </span>
     <span class='ocr_line' id='line_1_19' title="bbox 686 1580 2897 1666; baseline 0.002 -23"><span class='ocrx_word' id='word_1_117' title='bbox 686 1602 881 1663; x_wconf 89' lang='lat' dir='ltr'><strong>quam</strong></span> <span class='ocrx_word' id='word_1_118' title='bbox 928 1580 1041 1664; x_wconf 92' lang='lat' dir='ltr'><strong>qui</strong></span> <span class='ocrx_word' id='word_1_119' title='bbox 1075 1580 1440 1658; x_wconf 81' lang='lat' dir='ltr'><strong>trucidavit,</strong></span> <span class='ocrx_word' id='word_1_120' title='bbox 1484 1581 1656 1664; x_wconf 90' lang='lat' dir='ltr'><strong>quod</strong></span> <span class='ocrx_word' id='word_1_121' title='bbox 1695 1580 1868 1660; x_wconf 88' lang='lat' dir='ltr'><strong>fecit,</strong></span> <span class='ocrx_word' id='word_1_122' title='bbox 1917 1582 2108 1666; x_wconf 78' lang='lat' dir='ltr'><strong>officii</strong></span> <span class='ocrx_word' id='word_1_123' title='bbox 2153 1584 2655 1664; x_wconf 69' lang='lat' dir='ltr'><strong>conscientiaeque</strong></span> <span class='ocrx_word' id='word_1_124' title='bbox 2696 1603 2897 1647; x_wconf 86' lang='lat' dir='ltr'><strong>causa</strong></span> 
     </span>
     <span class='ocr_line' id='line_1_20' title="bbox 684 1682 2897 1768; baseline 0.001 -21"><span class='ocrx_word' id='word_1_125' title='bbox 684 1683 928 1749; x_wconf 86' lang='lat' dir='ltr'><strong>factum</strong></span> <span class='ocrx_word' id='word_1_126' title='bbox 969 1705 1008 1748; x_wconf 91' lang='lat' dir='ltr'><strong>a</strong></span> <span class='ocrx_word' id='word_1_127' title='bbox 1054 1704 1144 1763; x_wconf 88' lang='lat' dir='ltr'><strong>se,</strong></span> <span class='ocrx_word' id='word_1_128' title='bbox 1186 1684 1286 1747; x_wconf 81' lang='lat' dir='ltr'><strong>vel</strong></span> <span class='ocrx_word' id='word_1_129' title='bbox 1337 1682 1421 1746; x_wconf 86' lang='lat' dir='ltr'><strong>ad</strong></span> <span class='ocrx_word' id='word_1_130' title='bbox 1470 1691 1747 1747; x_wconf 88' lang='lat' dir='ltr'><strong>mortem</strong></span> <span class='ocrx_word' id='word_1_131' title='bbox 1793 1704 1997 1768; x_wconf 88' lang='lat' dir='ltr'><strong>usque</strong></span> <span class='ocrx_word' id='word_1_132' title='bbox 2045 1684 2390 1748; x_wconf 88' lang='lat' dir='ltr'><strong>contestati</strong></span> <span class='ocrx_word' id='word_1_133' title='bbox 2435 1691 2611 1748; x_wconf 87' lang='lat' dir='ltr'><strong>sunt.</strong></span> <span class='ocrx_word' id='word_1_134' title='bbox 2698 1685 2897 1749; x_wconf 84' lang='lat' dir='ltr'><strong>Alter</strong></span> 
     </span>
     <span class='ocr_line' id='line_1_21' title="bbox 686 1785 2897 1871; baseline 0.001 -21"><span class='ocrx_word' id='word_1_135' title='bbox 686 1807 857 1865; x_wconf 82' lang='lat' dir='ltr'><strong>ver0,</strong></span> <span class='ocrx_word' id='word_1_136' title='bbox 932 1786 1027 1849; x_wconf 90' lang='lat' dir='ltr'><strong>ita</strong></span> <span class='ocrx_word' id='word_1_137' title='bbox 1097 1785 1354 1850; x_wconf 83' lang='lat' dir='ltr'><strong>fascinis</strong></span> <span class='ocrx_word' id='word_1_138' title='bbox 1412 1786 1644 1850; x_wconf 82' lang='lat' dir='ltr'><strong>vestris</strong></span> <span class='ocrx_word' id='word_1_139' title='bbox 1717 1785 2146 1865; x_wconf 88' lang='lat' dir='ltr'><strong>dementatus,</strong></span> <span class='ocrx_word' id='word_1_140' title='bbox 2207 1794 2282 1850; x_wconf 92' lang='lat' dir='ltr'><strong>ut</strong></span> <span class='ocrx_word' id='word_1_141' title='bbox 2348 1787 2570 1850; x_wconf 88' lang='lat' dir='ltr'><strong>statim</strong></span> <span class='ocrx_word' id='word_1_142' title='bbox 2627 1796 2897 1871; x_wconf 82' lang='lat' dir='ltr'><strong>peracta</strong></span> 
     </span>
     <span class='ocr_line' id='line_1_22' title="bbox 687 1886 2897 1969; baseline 0.003 -19"><span class='ocrx_word' id='word_1_143' title='bbox 687 1888 939 1951; x_wconf 85' lang='lat' dir='ltr'><strong>actione</strong></span> <span class='ocrx_word' id='word_1_144' title='bbox 997 1895 1130 1951; x_wconf 88' lang='lat' dir='ltr'><strong>tam</strong></span> <span class='ocrx_word' id='word_1_145' title='bbox 1191 1894 1433 1966; x_wconf 84' lang='lat' dir='ltr'><strong>sancta,</strong></span> <span class='ocrx_word' id='word_1_146' title='bbox 1488 1886 1876 1951; x_wconf 82' lang='lat' dir='ltr'><strong>invisibilem</strong></span> <span class='ocrx_word' id='word_1_147' title='bbox 1937 1908 2007 1953; x_wconf 88' lang='lat' dir='ltr'><strong>se</strong></span> <span class='ocrx_word' id='word_1_148' title='bbox 2065 1889 2374 1953; x_wconf 90' lang='lat' dir='ltr'><strong>continuo</strong></span> <span class='ocrx_word' id='word_1_149' title='bbox 2430 1889 2587 1969; x_wconf 86' lang='lat' dir='ltr'><strong>fore,</strong></span> <span class='ocrx_word' id='word_1_150' title='bbox 2650 1891 2897 1956; x_wconf 89' lang='lat' dir='ltr'><strong>misero</strong></span> 
     </span>
     <span class='ocr_line' id='line_1_23' title="bbox 686 1989 2896 2073; baseline 0.001 -20"><span class='ocrx_word' id='word_1_151' title='bbox 686 2010 1062 2073; x_wconf 86' lang='lat' dir='ltr'><strong>persuasum</strong></span> <span class='ocrx_word' id='word_1_152' title='bbox 1134 1989 1349 2052; x_wconf 89' lang='lat' dir='ltr'><strong>fuerit.</strong></span> <span class='ocrx_word' id='word_1_153' title='bbox 1437 1991 1686 2053; x_wconf 91' lang='lat' dir='ltr'><strong>Annon</strong></span> <span class='ocrx_word' id='word_1_154' title='bbox 1749 1991 2025 2072; x_wconf 82' lang='lat' dir='ltr'><strong>probata</strong></span> <span class='ocrx_word' id='word_1_155' title='bbox 2096 1991 2296 2070; x_wconf 78' lang='lat' dir='ltr'><strong>vobis,</strong></span> <span class='ocrx_word' id='word_1_156' title='bbox 2371 1991 2636 2056; x_wconf 87' lang='lat' dir='ltr'><strong>defensa</strong></span> <span class='ocrx_word' id='word_1_157' title='bbox 2705 1994 2896 2058; x_wconf 78' lang='lat' dir='ltr'><strong>vobis</strong></span> 
     </span>
     <span class='ocr_line' id='line_1_24' title="bbox 688 2092 2897 2178; baseline 0.002 -24"><span class='ocrx_word' id='word_1_158' title='bbox 688 2093 936 2154; x_wconf 75' lang='lat' dir='ltr'><strong>laniena</strong></span> <span class='ocrx_word' id='word_1_159' title='bbox 964 2092 1350 2154; x_wconf 71' lang='lat' dir='ltr'><strong>Pamsiensis</strong></span> <span class='ocrx_word' id='word_1_160' title='bbox 1367 2092 1401 2153; x_wconf 72' lang='lat'><strong>,2</strong></span> <span class='ocrx_word' id='word_1_161' title='bbox 1486 2092 1733 2156; x_wconf 90' lang='lat' dir='ltr'><strong>Annon</strong></span> <span class='ocrx_word' id='word_1_162' title='bbox 1763 2093 1877 2157; x_wconf 92' lang='lat' dir='ltr'><strong>ubi</strong></span> <span class='ocrx_word' id='word_1_163' title='bbox 1908 2092 2264 2177; x_wconf 84' lang='lat' dir='ltr'><strong>designata,</strong></span> <span class='ocrx_word' id='word_1_164' title='bbox 2295 2094 2594 2159; x_wconf 84' lang='lat' dir='ltr'><strong>Pontifex</strong></span> <span class='ocrx_word' id='word_1_165' title='bbox 2632 2096 2695 2159; x_wconf 90' lang='lat' dir='ltr'><strong>ei</strong></span> <span class='ocrx_word' id='word_1_166' title='bbox 2739 2118 2897 2178; x_wconf 84' lang='lat' dir='ltr'><strong>gra-</strong></span> 
     </span>
     <span class='ocr_line' id='line_1_25' title="bbox 686 2193 2897 2281; baseline 0.002 -23"><span class='ocrx_word' id='word_1_167' title='bbox 686 2195 930 2258; x_wconf 80' lang='lat' dir='ltr'><strong>tulatus</strong></span> <span class='ocrx_word' id='word_1_168' title='bbox 947 2194 1010 2259; x_wconf 81' lang='lat'><strong>¹?</strong></span> <span class='ocrx_word' id='word_1_169' title='bbox 1101 2194 1277 2261; x_wconf 79' lang='lat' dir='ltr'><strong>Quid</strong></span> <span class='ocrx_word' id='word_1_170' title='bbox 1315 2193 1480 2259; x_wconf 84' lang='lat' dir='ltr'><strong>illud</strong></span> <span class='ocrx_word' id='word_1_171' title='bbox 1522 2195 1629 2260; x_wconf 89' lang='lat' dir='ltr'><strong>hic</strong></span> <span class='ocrx_word' id='word_1_172' title='bbox 1667 2217 1875 2279; x_wconf 89' lang='lat' dir='ltr'><strong>nuper</strong></span> <span class='ocrx_word' id='word_1_173' title='bbox 1909 2197 2080 2281; x_wconf 87' lang='lat' dir='ltr'><strong>apud</strong></span> <span class='ocrx_word' id='word_1_174' title='bbox 2120 2218 2241 2262; x_wconf 89' lang='lat' dir='ltr'><strong>nos</strong></span> <span class='ocrx_word' id='word_1_175' title='bbox 2286 2197 2625 2263; x_wconf 86' lang='lat' dir='ltr'><strong>infandum</strong></span> <span class='ocrx_word' id='word_1_176' title='bbox 2657 2199 2897 2278; x_wconf 75' lang='lat' dir='ltr'><strong>scelus,</strong></span> 
     </span>
     <span class='ocr_line' id='line_1_26' title="bbox 687 2299 2903 2385; baseline 0.002 -23"><span class='ocrx_word' id='word_1_177' title='bbox 687 2300 797 2383; x_wconf 84' lang='lat' dir='ltr'><strong>qui</strong></span> <span class='ocrx_word' id='word_1_178' title='bbox 844 2299 900 2383; x_wconf 85' lang='lat' dir='ltr'><strong>ej</strong></span> <span class='ocrx_word' id='word_1_179' title='bbox 908 2321 985 2362; x_wconf 88' lang='lat' dir='ltr'><strong>us</strong></span> <span class='ocrx_word' id='word_1_180' title='bbox 1031 2299 1147 2378; x_wconf 89' lang='lat' dir='ltr'><strong>rei,</strong></span> <span class='ocrx_word' id='word_1_181' title='bbox 1198 2299 1308 2383; x_wconf 91' lang='lat' dir='ltr'><strong>qui</strong></span> <span class='ocrx_word' id='word_1_182' title='bbox 1352 2299 1592 2363; x_wconf 89' lang='lat' dir='ltr'><strong>conscii</strong></span> <span class='ocrx_word' id='word_1_183' title='bbox 1633 2321 1879 2379; x_wconf 73' lang='lat' dir='ltr'><strong>omneS,</strong></span> <span class='ocrx_word' id='word_1_184' title='bbox 1921 2321 2140 2366; x_wconf 90' lang='lat' dir='ltr'><strong>nonne</strong></span> <span class='ocrx_word' id='word_1_185' title='bbox 2183 2301 2355 2380; x_wconf 85' lang='lat' dir='ltr'><strong>fassi,</strong></span> <span class='ocrx_word' id='word_1_186' title='bbox 2400 2325 2440 2366; x_wconf 87' lang='lat' dir='ltr'><strong>a</strong></span> <span class='ocrx_word' id='word_1_187' title='bbox 2474 2301 2903 2385; x_wconf 66' lang='lat' dir='ltr'><strong>Censes-variis</strong></span> 
     </span>
     <span class='ocr_line' id='line_1_27' title="bbox 685 2402 2901 2488; baseline 0.003 -23"><span class='ocrx_word' id='word_1_188' title='bbox 685 2403 818 2465; x_wconf 88' lang='lat' dir='ltr'><strong>suis</strong></span> <span class='ocrx_word' id='word_1_189' title='bbox 865 2403 1205 2485; x_wconf 81' lang='lat' dir='ltr'><strong>probatum</strong></span> <span class='ocrx_word' id='word_1_190' title='bbox 1261 2402 1677 2488; x_wconf 88' lang='lat' dir='ltr'><strong>parricidium</strong></span> <span class='ocrx_word' id='word_1_191' title='bbox 1728 2403 1893 2466; x_wconf 91' lang='lat' dir='ltr'><strong>illud</strong></span> <span class='ocrx_word' id='word_1_192' title='bbox 1908 2405 1938 2466; x_wconf 75' lang='grc' dir='ltr'><strong>ἰ)</strong></span> <span class='ocrx_word' id='word_1_193' title='bbox 2013 2425 2235 2468; x_wconf 92' lang='lat' dir='ltr'><strong>nonne</strong></span> <span class='ocrx_word' id='word_1_194' title='bbox 2287 2406 2674 2469; x_wconf 65' lang='lat' dir='ltr'><strong>conscientiae</strong></span> <span class='ocrx_word' id='word_1_195' title='bbox 2717 2428 2901 2471; x_wconf 85' lang='lat' dir='ltr'><strong>nexu</strong></span> 
     </span>
     <span class='ocr_line' id='line_1_28' title="bbox 683 2505 2898 2590; baseline 0.003 -22"><span class='ocrx_word' id='word_1_196' title='bbox 683 2507 893 2570; x_wconf 90' lang='lat' dir='ltr'><strong>teneri</strong></span> <span class='ocrx_word' id='word_1_197' title='bbox 944 2528 1031 2586; x_wconf 89' lang='lat' dir='ltr'><strong>se,</strong></span> <span class='ocrx_word' id='word_1_198' title='bbox 1084 2514 1161 2569; x_wconf 91' lang='lat' dir='ltr'><strong>ut</strong></span> <span class='ocrx_word' id='word_1_199' title='bbox 1219 2506 1521 2570; x_wconf 88' lang='lat' dir='ltr'><strong>effectum</strong></span> <span class='ocrx_word' id='word_1_200' title='bbox 1567 2505 1798 2570; x_wconf 88' lang='lat' dir='ltr'><strong>darent</strong></span> <span class='ocrx_word' id='word_1_201' title='bbox 1818 2507 1848 2569; x_wconf 86' lang='lat'><strong>?</strong></span> <span class='ocrx_word' id='word_1_202' title='bbox 1941 2506 2172 2570; x_wconf 66' lang='lat' dir='ltr'><strong>Galliae</strong></span> <span class='ocrx_word' id='word_1_203' title='bbox 2226 2508 2471 2590; x_wconf 86' lang='lat' dir='ltr'><strong>Regem</strong></span> <span class='ocrx_word' id='word_1_204' title='bbox 2526 2510 2898 2574; x_wconf 88' lang='lat' dir='ltr'><strong>Henricum</strong></span> 
     </span>
     <span class='ocr_line' id='line_1_29' title="bbox 685 2608 2897 2694; baseline 0.001 -20"><span class='ocrx_word' id='word_1_205' title='bbox 685 2611 976 2674; x_wconf 84' lang='lat' dir='ltr'><strong>Tertium</strong></span> <span class='ocrx_word' id='word_1_206' title='bbox 1039 2609 1149 2694; x_wconf 91' lang='lat' dir='ltr'><strong>qui</strong></span> <span class='ocrx_word' id='word_1_207' title='bbox 1208 2608 1471 2674; x_wconf 79' lang='lat' dir='ltr'><strong>sustulit</strong></span> <span class='ocrx_word' id='word_1_208' title='bbox 1529 2608 1916 2688; x_wconf 89' lang='lat' dir='ltr'><strong>Monachus,</strong></span> <span class='ocrx_word' id='word_1_209' title='bbox 1964 2629 2182 2673; x_wconf 90' lang='lat' dir='ltr'><strong>nonne</strong></span> <span class='ocrx_word' id='word_1_210' title='bbox 2239 2631 2380 2674; x_wconf 92' lang='lat' dir='ltr'><strong>rem</strong></span> <span class='ocrx_word' id='word_1_211' title='bbox 2439 2612 2804 2676; x_wconf 82' lang='lat' dir='ltr'><strong>sciscitatus</strong></span> <span class='ocrx_word' id='word_1_212' title='bbox 2851 2635 2897 2677; x_wconf 89' lang='lat' dir='ltr'><strong>a</strong></span> 
     </span>
     <span class='ocr_line' id='line_1_30' title="bbox 684 2710 2894 2795; baseline 0.001 -19"><span class='ocrx_word' id='word_1_213' title='bbox 684 2712 1084 2795; x_wconf 81' lang='lat' dir='ltr'><strong>Theologis?</strong></span> <span class='ocrx_word' id='word_1_214' title='bbox 1157 2732 1376 2776; x_wconf 85' lang='lat' dir='ltr'><strong>nonne</strong></span> <span class='ocrx_word' id='word_1_215' title='bbox 1436 2731 1587 2775; x_wconf 89' lang='lat' dir='ltr'><strong>cum</strong></span> <span class='ocrx_word' id='word_1_216' title='bbox 1648 2732 1960 2795; x_wconf 88' lang='lat' dir='ltr'><strong>responso</strong></span> <span class='ocrx_word' id='word_1_217' title='bbox 2034 2710 2355 2792; x_wconf 88' lang='lat' dir='ltr'><strong>dimissus,</strong></span> <span class='ocrx_word' id='word_1_218' title='bbox 2408 2714 2563 2795; x_wconf 79' lang='lat' dir='ltr'><strong>jare</strong></span> <span class='ocrx_word' id='word_1_219' title='bbox 2618 2714 2689 2777; x_wconf 89' lang='lat' dir='ltr'><strong>id</strong></span> <span class='ocrx_word' id='word_1_220' title='bbox 2744 2716 2894 2779; x_wconf 88' lang='lat' dir='ltr'><strong>fieri</strong></span> 
     </span>
     <span class='ocr_line' id='line_1_31' title="bbox 686 2813 2900 2897; baseline 0.001 -18"><span class='ocrx_word' id='word_1_221' title='bbox 686 2836 869 2897; x_wconf 88' lang='lat' dir='ltr'><strong>posse</strong></span> <span class='ocrx_word' id='word_1_222' title='bbox 888 2813 951 2878; x_wconf 65' lang='lat'><strong>¹²:</strong></span> <span class='ocrx_word' id='word_1_223' title='bbox 1040 2815 1283 2878; x_wconf 90' lang='lat' dir='ltr'><strong>Nonne</strong></span> <span class='ocrx_word' id='word_1_224' title='bbox 1323 2813 1404 2878; x_wconf 93' lang='lat' dir='ltr'><strong>de</strong></span> <span class='ocrx_word' id='word_1_225' title='bbox 1439 2834 1516 2878; x_wconf 91' lang='lat' dir='ltr'><strong>eo</strong></span> <span class='ocrx_word' id='word_1_226' title='bbox 1555 2813 1729 2878; x_wconf 84' lang='lat' dir='ltr'><strong>facto</strong></span> <span class='ocrx_word' id='word_1_227' title='bbox 1774 2814 1847 2877; x_wconf 88' lang='lat' dir='ltr'><strong>in</strong></span> <span class='ocrx_word' id='word_1_228' title='bbox 1892 2813 2074 2877; x_wconf 89' lang='lat' dir='ltr'><strong>libris</strong></span> <span class='ocrx_word' id='word_1_229' title='bbox 2118 2814 2449 2897; x_wconf 86' lang='lat' dir='ltr'><strong>literisque</strong></span> <span class='ocrx_word' id='word_1_230' title='bbox 2483 2817 2712 2880; x_wconf 86' lang='lat' dir='ltr'><strong>vestris</strong></span> <span class='ocrx_word' id='word_1_231' title='bbox 2752 2820 2900 2881; x_wconf 64' lang='lat' dir='ltr'><strong>law-</strong></span> 
     </span>
     <span class='ocr_line' id='line_1_32' title="bbox 688 2917 2896 3000; baseline 0.002 -20"><span class='ocrx_word' id='word_1_232' title='bbox 688 2919 874 2981; x_wconf 76' lang='lat' dir='ltr'><strong>datus</strong></span> <span class='ocrx_word' id='word_1_233' title='bbox 893 2920 927 2982; x_wconf 73' lang='lat'><strong>‚2</strong></span> <span class='ocrx_word' id='word_1_234' title='bbox 979 2918 1124 2981; x_wconf 92' lang='lat' dir='ltr'><strong>Nec</strong></span> <span class='ocrx_word' id='word_1_235' title='bbox 1153 2917 1278 2981; x_wconf 88' lang='lat' dir='ltr'><strong>alia</strong></span> <span class='ocrx_word' id='word_1_236' title='bbox 1307 2937 1379 2980; x_wconf 89' lang='lat' dir='ltr'><strong>re</strong></span> <span class='ocrx_word' id='word_1_237' title='bbox 1407 2922 1645 2995; x_wconf 90' lang='lat' dir='ltr'><strong>motus,</strong></span> <span class='ocrx_word' id='word_1_238' title='bbox 1680 2937 1891 2999; x_wconf 89' lang='lat' dir='ltr'><strong>quam,</strong></span> <span class='ocrx_word' id='word_1_239' title='bbox 1925 2936 2009 2980; x_wconf 90' lang='lat' dir='ltr'><strong>ne</strong></span> <span class='ocrx_word' id='word_1_240' title='bbox 2039 2918 2428 2981; x_wconf 64' lang='lat' dir='ltr'><strong>conscientiae</strong></span> <span class='ocrx_word' id='word_1_241' title='bbox 2455 2939 2588 2982; x_wconf 87' lang='lat' dir='ltr'><strong>suae</strong></span> <span class='ocrx_word' id='word_1_242' title='bbox 2617 2919 2896 3000; x_wconf 86' lang='lat' dir='ltr'><strong>deesset,</strong></span> 
     </span>
     <span class='ocr_line' id='line_1_33' title="bbox 668 3019 2896 3108; baseline 0.001 -22"><span class='ocrx_word' id='word_1_243' title='bbox 668 3022 755 3102; x_wconf 69' lang='lat' dir='ltr'><strong>‚(e</strong></span> <span class='ocrx_word' id='word_1_244' title='bbox 796 3019 979 3083; x_wconf 86' lang='lat' dir='ltr'><strong>libris</strong></span> <span class='ocrx_word' id='word_1_245' title='bbox 1008 3019 1236 3083; x_wconf 85' lang='lat' dir='ltr'><strong>vestris</strong></span> <span class='ocrx_word' id='word_1_246' title='bbox 1276 3019 1686 3103; x_wconf 84' lang='lat' dir='ltr'><strong>informatae,)</strong></span> <span class='ocrx_word' id='word_1_247' title='bbox 1723 3019 1994 3084; x_wconf 87' lang='lat' dir='ltr'><strong>ultimus</strong></span> <span class='ocrx_word' id='word_1_248' title='bbox 2037 3020 2183 3099; x_wconf 89' lang='lat' dir='ltr'><strong>iste,</strong></span> <span class='ocrx_word' id='word_1_249' title='bbox 2228 3022 2620 3103; x_wconf 87' lang='lat' dir='ltr'><strong>teterrimus,</strong></span> <span class='ocrx_word' id='word_1_250' title='bbox 2668 3031 2734 3088; x_wconf 87' lang='lat' dir='ltr'><strong>et</strong></span> <span class='ocrx_word' id='word_1_251' title='bbox 2781 3026 2896 3108; x_wconf 81' lang='lat' dir='ltr'><strong>qui</strong></span> 
     </span>
     <span class='ocr_line' id='line_1_34' title="bbox 685 3121 2896 3210; baseline 0.004 -25"><span class='ocrx_word' id='word_1_252' title='bbox 685 3143 944 3185; x_wconf 91' lang='lat' dir='ltr'><strong>omnem</strong></span> <span class='ocrx_word' id='word_1_253' title='bbox 984 3121 1459 3184; x_wconf 87' lang='lat' dir='ltr'><strong>immanitatem</strong></span> <span class='ocrx_word' id='word_1_254' title='bbox 1503 3122 1825 3205; x_wconf 84' lang='lat' dir='ltr'><strong>superavit</strong></span> <span class='ocrx_word' id='word_1_255' title='bbox 1859 3121 2161 3202; x_wconf 88' lang='lat' dir='ltr'><strong>Sicarius,</strong></span> <span class='ocrx_word' id='word_1_256' title='bbox 2191 3122 2388 3206; x_wconf 85' lang='lat' dir='ltr'><strong>Regis</strong></span> <span class='ocrx_word' id='word_1_257' title='bbox 2416 3124 2608 3204; x_wconf 91' lang='lat' dir='ltr'><strong>bello,</strong></span> <span class='ocrx_word' id='word_1_258' title='bbox 2638 3133 2707 3190; x_wconf 88' lang='lat' dir='ltr'><strong>et</strong></span> <span class='ocrx_word' id='word_1_259' title='bbox 2735 3148 2896 3210; x_wconf 87' lang='lat' dir='ltr'><strong>pace</strong></span> 
     </span>
     <span class='ocr_line' id='line_1_35' title="bbox 686 3223 2894 3316; baseline 0.004 -30"><span class='ocrx_word' id='word_1_260' title='bbox 686 3224 952 3286; x_wconf 81' lang='lat' dir='ltr'><strong>maximi</strong></span> <span class='ocrx_word' id='word_1_261' title='bbox 1003 3223 1275 3287; x_wconf 86' lang='lat' dir='ltr'><strong>Henrici</strong></span> <span class='ocrx_word' id='word_1_262' title='bbox 1326 3224 1579 3302; x_wconf 78' lang='lat' dir='ltr'><strong>Quarti,</strong></span> <span class='ocrx_word' id='word_1_263' title='bbox 1628 3246 1965 3308; x_wconf 88' lang='lat' dir='ltr'><strong>percussor</strong></span> <span class='ocrx_word' id='word_1_264' title='bbox 1980 3223 2018 3289; x_wconf 86' lang='lat'><strong>¹.</strong></span> <span class='ocrx_word' id='word_1_265' title='bbox 2109 3226 2286 3289; x_wconf 86' lang='lat' dir='ltr'><strong>Nam</strong></span> <span class='ocrx_word' id='word_1_266' title='bbox 2338 3227 2497 3309; x_wconf 87' lang='lat' dir='ltr'><strong>quid</strong></span> <span class='ocrx_word' id='word_1_267' title='bbox 2540 3229 2720 3316; x_wconf 84' lang='lat' dir='ltr'><strong>aliud</strong></span> <span class='ocrx_word' id='word_1_268' title='bbox 2769 3231 2894 3295; x_wconf 88' lang='lat' dir='ltr'><strong>sibi</strong></span> 
     </span>
     <span class='ocr_line' id='line_1_36' title="bbox 686 3325 2900 3440; baseline 0.004 -52"><span class='ocrx_word' id='word_1_269' title='bbox 686 3325 911 3390; x_wconf 86' lang='lat' dir='ltr'><strong>volunt</strong></span> <span class='ocrx_word' id='word_1_270' title='bbox 952 3325 1210 3440; x_wconf 83' lang='lat' dir='ltr'><strong>publica</strong></span> <span class='ocrx_word' id='word_1_271' title='bbox 1250 3346 1410 3409; x_wconf 81' lang='lat' dir='ltr'><strong>pyra</strong></span> <span class='ocrx_word' id='word_1_272' title='bbox 1455 3327 1666 3391; x_wconf 85' lang='lat' dir='ltr'><strong>exusti</strong></span> <span class='ocrx_word' id='word_1_273' title='bbox 1712 3327 2027 3391; x_wconf 73' lang='lat' dir='ltr'><strong>Marianae</strong></span> <span class='ocrx_word' id='word_1_274' title='bbox 2073 3328 2268 3392; x_wconf 84' lang='lat' dir='ltr'><strong>libri?</strong></span> <span class='ocrx_word' id='word_1_275' title='bbox 2318 3329 2472 3411; x_wconf 90' lang='lat' dir='ltr'><strong>quid</strong></span> <span class='ocrx_word' id='word_1_276' title='bbox 2517 3330 2693 3395; x_wconf 89' lang='lat' dir='ltr'><strong>aliud</strong></span> <span class='ocrx_word' id='word_1_277' title='bbox 2722 3333 2900 3397; x_wconf 87' lang='lat' dir='ltr'><strong>Cen-</strong></span> 
     </span>
     <span class='ocr_line' id='line_1_37' title="bbox 693 3427 2900 3519; baseline 0.004 -28"><span class='ocrx_word' id='word_1_278' title='bbox 693 3449 842 3491; x_wconf 87' lang='lat' dir='ltr'><strong>sura</strong></span> <span class='ocrx_word' id='word_1_279' title='bbox 884 3427 965 3491; x_wconf 91' lang='lat' dir='ltr'><strong>de</strong></span> <span class='ocrx_word' id='word_1_280' title='bbox 1008 3428 1086 3491; x_wconf 90' lang='lat' dir='ltr'><strong>iis</strong></span> <span class='ocrx_word' id='word_1_281' title='bbox 1119 3427 1444 3507; x_wconf 84' lang='lat' dir='ltr'><strong>Sorbonae,</strong></span> <span class='ocrx_word' id='word_1_282' title='bbox 1478 3429 1651 3513; x_wconf 91' lang='lat' dir='ltr'><strong>quod</strong></span> <span class='ocrx_word' id='word_1_283' title='bbox 1679 3432 2007 3508; x_wconf 70' lang='grc' dir='ltr'>Ιιωνεεεω,</span> <span class='ocrx_word' id='word_1_284' title='bbox 2045 3430 2259 3495; x_wconf 82' lang='lat' dir='ltr'><strong>Curiae</strong></span> <span class='ocrx_word' id='word_1_285' title='bbox 2288 3432 2685 3513; x_wconf 86' lang='lat' dir='ltr'><strong>Parisiensis,</strong></span> <span class='ocrx_word' id='word_1_286' title='bbox 2720 3436 2900 3519; x_wconf 88' lang='lat' dir='ltr'><strong>quod</strong></span> 
     </span>
    </p>
   </div>
   <div class='ocr_carea' id='block_1_10' title="bbox 665 3531 2896 3620">
    <p class='ocr_par' dir='ltr' id='par_1_10' title="bbox 665 3531 2896 3620">
     <span class='ocr_line' id='line_1_38' title="bbox 665 3531 2896 3620; baseline 0.004 -27"><span class='ocrx_word' id='word_1_287' title='bbox 665 3533 844 3594; x_wconf 23' lang='lat' dir='ltr'><strong>*laesae</strong></span> <span class='ocrx_word' id='word_1_288' title='bbox 874 3531 1239 3614; x_wconf 69' lang='lat' dir='ltr'><strong>Majestatis</strong></span> <span class='ocrx_word' id='word_1_289' title='bbox 1269 3531 1625 3597; x_wconf 86' lang='lat' dir='ltr'><strong>damnandi</strong></span> <span class='ocrx_word' id='word_1_290' title='bbox 1655 3533 1890 3596; x_wconf 60' lang='lat' dir='ltr'><strong>sinte?</strong></span> <span class='ocrx_word' id='word_1_291' title='bbox 1980 3534 2137 3597; x_wconf 93' lang='lat' dir='ltr'><strong>Non</strong></span> <span class='ocrx_word' id='word_1_292' title='bbox 2165 3534 2360 3599; x_wconf 89' lang='lat' dir='ltr'><strong>modo</strong></span> <span class='ocrx_word' id='word_1_293' title='bbox 2390 3534 2545 3616; x_wconf 81' lang='lat' dir='ltr'><strong>fieri</strong></span> <span class='ocrx_word' id='word_1_294' title='bbox 2576 3538 2749 3620; x_wconf 86' lang='lat' dir='ltr'><strong>apud</strong></span> <span class='ocrx_word' id='word_1_295' title='bbox 2778 3560 2896 3603; x_wconf 80' lang='lat' dir='ltr'><strong>vos</strong></span> 
     </span>
    </p>
   </div>
   <div class='ocr_carea' id='block_1_11' title="bbox 688 3619 2898 3819">
    <p class='ocr_par' dir='ltr' id='par_1_11' title="bbox 688 3619 2898 3819">
     <span class='ocr_line' id='line_1_39' title="bbox 688 3619 2898 3716; baseline 0.004 -18"><span class='ocrx_word' id='word_1_296' title='bbox 688 3634 892 3698; x_wconf 77' lang='lat' dir='ltr'><strong>caedes</strong></span> <span class='ocrx_word' id='word_1_297' title='bbox 939 3635 1172 3699; x_wconf 88' lang='lat' dir='ltr'><strong>docent</strong></span> <span class='ocrx_word' id='word_1_298' title='bbox 1216 3635 1373 3715; x_wconf 82' lang='lat' dir='ltr'><strong>haec,</strong></span> <span class='ocrx_word' id='word_1_299' title='bbox 1421 3619 1536 3700; x_wconf 87' lang='lat' dir='ltr'><strong>sed</strong></span> <span class='ocrx_word' id='word_1_300' title='bbox 1578 3635 1720 3700; x_wconf 90' lang='lat' dir='ltr'><strong>fieri</strong></span> <span class='ocrx_word' id='word_1_301' title='bbox 1762 3635 1942 3700; x_wconf 81' lang='lat' dir='ltr'><strong>vobis</strong></span> <span class='ocrx_word' id='word_1_302' title='bbox 1985 3637 2397 3716; x_wconf 71' lang='lat' dir='ltr'><strong>hortantibus,</strong></span> <span class='ocrx_word' id='word_1_303' title='bbox 2427 3638 2629 3704; x_wconf 85' lang='lat' dir='ltr'><strong>factas</strong></span> <span class='ocrx_word' id='word_1_304' title='bbox 2671 3647 2898 3709; x_wconf 88' lang='lat' dir='ltr'><strong>autem</strong></span> 
     </span>
     <span class='ocr_line' id='line_1_40' title="bbox 688 3737 1188 3819; baseline 0.002 -19"><span class='ocrx_word' id='word_1_305' title='bbox 688 3737 1188 3819; x_wconf 70' lang='lat' dir='ltr'><strong>approbantibus.</strong></span> 
     </span>
    </p>
   </div>
   <div class='ocr_carea' id='block_1_12' title="bbox 688 3920 2903 4049">
    <p class='ocr_par' dir='ltr' id='par_1_12' title="bbox 688 3920 2903 4049">
     <span class='ocr_line' id='line_1_41' title="bbox 688 3920 2903 4049; baseline 0.007 -84"><span class='ocrx_word' id='word_1_306' title='bbox 688 3931 774 4037; x_wconf 57' lang='lat' dir='ltr'><strong>to·</strong></span> <span class='ocrx_word' id='word_1_307' title='bbox 800 3920 1197 4049; x_wconf 55' lang='lat' dir='ltr'><strong>[Thapaua-slim.</strong></span> <span class='ocrx_word' id='word_1_308' title='bbox 1239 3921 1330 3972; x_wconf 87' lang='lat' dir='ltr'><strong>lib.</strong></span> <span class='ocrx_word' id='word_1_309' title='bbox 1353 3922 1493 3972; x_wconf 79' lang='lat' dir='ltr'><strong>lxxv.</strong></span> <span class='ocrx_word' id='word_1_310' title='bbox 1522 3937 1644 3987; x_wconf 71' lang='lat' dir='ltr'><strong>cap.</strong></span> <span class='ocrx_word' id='word_1_311' title='bbox 1669 3924 1744 3974; x_wconf 80' lang='lat'><strong>18.</strong></span> <span class='ocrx_word' id='word_1_312' title='bbox 1836 3923 1912 3986; x_wconf 85' lang='grc' dir='ltr'><strong>(Ρ.</strong></span> <span class='ocrx_word' id='word_1_313' title='bbox 1936 3923 2040 3973; x_wconf 78' lang='lat' dir='ltr'><strong>xiv.</strong></span> <span class='ocrx_word' id='word_1_314' title='bbox 2051 3938 2132 3974; x_wconf 66' lang='lat' dir='ltr'><strong>sc.</strong></span> <span class='ocrx_word' id='word_1_315' title='bbox 2171 3923 2255 3974; x_wconf 86' lang='lat' dir='ltr'><strong>die</strong></span> <span class='ocrx_word' id='word_1_316' title='bbox 2290 3923 2436 3990; x_wconf 66' lang='lat' dir='ltr'><strong>Maii)</strong></span> <span class='ocrx_word' id='word_1_317' title='bbox 2475 3924 2668 3989; x_wconf 74' lang='lat' dir='ltr'><strong>Regem</strong></span> <span class='ocrx_word' id='word_1_318' title='bbox 2700 3943 2903 3991; x_wconf 80' lang='lat' dir='ltr'><strong>percus-</strong></span> 
     </span>
     <span class='ocr_line' id='line_1_42' title="bbox 741 4001 886 4036; baseline -0.007 0"><span class='ocrx_word' id='word_1_319' title='bbox 741 4002 794 4036; x_wconf 90' lang='lat' dir='ltr'><strong>m</strong></span> <span class='ocrx_word' id='word_1_320' title='bbox 835 4001 886 4035; x_wconf 72' lang='grc' dir='ltr'><strong>ιν</strong></span> 
     </span>
    </p>
   </div>
   <div class='ocr_carea' id='block_1_13' title="bbox 689 3985 2903 4180">
    <p class='ocr_par' dir='ltr' id='par_1_13' title="bbox 689 3985 2902 4180">
     <span class='ocr_line' id='line_1_43' title="bbox 750 3985 2902 4116; baseline 0.004 -17"><span class='ocrx_word' id='word_1_321' title='bbox 750 4049 774 4082; x_wconf 80' lang='lat'><strong>¹·</strong></span> <span class='ocrx_word' id='word_1_322' title='bbox 812 4050 1032 4114; x_wconf 73' lang='lat' dir='ltr'><strong>[Thoan.</strong></span> <span class='ocrx_word' id='word_1_323' title='bbox 1057 3985 1202 4099; x_wconf 41' lang='lat' dir='ltr'><strong>&amp;ist</strong></span> <span class='ocrx_word' id='word_1_324' title='bbox 1239 4051 1330 4100; x_wconf 87' lang='lat' dir='ltr'><strong>lib.</strong></span> <span class='ocrx_word' id='word_1_325' title='bbox 1353 4050 1512 4100; x_wconf 83' lang='lat' dir='ltr'><strong>lxxix.</strong></span> <span class='ocrx_word' id='word_1_326' title='bbox 1544 4065 1652 4115; x_wconf 85' lang='lat' dir='ltr'><strong>cap.</strong></span> <span class='ocrx_word' id='word_1_327' title='bbox 1668 4051 1746 4104; x_wconf 89' lang='grc'><strong>17.</strong></span> <span class='ocrx_word' id='word_1_328' title='bbox 1834 3988 2123 4103; x_wconf 40' lang='lat' dir='ltr'><strong>seruth&amp;</strong></span> <span class='ocrx_word' id='word_1_329' title='bbox 2144 4052 2392 4113; x_wconf 86' lang='lat' dir='ltr'><strong>libellum,</strong></span> <span class='ocrx_word' id='word_1_330' title='bbox 2425 4055 2507 4103; x_wconf 83' lang='lat' dir='ltr'><strong>cui</strong></span> <span class='ocrx_word' id='word_1_331' title='bbox 2545 4055 2791 4116; x_wconf 76' lang='lat' dir='ltr'><strong>titulus,‘</strong></span> <span class='ocrx_word' id='word_1_332' title='bbox 2803 4059 2902 4108; x_wconf 77' lang='lat' dir='ltr'><strong>Ar·</strong></span> 
     </span>
     <span class='ocr_line' id='line_1_44' title="bbox 689 4091 2903 4180; baseline 0.003 -15"><span class='ocrx_word' id='word_1_333' title='bbox 689 4120 810 4165; x_wconf 77' lang='lat' dir='ltr'><strong>tom.</strong></span> <span class='ocrx_word' id='word_1_334' title='bbox 826 4115 892 4165; x_wconf 79' lang='lat' dir='ltr'><strong>iv.</strong></span> <span class='ocrx_word' id='word_1_335' title='bbox 918 4127 1001 4178; x_wconf 88' lang='lat' dir='ltr'><strong>pp.</strong></span> <span class='ocrx_word' id='word_1_336' title='bbox 1026 4116 1138 4173; x_wconf 81' lang='lat'><strong>212,</strong></span> <span class='ocrx_word' id='word_1_337' title='bbox 1162 4114 1302 4178; x_wconf 82' lang='lat'><strong>213.]</strong></span> <span class='ocrx_word' id='word_1_338' title='bbox 1834 4122 1937 4167; x_wconf 85' lang='lat' dir='ltr'><strong>rest</strong></span> <span class='ocrx_word' id='word_1_339' title='bbox 1993 4132 2020 4165; x_wconf 82' lang='lat' dir='ltr'><strong>e</strong></span> <span class='ocrx_word' id='word_1_340' title='bbox 2042 4116 2094 4166; x_wconf 84' lang='lat' dir='ltr'><strong>la</strong></span> <span class='ocrx_word' id='word_1_341' title='bbox 2116 4115 2250 4166; x_wconf 84' lang='lat' dir='ltr'><strong>Cour</strong></span> <span class='ocrx_word' id='word_1_342' title='bbox 2281 4117 2344 4167; x_wconf 85' lang='lat' dir='ltr'><strong>de</strong></span> <span class='ocrx_word' id='word_1_343' title='bbox 2378 4091 2681 4180; x_wconf 68' lang='lat' dir='ltr'><strong>i‘arlement,</strong></span> <span class='ocrx_word' id='word_1_344' title='bbox 2703 4137 2903 4174; x_wconf 84' lang='lat' dir='ltr'><strong>ensem-</strong></span> 
     </span>
    </p>
   </div>
   <div class='ocr_carea' id='block_1_14' title="bbox 687 4177 2902 4438">
    <p class='ocr_par' dir='ltr' id='par_1_14' title="bbox 687 4177 2902 4438">
     <span class='ocr_line' id='line_1_45' title="bbox 750 4177 2899 4245; baseline 0.005 -17.224"><span class='ocrx_word' id='word_1_345' title='bbox 750 4177 1013 4244; x_wconf 78' lang='lat' dir='ltr'><strong>¹[Thuan.</strong></span> <span class='ocrx_word' id='word_1_346' title='bbox 1051 4178 1188 4228; x_wconf 84' lang='lat' dir='ltr'><strong>Hist.</strong></span> <span class='ocrx_word' id='word_1_347' title='bbox 1222 4178 1311 4228; x_wconf 83' lang='lat' dir='ltr'><strong>lib.</strong></span> <span class='ocrx_word' id='word_1_348' title='bbox 1334 4178 1431 4228; x_wconf 87' lang='lat' dir='ltr'><strong>liii.</strong></span> <span class='ocrx_word' id='word_1_349' title='bbox 1470 4193 1579 4244; x_wconf 81' lang='lat' dir='ltr'><strong>cap.</strong></span> <span class='ocrx_word' id='word_1_350' title='bbox 1601 4181 1648 4228; x_wconf 81' lang='lat'><strong>4.</strong></span> <span class='ocrx_word' id='word_1_351' title='bbox 1682 4178 1748 4229; x_wconf 85' lang='lat' dir='ltr'><strong>ad</strong></span> <span class='ocrx_word' id='word_1_352' title='bbox 1832 4180 1916 4230; x_wconf 85' lang='lat' dir='ltr'><strong>ble</strong></span> <span class='ocrx_word' id='word_1_353' title='bbox 1939 4181 1991 4231; x_wconf 84' lang='lat' dir='ltr'><strong>la</strong></span> <span class='ocrx_word' id='word_1_354' title='bbox 2012 4180 2232 4231; x_wconf 81' lang='lat' dir='ltr'><strong>Censure</strong></span> <span class='ocrx_word' id='word_1_355' title='bbox 2262 4181 2325 4231; x_wconf 87' lang='lat' dir='ltr'><strong>de</strong></span> <span class='ocrx_word' id='word_1_356' title='bbox 2347 4181 2398 4231; x_wconf 76' lang='lat' dir='ltr'><strong>la</strong></span> <span class='ocrx_word' id='word_1_357' title='bbox 2418 4181 2696 4245; x_wconf 84' lang='lat' dir='ltr'><strong>Sorbonne,</strong></span> <span class='ocrx_word' id='word_1_358' title='bbox 2719 4193 2899 4239; x_wconf 76' lang='lat' dir='ltr'><strong>contre</strong></span> 
     </span>
     <span class='ocr_line' id='line_1_46' title="bbox 687 4242 2902 4306; baseline 0.004 -12"><span class='ocrx_word' id='word_1_359' title='bbox 687 4256 805 4294; x_wconf 78' lang='lat' dir='ltr'><strong>ann.</strong></span> <span class='ocrx_word' id='word_1_360' title='bbox 830 4243 973 4296; x_wconf 85' lang='grc'><strong>1572.</strong></span> <span class='ocrx_word' id='word_1_361' title='bbox 995 4247 1117 4293; x_wconf 81' lang='lat' dir='ltr'><strong>tom.</strong></span> <span class='ocrx_word' id='word_1_362' title='bbox 1132 4242 1208 4291; x_wconf 85' lang='lat' dir='ltr'><strong>iii.</strong></span> <span class='ocrx_word' id='word_1_363' title='bbox 1233 4257 1280 4306; x_wconf 94' lang='lat' dir='ltr'><strong>p.</strong></span> <span class='ocrx_word' id='word_1_364' title='bbox 1302 4244 1409 4293; x_wconf 84' lang='lat'><strong>152.</strong></span> <span class='ocrx_word' id='word_1_365' title='bbox 1420 4242 1441 4306; x_wconf 95' lang='lat'>]</span> <span class='ocrx_word' id='word_1_366' title='bbox 1831 4245 1881 4294; x_wconf 84' lang='lat' dir='ltr'><strong>le</strong></span> <span class='ocrx_word' id='word_1_367' title='bbox 1912 4245 2039 4296; x_wconf 83' lang='lat' dir='ltr'><strong>livre</strong></span> <span class='ocrx_word' id='word_1_368' title='bbox 2071 4245 2135 4295; x_wconf 86' lang='lat' dir='ltr'><strong>de</strong></span> <span class='ocrx_word' id='word_1_369' title='bbox 2154 4246 2284 4296; x_wconf 80' lang='lat' dir='ltr'><strong>Jean</strong></span> <span class='ocrx_word' id='word_1_370' title='bbox 2307 4246 2550 4305; x_wconf 77' lang='lat' dir='ltr'><strong>Mariana,</strong></span> <span class='ocrx_word' id='word_1_371' title='bbox 2578 4248 2795 4301; x_wconf 74' lang='lat' dir='ltr'><strong>intitule</strong></span> <span class='ocrx_word' id='word_1_372' title='bbox 2814 4251 2902 4303; x_wconf 78' lang='lat' dir='ltr'><strong>De</strong></span> 
     </span>
     <span class='ocr_line' id='line_1_47' title="bbox 693 4306 2899 4438; baseline 0.006 -84"><span class='ocrx_word' id='word_1_373' title='bbox 693 4307 1211 4465; x_wconf 40' lang='lat' dir='ltr'><strong>t&#39;0:¹¹¹[2131ulanwgifst.</strong></span> <span class='ocrx_word' id='word_1_374' title='bbox 1255 4306 1344 4357; x_wconf 88' lang='lat' dir='ltr'><strong>lib.</strong></span> <span class='ocrx_word' id='word_1_375' title='bbox 1380 4309 1510 4356; x_wconf 83' lang='lat' dir='ltr'><strong>xcvi.</strong></span> <span class='ocrx_word' id='word_1_376' title='bbox 1556 4322 1662 4372; x_wconf 76' lang='lat' dir='ltr'><strong>cap.</strong></span> <span class='ocrx_word' id='word_1_377' title='bbox 1698 4310 1743 4359; x_wconf 89' lang='grc'><strong>8.</strong></span> <span class='ocrx_word' id='word_1_378' title='bbox 1833 4308 2126 4438; x_wconf 52' lang='grc' dir='ltr'><strong>ξδοῖἔῖἿωο)</strong></span> <span class='ocrx_word' id='word_1_379' title='bbox 2160 4315 2207 4360; x_wconf 79' lang='lat' dir='ltr'><strong>et</strong></span> <span class='ocrx_word' id='word_1_380' title='bbox 2235 4309 2369 4375; x_wconf 62' lang='lat' dir='ltr'><strong>Repe</strong></span> <span class='ocrx_word' id='word_1_381' title='bbox 2402 4311 2510 4375; x_wconf 82' lang='lat' dir='ltr'><strong>(sic)</strong></span> <span class='ocrx_word' id='word_1_382' title='bbox 2545 4311 2899 4369; x_wconf 57' lang='lat' dir='ltr'><strong>Immone.</strong></span> 
     </span>
    </p>
   </div>
   <div class='ocr_carea' id='block_1_15' title="bbox 753 4434 1745 4501">
    <p class='ocr_par' dir='ltr' id='par_1_15' title="bbox 753 4434 1745 4501">
     <span class='ocr_line' id='line_1_48' title="bbox 753 4434 1745 4501; baseline 0.003 -16.166"><span class='ocrx_word' id='word_1_383' title='bbox 753 4434 1159 4498; x_wconf 75' lang='lat' dir='ltr'><strong>¹[Rsvaillacus,</strong></span> <span class='ocrx_word' id='word_1_384' title='bbox 1197 4450 1281 4496; x_wconf 90' lang='lat' dir='ltr'><strong>sc,</strong></span> <span class='ocrx_word' id='word_1_385' title='bbox 1320 4436 1408 4500; x_wconf 89' lang='lat' dir='ltr'><strong>qui</strong></span> <span class='ocrx_word' id='word_1_386' title='bbox 1443 4436 1593 4501; x_wconf 84' lang='lat' dir='ltr'><strong>paulo</strong></span> <span class='ocrx_word' id='word_1_387' title='bbox 1626 4440 1745 4488; x_wconf 80' lang='lat' dir='ltr'><strong>ante</strong></span> 
     </span>
    </p>
   </div>
  </div>
 </body>
</html>
