<?xml version="1.0" encoding="UTF-8"?>
<!DOCTYPE html PUBLIC "-//W3C//DTD XHTML 1.0 Transitional//EN"
    "http://www.w3.org/TR/xhtml1/DTD/xhtml1-transitional.dtd">
<html xmlns="http://www.w3.org/1999/xhtml" xml:lang="en" lang="en">
 <head>
  <title>
</title>
<meta http-equiv="Content-Type" content="text/html;charset=utf-8" />
  <meta name='ocr-system' content='tesseract 3.04.00' />
  <meta name='ocr-capabilities' content='ocr_page ocr_carea ocr_par ocr_line ocrx_word'/>
</head>
<body>
  <div class='ocr_page' id='page_1' title='image "./responsioadapol01andrgoog_0090.png"; bbox 0 0 3165 4959; ppageno 0'>
   <div class='ocr_carea' id='block_1_1' title="bbox 318 767 585 961">
    <p class='ocr_par' dir='ltr' id='par_1_1' title="bbox 318 767 585 961">
     <span class='ocr_line' id='line_1_1' title="bbox 323 767 585 831; baseline -0.011 -14"><span class='ocrx_word' id='word_1_1' title='bbox 323 769 399 831; x_wconf 86' lang='lat' dir='ltr'>[S.</span> <span class='ocrx_word' id='word_1_2' title='bbox 428 767 585 815; x_wconf 76' lang='lat' dir='ltr'>Maxi·</span> 
     </span>
     <span class='ocr_line' id='line_1_2' title="bbox 318 832 576 882; baseline -0.008 -1"><span class='ocrx_word' id='word_1_3' title='bbox 318 848 432 882; x_wconf 73' lang='lat' dir='ltr'>mus</span> <span class='ocrx_word' id='word_1_4' title='bbox 456 832 576 881; x_wconf 72' lang='lat' dir='ltr'>Tau-</span> 
     </span>
     <span class='ocr_line' id='line_1_3' title="bbox 318 898 447 961; baseline 0.016 -16"><span class='ocrx_word' id='word_1_5' title='bbox 318 898 447 961; x_wconf 87' lang='lat' dir='ltr'>rin.]</span> 
     </span>
    </p>
   </div>
   <div class='ocr_carea' id='block_1_2' title="bbox 318 1611 579 1738">
    <p class='ocr_par' dir='ltr' id='par_1_2' title="bbox 318 1611 579 1738">
     <span class='ocr_line' id='line_1_4' title="bbox 322 1611 579 1673; baseline 0 -14"><span class='ocrx_word' id='word_1_6' title='bbox 322 1611 399 1673; x_wconf 77' lang='lat' dir='ltr'>[S.</span> <span class='ocrx_word' id='word_1_7' title='bbox 426 1611 579 1673; x_wconf 82' lang='lat' dir='ltr'>Greg.</span> 
     </span>
     <span class='ocr_line' id='line_1_5' title="bbox 318 1676 472 1738; baseline 0.006 -14"><span class='ocrx_word' id='word_1_8' title='bbox 318 1676 472 1738; x_wconf 55' lang='lat' dir='ltr'>Nan]</span> 
     </span>
    </p>
   </div>
   <div class='ocr_carea' id='block_1_3' title="bbox 650 320 2231 381">
    <p class='ocr_par' dir='ltr' id='par_1_3' title="bbox 650 320 2231 381">
     <span class='ocr_line' id='line_1_6' title="bbox 650 320 2231 381; baseline -0.001 -1"><span class='ocrx_word' id='word_1_9' title='bbox 650 320 737 381; x_wconf 70' lang='lat'>54.</span> <span class='ocrx_word' id='word_1_10' title='bbox 1277 335 1362 380; x_wconf 80' lang='lat' dir='ltr'>AD</span> <span class='ocrx_word' id='word_1_11' title='bbox 1408 333 1790 381; x_wconf 76' lang='lat' dir='ltr'>CARDINAus</span> <span class='ocrx_word' id='word_1_12' title='bbox 1832 332 2231 380; x_wconf 71' lang='lat' dir='ltr'>smARmm</span> 
     </span>
    </p>
   </div>
   <div class='ocr_carea' id='block_1_4' title="bbox 644 483 2864 3357">
    <p class='ocr_par' dir='ltr' id='par_1_4' title="bbox 716 483 2856 717">
     <span class='ocr_line' id='line_1_7' title="bbox 716 483 2856 552; baseline -0.002 -14"><span class='ocrx_word' id='word_1_13' title='bbox 716 489 766 538; x_wconf 82' lang='lat' dir='ltr'>S.</span> <span class='ocrx_word' id='word_1_14' title='bbox 783 487 1039 538; x_wconf 78' lang='lat' dir='ltr'>Maximus</span> <span class='ocrx_word' id='word_1_15' title='bbox 1062 489 1118 538; x_wconf 90' lang='lat' dir='ltr'>in</span> <span class='ocrx_word' id='word_1_16' title='bbox 1134 488 1293 538; x_wconf 82' lang='lat' dir='ltr'>Serm.</span> <span class='ocrx_word' id='word_1_17' title='bbox 1309 488 1371 538; x_wconf 83' lang='lat' dir='ltr'>de</span> <span class='ocrx_word' id='word_1_18' title='bbox 1392 487 1563 551; x_wconf 77' lang='lat' dir='ltr'>(laud.)</span> <span class='ocrx_word' id='word_1_19' title='bbox 1585 488 1633 538; x_wconf 84' lang='lat' dir='ltr'>S.</span> <span class='ocrx_word' id='word_1_20' title='bbox 1646 489 1858 551; x_wconf 74' lang='lat' dir='ltr'>Agnete.</span> <span class='ocrx_word' id='word_1_21' title='bbox 1874 524 1887 537; x_wconf 93' lang='lat'>.</span> <span class='ocrx_word' id='word_1_22' title='bbox 1903 524 1915 536; x_wconf 93' lang='lat'>.</span> <span class='ocrx_word' id='word_1_23' title='bbox 1931 524 1944 537; x_wconf 92' lang='lat'>.</span> <span class='ocrx_word' id='word_1_24' title='bbox 1967 491 1981 515; x_wconf 80' lang='lat'><strong>⁴</strong></span> <span class='ocrx_word' id='word_1_25' title='bbox 1995 490 2037 537; x_wconf 88' lang='grc' dir='ltr'><strong>Ο</strong></span> <span class='ocrx_word' id='word_1_26' title='bbox 2055 486 2323 552; x_wconf 73' lang='lat' dir='ltr'>splendida</span> <span class='ocrx_word' id='word_1_27' title='bbox 2336 486 2497 547; x_wconf 81' lang='lat' dir='ltr'>virgo,</span> <span class='ocrx_word' id='word_1_28' title='bbox 2515 489 2607 534; x_wconf 79' lang='lat' dir='ltr'>ete.</span> <span class='ocrx_word' id='word_1_29' title='bbox 2623 488 2680 534; x_wconf 87' lang='lat' dir='ltr'>ut</span> <span class='ocrx_word' id='word_1_30' title='bbox 2693 483 2856 533; x_wconf 72' lang='lat' dir='ltr'>nostri</span> 
     </span>
     <span class='ocr_line' id='line_1_8' title="bbox 777 565 2855 633; baseline -0.003 -14"><span class='ocrx_word' id='word_1_31' title='bbox 777 571 1069 619; x_wconf 74' lang='lat' dir='ltr'>meminisse</span> <span class='ocrx_word' id='word_1_32' title='bbox 1100 570 1339 631; x_wconf 78' lang='lat' dir='ltr'>dig-neris,</span> <span class='ocrx_word' id='word_1_33' title='bbox 1366 570 1549 633; x_wconf 89' lang='lat' dir='ltr'>quibus</span> <span class='ocrx_word' id='word_1_34' title='bbox 1572 584 1838 633; x_wconf 83' lang='lat' dir='ltr'>possumus</span> <span class='ocrx_word' id='word_1_35' title='bbox 1869 570 2101 633; x_wconf 79' lang='lat' dir='ltr'>precibus</span> <span class='ocrx_word' id='word_1_36' title='bbox 2123 583 2389 619; x_wconf 76' lang='lat' dir='ltr'>exoramus</span> <span class='ocrx_word' id='word_1_37' title='bbox 2402 566 2685 633; x_wconf 69' lang='lat' dir='ltr'>⁰¹.·-[Beu.</span> <span class='ocrx_word' id='word_1_38' title='bbox 2703 565 2855 629; x_wconf 83' lang='lat' dir='ltr'><strong>Apol.</strong></span> 
     </span>
     <span class='ocr_line' id='line_1_9' title="bbox 777 650 2112 717; baseline -0.002 -15"><span class='ocrx_word' id='word_1_39' title='bbox 777 668 868 716; x_wconf 88' lang='lat' dir='ltr'>pro</span> <span class='ocrx_word' id='word_1_40' title='bbox 892 651 1059 716; x_wconf 69' lang='lat' dir='ltr'>Resp]</span> <span class='ocrx_word' id='word_1_41' title='bbox 1094 668 1142 717; x_wconf 85' lang='lat' dir='ltr'>p.</span> <span class='ocrx_word' id='word_1_42' title='bbox 1168 652 1244 704; x_wconf 79' lang='lat'>17.</span> <span class='ocrx_word' id='word_1_43' title='bbox 1281 652 1414 717; x_wconf 87' lang='lat' dir='ltr'>[Op.,</span> <span class='ocrx_word' id='word_1_44' title='bbox 1435 657 1559 701; x_wconf 85' lang='lat' dir='ltr'>tom.</span> <span class='ocrx_word' id='word_1_45' title='bbox 1582 652 1670 701; x_wconf 80' lang='lat' dir='ltr'>vii.</span> <span class='ocrx_word' id='word_1_46' title='bbox 1696 652 1788 703; x_wconf 87' lang='lat' dir='ltr'>col.</span> <span class='ocrx_word' id='word_1_47' title='bbox 1812 652 1924 703; x_wconf 80' lang='lat'>714.</span> <span class='ocrx_word' id='word_1_48' title='bbox 1952 651 2007 702; x_wconf 90' lang='lat' dir='ltr'>B.</span> <span class='ocrx_word' id='word_1_49' title='bbox 2029 650 2112 715; x_wconf 90' lang='lat' dir='ltr'>C.]</span> 
     </span>
    </p>

    <p class='ocr_par' dir='ltr' id='par_1_5' title="bbox 645 758 2859 1356">
     <span class='ocr_line' id='line_1_10' title="bbox 738 758 2858 843; baseline -0.001 -20"><span class='ocrx_word' id='word_1_50' title='bbox 738 760 1011 823; x_wconf 82' lang='lat' dir='ltr'>Maximi</span> <span class='ocrx_word' id='word_1_51' title='bbox 1056 767 1274 823; x_wconf 85' lang='lat' dir='ltr'>autem</span> <span class='ocrx_word' id='word_1_52' title='bbox 1322 759 1645 838; x_wconf 87' lang='lat' dir='ltr'>Homiliae,</span> <span class='ocrx_word' id='word_1_53' title='bbox 1679 767 1743 823; x_wconf 83' lang='lat' dir='ltr'>et</span> <span class='ocrx_word' id='word_1_54' title='bbox 1788 759 2049 843; x_wconf 87' lang='lat' dir='ltr'>reliquae</span> <span class='ocrx_word' id='word_1_55' title='bbox 2093 758 2225 822; x_wconf 88' lang='lat' dir='ltr'>fere</span> <span class='ocrx_word' id='word_1_56' title='bbox 2260 779 2403 843; x_wconf 82' lang='lat' dir='ltr'>quae</span> <span class='ocrx_word' id='word_1_57' title='bbox 2433 758 2513 821; x_wconf 90' lang='lat' dir='ltr'>de</span> <span class='ocrx_word' id='word_1_58' title='bbox 2542 758 2858 840; x_wconf 81' lang='lat' dir='ltr'>Tempore</span> 
     </span>
     <span class='ocr_line' id='line_1_11' title="bbox 651 861 2856 942; baseline -0.002 -16"><span class='ocrx_word' id='word_1_59' title='bbox 651 863 731 927; x_wconf 93' lang='lat' dir='ltr'>de</span> <span class='ocrx_word' id='word_1_60' title='bbox 764 863 1018 927; x_wconf 82' lang='lat' dir='ltr'>Sanctis</span> <span class='ocrx_word' id='word_1_61' title='bbox 1037 863 1596 942; x_wconf 84' lang='lat' dir='ltr'>circumferuntur,</span> <span class='ocrx_word' id='word_1_62' title='bbox 1618 864 1877 926; x_wconf 71' lang='lat' dir='ltr'>maximi</span> <span class='ocrx_word' id='word_1_63' title='bbox 1901 862 2208 926; x_wconf 84' lang='lat' dir='ltr'>faciendae</span> <span class='ocrx_word' id='word_1_64' title='bbox 2236 883 2369 925; x_wconf 86' lang='lat' dir='ltr'>non</span> <span class='ocrx_word' id='word_1_65' title='bbox 2402 868 2571 925; x_wconf 88' lang='lat' dir='ltr'>sunt.</span> <span class='ocrx_word' id='word_1_66' title='bbox 2639 861 2856 927; x_wconf 79' lang='lat' dir='ltr'>Quam</span> 
     </span>
     <span class='ocr_line' id='line_1_12' title="bbox 650 964 2859 1047; baseline -0.003 -16"><span class='ocrx_word' id='word_1_67' title='bbox 650 966 846 1047; x_wconf 87' lang='lat' dir='ltr'>enim,</span> <span class='ocrx_word' id='word_1_68' title='bbox 879 969 979 1032; x_wconf 89' lang='lat' dir='ltr'>vel</span> <span class='ocrx_word' id='word_1_69' title='bbox 1023 968 1129 1031; x_wconf 90' lang='lat' dir='ltr'>hie</span> <span class='ocrx_word' id='word_1_70' title='bbox 1175 968 1332 1030; x_wconf 86' lang='lat' dir='ltr'>citat</span> <span class='ocrx_word' id='word_1_71' title='bbox 1382 967 1743 1031; x_wconf 73' lang='lat' dir='ltr'>cardinalis</span> <span class='ocrx_word' id='word_1_72' title='bbox 1790 966 2066 1029; x_wconf 86' lang='lat' dir='ltr'>Maximi</span> <span class='ocrx_word' id='word_1_73' title='bbox 2113 965 2497 1041; x_wconf 86' lang='lat' dir='ltr'>Homiliam,</span> <span class='ocrx_word' id='word_1_74' title='bbox 2529 964 2859 1029; x_wconf 84' lang='lat' dir='ltr'>Ambrosii</span> 
     </span>
     <span class='ocr_line' id='line_1_13' title="bbox 648 1067 2856 1154; baseline -0.002 -21"><span class='ocrx_word' id='word_1_75' title='bbox 648 1093 724 1133; x_wconf 82' lang='lat' dir='ltr'>ea</span> <span class='ocrx_word' id='word_1_76' title='bbox 755 1070 866 1134; x_wconf 88' lang='lat' dir='ltr'>diu</span> <span class='ocrx_word' id='word_1_77' title='bbox 898 1078 1034 1134; x_wconf 84' lang='lat' dir='ltr'>erat</span> <span class='ocrx_word' id='word_1_78' title='bbox 1056 1097 1075 1147; x_wconf 82' lang='lat'><em>3</em></span> <span class='ocrx_word' id='word_1_79' title='bbox 1115 1070 1273 1154; x_wconf 78' lang='lat' dir='ltr'>jam,</span> <span class='ocrx_word' id='word_1_80' title='bbox 1314 1069 1592 1133; x_wconf 79' lang='lat' dir='ltr'>Maximi</span> <span class='ocrx_word' id='word_1_81' title='bbox 1626 1069 1891 1133; x_wconf 86' lang='lat' dir='ltr'>fecistis.</span> <span class='ocrx_word' id='word_1_82' title='bbox 1929 1142 1932 1149; x_wconf 43' lang='grc'><strong>,</strong></span> <span class='ocrx_word' id='word_1_83' title='bbox 1984 1070 2111 1146; x_wconf 84' lang='lat' dir='ltr'>Ita,</span> <span class='ocrx_word' id='word_1_84' title='bbox 2145 1090 2320 1132; x_wconf 91' lang='lat' dir='ltr'>nune</span> <span class='ocrx_word' id='word_1_85' title='bbox 2350 1068 2522 1146; x_wconf 89' lang='lat' dir='ltr'>huie,</span> <span class='ocrx_word' id='word_1_86' title='bbox 2554 1089 2729 1131; x_wconf 88' lang='lat' dir='ltr'>nunc</span> <span class='ocrx_word' id='word_1_87' title='bbox 2757 1067 2856 1130; x_wconf 90' lang='lat' dir='ltr'>illi</span> 
     </span>
     <span class='ocr_line' id='line_1_14' title="bbox 650 1172 2857 1259; baseline -0.002 -22"><span class='ocrx_word' id='word_1_88' title='bbox 650 1174 959 1259; x_wconf 81' lang='lat' dir='ltr'>ascriptas</span> <span class='ocrx_word' id='word_1_89' title='bbox 1003 1175 1181 1257; x_wconf 82' lang='lat' dir='ltr'>legas</span> <span class='ocrx_word' id='word_1_90' title='bbox 1218 1174 1536 1237; x_wconf 81' lang='lat' dir='ltr'>Homilias</span> <span class='ocrx_word' id='word_1_91' title='bbox 1574 1175 1786 1250; x_wconf 83' lang='lat' dir='ltr'>hasce,</span> <span class='ocrx_word' id='word_1_92' title='bbox 1836 1180 2027 1257; x_wconf 89' lang='lat' dir='ltr'>prout</span> <span class='ocrx_word' id='word_1_93' title='bbox 2064 1172 2245 1236; x_wconf 85' lang='lat' dir='ltr'>vobis</span> <span class='ocrx_word' id='word_1_94' title='bbox 2289 1172 2550 1235; x_wconf 84' lang='lat' dir='ltr'>titulum</span> <span class='ocrx_word' id='word_1_95' title='bbox 2599 1172 2857 1254; x_wconf 82' lang='lat' dir='ltr'>affigere</span> 
     </span>
     <span class='ocr_line' id='line_1_15' title="bbox 645 1276 2248 1356; baseline -0.002 -14"><span class='ocrx_word' id='word_1_96' title='bbox 645 1277 859 1342; x_wconf 86' lang='lat' dir='ltr'>libuit.</span> <span class='ocrx_word' id='word_1_97' title='bbox 947 1280 1093 1342; x_wconf 86' lang='lat' dir='ltr'>Neo</span> <span class='ocrx_word' id='word_1_98' title='bbox 1123 1278 1282 1341; x_wconf 87' lang='lat' dir='ltr'>fides</span> <span class='ocrx_word' id='word_1_99' title='bbox 1314 1285 1511 1356; x_wconf 82' lang='lat' dir='ltr'>certa,</span> <span class='ocrx_word' id='word_1_100' title='bbox 1541 1276 1655 1340; x_wconf 88' lang='lat' dir='ltr'>ubi</span> <span class='ocrx_word' id='word_1_101' title='bbox 1686 1284 1910 1340; x_wconf 81' lang='lat' dir='ltr'><strong>auctor</strong></span> <span class='ocrx_word' id='word_1_102' title='bbox 1940 1276 2248 1340; x_wconf 82' lang='lat' dir='ltr'>incertus.</span> 
     </span>
    </p>

    <p class='ocr_par' dir='ltr' id='par_1_6' title="bbox 712 1410 2856 1562">
     <span class='ocr_line' id='line_1_16' title="bbox 712 1410 2856 1479; baseline -0.003 -14"><span class='ocrx_word' id='word_1_103' title='bbox 712 1415 760 1465; x_wconf 88' lang='lat' dir='ltr'>S.</span> <span class='ocrx_word' id='word_1_104' title='bbox 800 1415 1007 1479; x_wconf 86' lang='lat' dir='ltr'>[Greg.]</span> <span class='ocrx_word' id='word_1_105' title='bbox 1056 1415 1294 1465; x_wconf 69' lang='lat' dir='ltr'>Nazianz.</span> <span class='ocrx_word' id='word_1_106' title='bbox 1342 1415 1479 1464; x_wconf 80' lang='lat' dir='ltr'>Orat.</span> <span class='ocrx_word' id='word_1_107' title='bbox 1524 1415 1582 1463; x_wconf 91' lang='lat' dir='ltr'>in</span> <span class='ocrx_word' id='word_1_108' title='bbox 1615 1413 1664 1463; x_wconf 81' lang='lat' dir='ltr'>S.</span> <span class='ocrx_word' id='word_1_109' title='bbox 1701 1412 1934 1477; x_wconf 72' lang='lat' dir='ltr'>cyprian.</span> <span class='ocrx_word' id='word_1_110' title='bbox 2002 1414 2019 1439; x_wconf 84' lang='lat'><em>‘</em></span> <span class='ocrx_word' id='word_1_111' title='bbox 2041 1411 2147 1472; x_wconf 56' lang='lat' dir='ltr'>&#39;Pul</span> <span class='ocrx_word' id='word_1_112' title='bbox 2179 1411 2365 1475; x_wconf 82' lang='lat' dir='ltr'>inquit,</span> <span class='ocrx_word' id='word_1_113' title='bbox 2404 1414 2457 1461; x_wconf 84' lang='lat' dir='ltr'>‘e</span> <span class='ocrx_word' id='word_1_114' title='bbox 2491 1410 2720 1475; x_wconf 81' lang='lat' dir='ltr'>supernis</span> <span class='ocrx_word' id='word_1_115' title='bbox 2760 1424 2856 1459; x_wconf 81' lang='lat' dir='ltr'>nos</span> 
     </span>
     <span class='ocr_line' id='line_1_17' title="bbox 776 1495 2084 1562; baseline -0.002 -16"><span class='ocrx_word' id='word_1_116' title='bbox 776 1498 983 1562; x_wconf 82' lang='lat' dir='ltr'>respice,</span> <span class='ocrx_word' id='word_1_117' title='bbox 1004 1501 1058 1547; x_wconf 86' lang='lat' dir='ltr'>et</span> <span class='ocrx_word' id='word_1_118' title='bbox 1079 1498 1323 1562; x_wconf 85' lang='lat' dir='ltr'>populum</span> <span class='ocrx_word' id='word_1_119' title='bbox 1346 1495 1480 1546; x_wconf 88' lang='lat' dir='ltr'>hune</span> <span class='ocrx_word' id='word_1_120' title='bbox 1507 1496 1751 1546; x_wconf 79' lang='lat' dir='ltr'>Sanctum</span> <span class='ocrx_word' id='word_1_121' title='bbox 1775 1495 1940 1558; x_wconf 81' lang='lat' dir='ltr'>dirige</span> <span class='ocrx_word' id='word_1_122' title='bbox 1953 1495 2006 1544; x_wconf 84' lang='grc'>“.’</span> <span class='ocrx_word' id='word_1_123' title='bbox 2030 1514 2084 1533; x_wconf 90' lang='lat'><strong>=</strong></span> 
     </span>
    </p>

    <p class='ocr_par' dir='ltr' id='par_1_7' title="bbox 644 1602 2864 2618">
     <span class='ocr_line' id='line_1_18' title="bbox 734 1602 2854 1690; baseline -0.003 -19"><span class='ocrx_word' id='word_1_124' title='bbox 734 1607 879 1671; x_wconf 87' lang='lat' dir='ltr'>Nee</span> <span class='ocrx_word' id='word_1_125' title='bbox 909 1614 1024 1685; x_wconf 91' lang='lat' dir='ltr'>est,</span> <span class='ocrx_word' id='word_1_126' title='bbox 1056 1627 1261 1690; x_wconf 89' lang='lat' dir='ltr'>usque</span> <span class='ocrx_word' id='word_1_127' title='bbox 1305 1606 1464 1669; x_wconf 84' lang='lat' dir='ltr'>adeo</span> <span class='ocrx_word' id='word_1_128' title='bbox 1507 1604 1769 1688; x_wconf 85' lang='lat' dir='ltr'>liquidae</span> <span class='ocrx_word' id='word_1_129' title='bbox 1812 1603 1962 1667; x_wconf 88' lang='lat' dir='ltr'>fidei</span> <span class='ocrx_word' id='word_1_130' title='bbox 2006 1602 2207 1668; x_wconf 84' lang='lat' dir='ltr'>oratio</span> <span class='ocrx_word' id='word_1_131' title='bbox 2236 1603 2366 1681; x_wconf 83' lang='lat' dir='ltr'>illa,</span> <span class='ocrx_word' id='word_1_132' title='bbox 2409 1624 2602 1686; x_wconf 85' lang='lat' dir='ltr'>quam</span> <span class='ocrx_word' id='word_1_133' title='bbox 2646 1602 2854 1681; x_wconf 82' lang='lat' dir='ltr'>affert,</span> 
     </span>
     <span class='ocr_line' id='line_1_19' title="bbox 644 1705 2855 1792; baseline -0.002 -20"><span class='ocrx_word' id='word_1_134' title='bbox 644 1709 1065 1773; x_wconf 85' lang='lat' dir='ltr'>Nazianzeni.</span> <span class='ocrx_word' id='word_1_135' title='bbox 1156 1710 1334 1772; x_wconf 83' lang='lat' dir='ltr'>Nam</span> <span class='ocrx_word' id='word_1_136' title='bbox 1382 1708 1523 1792; x_wconf 89' lang='lat' dir='ltr'>quis</span> <span class='ocrx_word' id='word_1_137' title='bbox 1573 1708 1701 1770; x_wconf 87' lang='lat' dir='ltr'>fuit</span> <span class='ocrx_word' id='word_1_138' title='bbox 1744 1707 1853 1770; x_wconf 91' lang='lat' dir='ltr'>ille</span> <span class='ocrx_word' id='word_1_139' title='bbox 1886 1706 2296 1789; x_wconf 80' lang='lat' dir='ltr'>Cyprianus?</span> <span class='ocrx_word' id='word_1_140' title='bbox 2388 1707 2603 1769; x_wconf 89' lang='lat' dir='ltr'>Nemo</span> <span class='ocrx_word' id='word_1_141' title='bbox 2646 1705 2855 1782; x_wconf 72' lang='lat' dir='ltr'>nobiS,</span> 
     </span>
     <span class='ocr_line' id='line_1_20' title="bbox 655 1809 2858 1894; baseline -0.001 -19"><span class='ocrx_word' id='word_1_142' title='bbox 655 1813 797 1894; x_wconf 88' lang='lat' dir='ltr'>(nee</span> <span class='ocrx_word' id='word_1_143' title='bbox 821 1812 1179 1876; x_wconf 84' lang='lat' dir='ltr'>Cardinalis</span> <span class='ocrx_word' id='word_1_144' title='bbox 1203 1811 1412 1893; x_wconf 88' lang='lat' dir='ltr'>eredo)</span> <span class='ocrx_word' id='word_1_145' title='bbox 1454 1810 1703 1874; x_wconf 91' lang='lat' dir='ltr'>nodum</span> <span class='ocrx_word' id='word_1_146' title='bbox 1724 1810 2040 1893; x_wconf 81' lang='lat' dir='ltr'>expediet.</span> <span class='ocrx_word' id='word_1_147' title='bbox 2117 1809 2241 1887; x_wconf 83' lang='lat' dir='ltr'>Ita,</span> <span class='ocrx_word' id='word_1_148' title='bbox 2266 1829 2443 1872; x_wconf 90' lang='lat' dir='ltr'>nune</span> <span class='ocrx_word' id='word_1_149' title='bbox 2466 1809 2648 1890; x_wconf 85' lang='lat' dir='ltr'>Aser,</span> <span class='ocrx_word' id='word_1_150' title='bbox 2678 1830 2858 1873; x_wconf 88' lang='lat' dir='ltr'>nune</span> 
     </span>
     <span class='ocr_line' id='line_1_21' title="bbox 645 1913 2848 1997; baseline -0.001 -19"><span class='ocrx_word' id='word_1_151' title='bbox 645 1917 1087 1995; x_wconf 76' lang='lat' dir='ltr'>Antiochenns,</span> <span class='ocrx_word' id='word_1_152' title='bbox 1129 1922 1405 1997; x_wconf 77' lang='lat' dir='ltr'>uterque,</span> <span class='ocrx_word' id='word_1_153' title='bbox 1445 1921 1682 1977; x_wconf 79' lang='lat' dir='ltr'>neuter.</span> <span class='ocrx_word' id='word_1_154' title='bbox 1773 1915 1881 1977; x_wconf 80' lang='lat' dir='ltr'>Ita</span> <span class='ocrx_word' id='word_1_155' title='bbox 1923 1914 2193 1977; x_wconf 84' lang='lat' dir='ltr'>fluctuat</span> <span class='ocrx_word' id='word_1_156' title='bbox 2238 1934 2339 1976; x_wconf 87' lang='lat' dir='ltr'>res</span> <span class='ocrx_word' id='word_1_157' title='bbox 2371 1920 2527 1991; x_wconf 82' lang='lat' dir='ltr'>tota,</span> <span class='ocrx_word' id='word_1_158' title='bbox 2578 1913 2672 1976; x_wconf 82' lang='lat' dir='ltr'>ita</span> <span class='ocrx_word' id='word_1_159' title='bbox 2709 1935 2848 1995; x_wconf 89' lang='lat' dir='ltr'>per-</span> 
     </span>
     <span class='ocr_line' id='line_1_22' title="bbox 645 2016 2855 2103; baseline -0.002 -20"><span class='ocrx_word' id='word_1_160' title='bbox 645 2020 831 2103; x_wconf 82' lang='lat' dir='ltr'>plexa</span> <span class='ocrx_word' id='word_1_161' title='bbox 872 2019 964 2083; x_wconf 89' lang='lat' dir='ltr'>ibi</span> <span class='ocrx_word' id='word_1_162' title='bbox 995 2019 1247 2083; x_wconf 80' lang='lat' dir='ltr'>omnia:</span> <span class='ocrx_word' id='word_1_163' title='bbox 1298 2019 1393 2082; x_wconf 88' lang='lat' dir='ltr'>Ut</span> <span class='ocrx_word' id='word_1_164' title='bbox 1425 2039 1559 2081; x_wconf 87' lang='lat' dir='ltr'>non</span> <span class='ocrx_word' id='word_1_165' title='bbox 1598 2018 1783 2080; x_wconf 83' lang='lat' dir='ltr'>aliter</span> <span class='ocrx_word' id='word_1_166' title='bbox 1813 2038 2116 2080; x_wconf 85' lang='lat' dir='ltr'>excusare</span> <span class='ocrx_word' id='word_1_167' title='bbox 2149 2038 2286 2080; x_wconf 90' lang='lat' dir='ltr'>rem</span> <span class='ocrx_word' id='word_1_168' title='bbox 2316 2016 2520 2101; x_wconf 83' lang='lat' dir='ltr'>possit</span> <span class='ocrx_word' id='word_1_169' title='bbox 2552 2016 2783 2080; x_wconf 81' lang='lat' dir='ltr'>Billius</span> <span class='ocrx_word' id='word_1_170' title='bbox 2806 2030 2855 2095; x_wconf 88' lang='lat'>⁰,</span> 
     </span>
     <span class='ocr_line' id='line_1_23' title="bbox 648 2120 2855 2206; baseline -0.001 -21"><span class='ocrx_word' id='word_1_171' title='bbox 648 2144 838 2206; x_wconf 83' lang='lat' dir='ltr'>quam</span> <span class='ocrx_word' id='word_1_172' title='bbox 870 2130 945 2186; x_wconf 89' lang='lat' dir='ltr'>ut</span> <span class='ocrx_word' id='word_1_173' title='bbox 981 2122 1173 2200; x_wconf 83' lang='lat' dir='ltr'>dicat,</span> <span class='ocrx_word' id='word_1_174' title='bbox 1207 2122 1545 2189; x_wconf 77' lang='lat' dir='ltr'>caecutiisse</span> <span class='ocrx_word' id='word_1_175' title='bbox 1575 2120 1663 2183; x_wconf 76' lang='lat' dir='ltr'>ibi</span> <span class='ocrx_word' id='word_1_176' title='bbox 1693 2121 2197 2200; x_wconf 79' lang='lat' dir='ltr'>Nazianzenum,</span> <span class='ocrx_word' id='word_1_177' title='bbox 2232 2127 2297 2184; x_wconf 91' lang='lat' dir='ltr'>et</span> <span class='ocrx_word' id='word_1_178' title='bbox 2326 2120 2532 2198; x_wconf 79' lang='lat' dir='ltr'>illum,</span> <span class='ocrx_word' id='word_1_179' title='bbox 2564 2140 2681 2202; x_wconf 89' lang='lat' dir='ltr'>pro</span> <span class='ocrx_word' id='word_1_180' title='bbox 2710 2120 2855 2199; x_wconf 87' lang='lat' dir='ltr'>hoc,</span> 
     </span>
     <span class='ocr_line' id='line_1_24' title="bbox 645 2223 2860 2309; baseline -0.001 -21"><span class='ocrx_word' id='word_1_181' title='bbox 645 2225 821 2289; x_wconf 87' lang='lat' dir='ltr'>hunc</span> <span class='ocrx_word' id='word_1_182' title='bbox 870 2246 987 2309; x_wconf 90' lang='lat' dir='ltr'>pro</span> <span class='ocrx_word' id='word_1_183' title='bbox 1016 2226 1128 2290; x_wconf 93' lang='lat' dir='ltr'>illo</span> <span class='ocrx_word' id='word_1_184' title='bbox 1174 2225 1534 2308; x_wconf 88' lang='lat' dir='ltr'>sumpsisse.</span> <span class='ocrx_word' id='word_1_185' title='bbox 1634 2225 2064 2287; x_wconf 80' lang='lat' dir='ltr'>Caeeutz&#39;entem</span> <span class='ocrx_word' id='word_1_186' title='bbox 2108 2230 2325 2287; x_wconf 80' lang='lat' dir='ltr'>autem</span> <span class='ocrx_word' id='word_1_187' title='bbox 2364 2223 2506 2305; x_wconf 89' lang='lat' dir='ltr'>quis</span> <span class='ocrx_word' id='word_1_188' title='bbox 2552 2230 2860 2307; x_wconf 78' lang='lat' dir='ltr'>sequatur</span> 
     </span>
     <span class='ocr_line' id='line_1_25' title="bbox 647 2326 2864 2412; baseline 0 -22"><span class='ocrx_word' id='word_1_189' title='bbox 647 2328 858 2391; x_wconf 88' lang='lat' dir='ltr'>libens</span> <span class='ocrx_word' id='word_1_190' title='bbox 886 2330 915 2391; x_wconf 72' lang='grc' dir='ltr'><em>Ῥ</em></span> <span class='ocrx_word' id='word_1_191' title='bbox 1006 2330 1186 2406; x_wconf 89' lang='lat' dir='ltr'>Non,</span> <span class='ocrx_word' id='word_1_192' title='bbox 1219 2328 1390 2412; x_wconf 89' lang='lat' dir='ltr'>quod</span> <span class='ocrx_word' id='word_1_193' title='bbox 1419 2328 1705 2391; x_wconf 87' lang='lat' dir='ltr'>multum</span> <span class='ocrx_word' id='word_1_194' title='bbox 1734 2327 1804 2390; x_wconf 89' lang='lat' dir='ltr'>in</span> <span class='ocrx_word' id='word_1_195' title='bbox 1835 2348 1911 2390; x_wconf 81' lang='lat' dir='ltr'>ea</span> <span class='ocrx_word' id='word_1_196' title='bbox 1938 2326 2254 2390; x_wconf 85' lang='lat' dir='ltr'>momenti</span> <span class='ocrx_word' id='word_1_197' title='bbox 2285 2327 2370 2389; x_wconf 86' lang='lat' dir='ltr'>sit</span> <span class='ocrx_word' id='word_1_198' title='bbox 2402 2335 2658 2389; x_wconf 86' lang='lat' dir='ltr'>tamen:</span> <span class='ocrx_word' id='word_1_199' title='bbox 2692 2328 2864 2390; x_wconf 82' lang='lat' dir='ltr'>Tota.</span> 
     </span>
     <span class='ocr_line' id='line_1_26' title="bbox 648 2428 2862 2515; baseline 0 -21"><span class='ocrx_word' id='word_1_200' title='bbox 648 2430 822 2495; x_wconf 88' lang='lat' dir='ltr'>enim</span> <span class='ocrx_word' id='word_1_201' title='bbox 850 2452 954 2496; x_wconf 91' lang='lat' dir='ltr'>res</span> <span class='ocrx_word' id='word_1_202' title='bbox 994 2432 1125 2496; x_wconf 82' lang='lat' dir='ltr'>exit</span> <span class='ocrx_word' id='word_1_203' title='bbox 1169 2431 1261 2496; x_wconf 89' lang='lat' dir='ltr'>ibi</span> <span class='ocrx_word' id='word_1_204' title='bbox 1304 2431 1375 2495; x_wconf 87' lang='lat' dir='ltr'>in</span> <span class='ocrx_word' id='word_1_205' title='bbox 1406 2430 1687 2515; x_wconf 74' lang='lat' dir='ltr'>fiyuram</span> <span class='ocrx_word' id='word_1_206' title='bbox 1715 2431 2050 2509; x_wconf 77' lang='lat' dir='ltr'>sententioe,</span> <span class='ocrx_word' id='word_1_207' title='bbox 2083 2428 2373 2495; x_wconf 81' lang='lat' dir='ltr'>Oratoris</span> <span class='ocrx_word' id='word_1_208' title='bbox 2418 2451 2648 2514; x_wconf 90' lang='lat' dir='ltr'>nempe</span> <span class='ocrx_word' id='word_1_209' title='bbox 2686 2431 2862 2512; x_wconf 84' lang='lat' dir='ltr'>Apo-</span> 
     </span>
     <span class='ocr_line' id='line_1_27' title="bbox 646 2536 1928 2618; baseline 0.001 -20"><span class='ocrx_word' id='word_1_210' title='bbox 646 2538 960 2618; x_wconf 74' lang='lat' dir='ltr'>strophen,</span> <span class='ocrx_word' id='word_1_211' title='bbox 990 2557 1127 2601; x_wconf 87' lang='lat' dir='ltr'>non</span> <span class='ocrx_word' id='word_1_212' title='bbox 1164 2537 1423 2599; x_wconf 76' lang='lat' dir='ltr'>Orantis</span> <span class='ocrx_word' id='word_1_213' title='bbox 1452 2536 1928 2599; x_wconf 66' lang='lat' dir='ltr'>[avocationem.</span> 
     </span>
    </p>

    <p class='ocr_par' dir='ltr' id='par_1_8' title="bbox 717 2676 2862 2825">
     <span class='ocr_line' id='line_1_28' title="bbox 717 2676 2862 2741; baseline 0 -14"><span class='ocrx_word' id='word_1_214' title='bbox 717 2698 776 2719; x_wconf 91' lang='lat'>=</span> <span class='ocrx_word' id='word_1_215' title='bbox 800 2677 867 2727; x_wconf 81' lang='lat' dir='ltr'>Et</span> <span class='ocrx_word' id='word_1_216' title='bbox 882 2678 1071 2727; x_wconf 89' lang='lat' dir='ltr'>ibidem</span> <span class='ocrx_word' id='word_1_217' title='bbox 1091 2715 1102 2727; x_wconf 93' lang='lat'>.</span> <span class='ocrx_word' id='word_1_218' title='bbox 1129 2716 1140 2728; x_wconf 93' lang='lat'>.</span> <span class='ocrx_word' id='word_1_219' title='bbox 1166 2716 1177 2727; x_wconf 88' lang='lat'>.</span> <span class='ocrx_word' id='word_1_220' title='bbox 1194 2681 1208 2704; x_wconf 80' lang='lat'><strong><em>⁴</em></strong></span> <span class='ocrx_word' id='word_1_221' title='bbox 1226 2677 1524 2740; x_wconf 60' lang='lat' dir='ltr'>Virginem:</span> <span class='ocrx_word' id='word_1_222' title='bbox 1550 2676 1736 2740; x_wconf 84' lang='lat' dir='ltr'>inquit,</span> <span class='ocrx_word' id='word_1_223' title='bbox 1760 2676 2004 2725; x_wconf 75' lang='lat' dir='ltr'>‘Mariam</span> <span class='ocrx_word' id='word_1_224' title='bbox 2027 2676 2238 2738; x_wconf 79' lang='lat' dir='ltr'>rogavit,</span> <span class='ocrx_word' id='word_1_225' title='bbox 2258 2679 2316 2725; x_wconf 87' lang='lat' dir='ltr'>ut</span> <span class='ocrx_word' id='word_1_226' title='bbox 2337 2676 2650 2740; x_wconf 76' lang='lat' dir='ltr'>periclitanti</span> <span class='ocrx_word' id='word_1_227' title='bbox 2666 2678 2862 2741; x_wconf 77' lang='lat' dir='ltr'>virgini</span> 
     </span>
     <span class='ocr_line' id='line_1_29' title="bbox 781 2758 2841 2825; baseline -0 -15"><span class='ocrx_word' id='word_1_228' title='bbox 781 2775 930 2824; x_wconf 87' lang='lat' dir='ltr'>opem</span> <span class='ocrx_word' id='word_1_229' title='bbox 951 2762 1105 2811; x_wconf 81' lang='lat' dir='ltr'>ferret</span> <span class='ocrx_word' id='word_1_230' title='bbox 1115 2759 1393 2825; x_wconf 72' lang='lat' dir='ltr'>P.&#39;—[Bell.</span> <span class='ocrx_word' id='word_1_231' title='bbox 1416 2759 1564 2823; x_wconf 82' lang='lat' dir='ltr'>Apol.</span> <span class='ocrx_word' id='word_1_232' title='bbox 1592 2774 1683 2823; x_wconf 87' lang='lat' dir='ltr'>pro</span> <span class='ocrx_word' id='word_1_233' title='bbox 1707 2758 1882 2822; x_wconf 83' lang='lat' dir='ltr'>Resp.]</span> <span class='ocrx_word' id='word_1_234' title='bbox 1909 2773 1957 2821; x_wconf 90' lang='lat' dir='ltr'>p.</span> <span class='ocrx_word' id='word_1_235' title='bbox 1983 2760 2061 2807; x_wconf 78' lang='lat'>14.</span> <span class='ocrx_word' id='word_1_236' title='bbox 2085 2758 2199 2822; x_wconf 91' lang='lat' dir='ltr'>[Op.</span> <span class='ocrx_word' id='word_1_237' title='bbox 2208 2795 2224 2819; x_wconf 89' lang='lat'><em>,</em></span> <span class='ocrx_word' id='word_1_238' title='bbox 2246 2762 2367 2809; x_wconf 81' lang='lat' dir='ltr'>tom.</span> <span class='ocrx_word' id='word_1_239' title='bbox 2390 2760 2478 2809; x_wconf 78' lang='lat' dir='ltr'>vii.</span> <span class='ocrx_word' id='word_1_240' title='bbox 2501 2760 2592 2810; x_wconf 86' lang='lat' dir='ltr'>col.</span> <span class='ocrx_word' id='word_1_241' title='bbox 2618 2761 2728 2812; x_wconf 83' lang='lat'>712.</span> <span class='ocrx_word' id='word_1_242' title='bbox 2753 2760 2841 2825; x_wconf 90' lang='grc' dir='ltr'>Β.]</span> 
     </span>
    </p>

    <p class='ocr_par' dir='ltr' id='par_1_9' title="bbox 652 2859 2864 3357">
     <span class='ocr_line' id='line_1_30' title="bbox 733 2859 2860 2942; baseline 0.001 -18"><span class='ocrx_word' id='word_1_243' title='bbox 733 2861 826 2924; x_wconf 91' lang='lat' dir='ltr'>At</span> <span class='ocrx_word' id='word_1_244' title='bbox 843 2863 1061 2942; x_wconf 82' lang='lat' dir='ltr'>puella</span> <span class='ocrx_word' id='word_1_245' title='bbox 1090 2862 1179 2923; x_wconf 82' lang='lat' dir='ltr'>ibi</span> <span class='ocrx_word' id='word_1_246' title='bbox 1220 2862 1535 2942; x_wconf 74' lang='lat' dir='ltr'>Viryinem</span> <span class='ocrx_word' id='word_1_247' title='bbox 1564 2861 1852 2923; x_wconf 82' lang='lat' dir='ltr'>Mariam</span> <span class='ocrx_word' id='word_1_248' title='bbox 1881 2859 2228 2922; x_wconf 82' lang='lat' dir='ltr'>invocabat.</span> <span class='ocrx_word' id='word_1_249' title='bbox 2320 2860 2469 2938; x_wconf 89' lang='lat' dir='ltr'>Sed,</span> <span class='ocrx_word' id='word_1_250' title='bbox 2501 2882 2584 2923; x_wconf 84' lang='lat' dir='ltr'>an</span> <span class='ocrx_word' id='word_1_251' title='bbox 2614 2862 2860 2926; x_wconf 85' lang='lat' dir='ltr'>factum</span> 
     </span>
     <span class='ocr_line' id='line_1_31' title="bbox 652 2963 2859 3046; baseline 0.001 -20"><span class='ocrx_word' id='word_1_252' title='bbox 652 2964 882 3046; x_wconf 83' lang='lat' dir='ltr'>puellae</span> <span class='ocrx_word' id='word_1_253' title='bbox 932 2967 1266 3028; x_wconf 85' lang='lat' dir='ltr'>Statutum</span> <span class='ocrx_word' id='word_1_254' title='bbox 1317 2964 1670 3028; x_wconf 86' lang='lat' dir='ltr'>Ecclesiae&#39;?</span> <span class='ocrx_word' id='word_1_255' title='bbox 1760 2965 1870 3026; x_wconf 87' lang='lat' dir='ltr'>An</span> <span class='ocrx_word' id='word_1_256' title='bbox 1915 2984 1993 3026; x_wconf 84' lang='lat' dir='ltr'>ex</span> <span class='ocrx_word' id='word_1_257' title='bbox 2043 2963 2403 3046; x_wconf 83' lang='lat' dir='ltr'>puellarum</span> <span class='ocrx_word' id='word_1_258' title='bbox 2450 2964 2657 3044; x_wconf 74' lang='lat' dir='ltr'>factiS,</span> <span class='ocrx_word' id='word_1_259' title='bbox 2707 2966 2859 3029; x_wconf 88' lang='lat' dir='ltr'>fidei</span> 
     </span>
     <span class='ocr_line' id='line_1_32' title="bbox 652 3064 2858 3148; baseline 0.003 -21"><span class='ocrx_word' id='word_1_260' title='bbox 652 3066 838 3128; x_wconf 89' lang='lat' dir='ltr'>nobis</span> <span class='ocrx_word' id='word_1_261' title='bbox 867 3066 1126 3148; x_wconf 82' lang='lat' dir='ltr'>figenda</span> <span class='ocrx_word' id='word_1_262' title='bbox 1153 3067 1375 3148; x_wconf 83' lang='lat' dir='ltr'>regula</span> <span class='ocrx_word' id='word_1_263' title='bbox 1396 3068 1539 3129; x_wconf 81' lang='lat' dir='ltr'>est?</span> <span class='ocrx_word' id='word_1_264' title='bbox 1606 3066 1735 3127; x_wconf 80' lang='lat' dir='ltr'>Sed</span> <span class='ocrx_word' id='word_1_265' title='bbox 1759 3067 1923 3128; x_wconf 80' lang='lat' dir='ltr'>enim</span> <span class='ocrx_word' id='word_1_266' title='bbox 1936 3064 2190 3146; x_wconf 80' lang='lat' dir='ltr'>factum</span> <span class='ocrx_word' id='word_1_267' title='bbox 2218 3088 2341 3129; x_wconf 79' lang='lat' dir='ltr'>non</span> <span class='ocrx_word' id='word_1_268' title='bbox 2368 3070 2858 3148; x_wconf 72' lang='lat' dir='ltr'>reprehenditur.</span> 
     </span>
     <span class='ocr_line' id='line_1_33' title="bbox 657 3168 2864 3253; baseline 0.002 -22"><span class='ocrx_word' id='word_1_269' title='bbox 657 3169 823 3247; x_wconf 92' lang='lat' dir='ltr'>Imo,</span> <span class='ocrx_word' id='word_1_270' title='bbox 868 3168 1041 3231; x_wconf 89' lang='lat' dir='ltr'>idem</span> <span class='ocrx_word' id='word_1_271' title='bbox 1081 3169 1262 3247; x_wconf 89' lang='lat' dir='ltr'>illud,</span> <span class='ocrx_word' id='word_1_272' title='bbox 1296 3190 1444 3232; x_wconf 88' lang='lat' dir='ltr'>eum</span> <span class='ocrx_word' id='word_1_273' title='bbox 1490 3169 1779 3253; x_wconf 88' lang='lat' dir='ltr'>ejusdem</span> <span class='ocrx_word' id='word_1_274' title='bbox 1812 3190 2000 3232; x_wconf 80' lang='lat' dir='ltr'>sexus</span> <span class='ocrx_word' id='word_1_275' title='bbox 2029 3170 2252 3232; x_wconf 83' lang='lat' dir='ltr'>multae</span> <span class='ocrx_word' id='word_1_276' title='bbox 2280 3169 2586 3249; x_wconf 83' lang='lat' dir='ltr'>facerent,</span> <span class='ocrx_word' id='word_1_277' title='bbox 2629 3173 2864 3236; x_wconf 85' lang='lat' dir='ltr'>aeriter</span> 
     </span>
     <span class='ocr_line' id='line_1_34' title="bbox 654 3271 2669 3357; baseline 0.001 -22"><span class='ocrx_word' id='word_1_278' title='bbox 654 3271 1068 3355; x_wconf 86' lang='lat' dir='ltr'>reprehendit</span> <span class='ocrx_word' id='word_1_279' title='bbox 1096 3271 1497 3354; x_wconf 83' lang='lat' dir='ltr'>Epiphanius</span> <span class='ocrx_word' id='word_1_280' title='bbox 1528 3271 1754 3334; x_wconf 91' lang='lat' dir='ltr'>eodem</span> <span class='ocrx_word' id='word_1_281' title='bbox 1787 3272 2019 3336; x_wconf 88' lang='lat' dir='ltr'>saeculo</span> <span class='ocrx_word' id='word_1_282' title='bbox 2048 3272 2121 3335; x_wconf 89' lang='lat' dir='ltr'>in</span> <span class='ocrx_word' id='word_1_283' title='bbox 2151 3273 2602 3357; x_wconf 84' lang='lat' dir='ltr'>Collyridianis</span> <span class='ocrx_word' id='word_1_284' title='bbox 2622 3288 2669 3339; x_wconf 71' lang='lat' dir='ltr'>q.</span> 
     </span>
    </p>
   </div>
   <div class='ocr_carea' id='block_1_5' title="bbox 652 3442 1724 4480">
    <p class='ocr_par' dir='ltr' id='par_1_10' title="bbox 655 3442 1715 3767">
     <span class='ocr_line' id='line_1_35' title="bbox 720 3442 1715 3507; baseline 0.001 -15"><span class='ocrx_word' id='word_1_285' title='bbox 720 3451 754 3474; x_wconf 76' lang='lat'>¹⁸</span> <span class='ocrx_word' id='word_1_286' title='bbox 787 3443 857 3507; x_wconf 73' lang='lat'>[¹¹</span> <span class='ocrx_word' id='word_1_287' title='bbox 880 3443 1058 3506; x_wconf 80' lang='lat' dir='ltr'>Itaque</span> <span class='ocrx_word' id='word_1_288' title='bbox 1106 3443 1150 3492; x_wconf 91' lang='grc' dir='ltr'>Ο</span> <span class='ocrx_word' id='word_1_289' title='bbox 1184 3442 1452 3506; x_wconf 78' lang='lat' dir='ltr'>splendida</span> <span class='ocrx_word' id='word_1_290' title='bbox 1509 3443 1715 3493; x_wconf 79' lang='lat' dir='ltr'>Christo</span> 
     </span>
     <span class='ocr_line' id='line_1_36' title="bbox 656 3508 1715 3572; baseline -0.001 -14"><span class='ocrx_word' id='word_1_291' title='bbox 656 3509 866 3572; x_wconf 78' lang='lat' dir='ltr'>pulchra</span> <span class='ocrx_word' id='word_1_292' title='bbox 889 3508 985 3558; x_wconf 85' lang='lat' dir='ltr'>Dei</span> <span class='ocrx_word' id='word_1_293' title='bbox 1011 3508 1158 3568; x_wconf 80' lang='lat' dir='ltr'>Filio,</span> <span class='ocrx_word' id='word_1_294' title='bbox 1173 3514 1225 3558; x_wconf 76' lang='lat' dir='ltr'>et.</span> <span class='ocrx_word' id='word_1_295' title='bbox 1242 3508 1476 3557; x_wconf 86' lang='lat' dir='ltr'>omnibus</span> <span class='ocrx_word' id='word_1_296' title='bbox 1504 3508 1715 3571; x_wconf 80' lang='lat' dir='ltr'>Angelis</span> 
     </span>
     <span class='ocr_line' id='line_1_37' title="bbox 655 3573 1713 3637; baseline -0.001 -13"><span class='ocrx_word' id='word_1_297' title='bbox 655 3580 709 3624; x_wconf 77' lang='lat' dir='ltr'>et</span> <span class='ocrx_word' id='word_1_298' title='bbox 746 3573 1077 3637; x_wconf 77' lang='lat' dir='ltr'>Archangelis</span> <span class='ocrx_word' id='word_1_299' title='bbox 1115 3577 1272 3635; x_wconf 71' lang='lat' dir='ltr'>grata,</span> <span class='ocrx_word' id='word_1_300' title='bbox 1310 3577 1368 3622; x_wconf 82' lang='lat' dir='ltr'>ut</span> <span class='ocrx_word' id='word_1_301' title='bbox 1405 3575 1584 3633; x_wconf 77' lang='lat' dir='ltr'>nostri,</span> <span class='ocrx_word' id='word_1_302' title='bbox 1620 3578 1713 3623; x_wconf 83' lang='lat' dir='ltr'>ete.</span> 
     </span>
     <span class='ocr_line' id='line_1_38' title="bbox 657 3638 1714 3701; baseline -0.001 -13"><span class='ocrx_word' id='word_1_303' title='bbox 657 3641 707 3688; x_wconf 84' lang='lat' dir='ltr'>S.</span> <span class='ocrx_word' id='word_1_304' title='bbox 737 3640 858 3689; x_wconf 80' lang='lat' dir='ltr'>Max</span> <span class='ocrx_word' id='word_1_305' title='bbox 899 3640 1043 3689; x_wconf 77' lang='lat' dir='ltr'>Taur.</span> <span class='ocrx_word' id='word_1_306' title='bbox 1070 3638 1222 3688; x_wconf 88' lang='lat' dir='ltr'>Hom.</span> <span class='ocrx_word' id='word_1_307' title='bbox 1260 3638 1323 3688; x_wconf 85' lang='lat' dir='ltr'>de</span> <span class='ocrx_word' id='word_1_308' title='bbox 1358 3638 1407 3688; x_wconf 81' lang='lat' dir='ltr'>S.</span> <span class='ocrx_word' id='word_1_309' title='bbox 1432 3641 1714 3701; x_wconf 56' lang='lat' dir='ltr'>Agnae.—</span> 
     </span>
     <span class='ocr_line' id='line_1_39' title="bbox 657 3702 1627 3767; baseline -0.004 -13"><span class='ocrx_word' id='word_1_310' title='bbox 657 3704 770 3754; x_wconf 90' lang='lat' dir='ltr'>Bib.</span> <span class='ocrx_word' id='word_1_311' title='bbox 798 3705 937 3754; x_wconf 77' lang='lat' dir='ltr'>Max.</span> <span class='ocrx_word' id='word_1_312' title='bbox 967 3704 1118 3766; x_wconf 68' lang='lat' dir='ltr'>Patr„</span> <span class='ocrx_word' id='word_1_313' title='bbox 1139 3708 1262 3753; x_wconf 83' lang='lat' dir='ltr'>tom.</span> <span class='ocrx_word' id='word_1_314' title='bbox 1281 3704 1346 3752; x_wconf 73' lang='lat' dir='ltr'>vi.</span> <span class='ocrx_word' id='word_1_315' title='bbox 1371 3719 1420 3767; x_wconf 88' lang='lat' dir='ltr'>p.</span> <span class='ocrx_word' id='word_1_316' title='bbox 1435 3706 1513 3754; x_wconf 83' lang='lat'>32.</span> <span class='ocrx_word' id='word_1_317' title='bbox 1538 3702 1627 3765; x_wconf 78' lang='grc' dir='ltr'>Β.]</span> 
     </span>
    </p>

    <p class='ocr_par' dir='ltr' id='par_1_11' title="bbox 652 3768 1717 4157">
     <span class='ocr_line' id='line_1_40' title="bbox 720 3768 1715 3832; baseline -0.004 -11"><span class='ocrx_word' id='word_1_318' title='bbox 720 3777 744 3801; x_wconf 82' lang='lat'>¹¹</span> <span class='ocrx_word' id='word_1_319' title='bbox 781 3769 874 3832; x_wconf 62' lang='lat'>[20</span> <span class='ocrx_word' id='word_1_320' title='bbox 930 3771 981 3819; x_wconf 75' lang='grc' dir='ltr'>δὲ</span> <span class='ocrx_word' id='word_1_321' title='bbox 1039 3770 1160 3830; x_wconf 77' lang='grc' dir='ltr'><strong><em>ἡμᾶς</em></strong></span> <span class='ocrx_word' id='word_1_322' title='bbox 1209 3768 1493 3818; x_wconf 68' lang='grc' dir='ltr'>ἐποπτεύσας</span> <span class='ocrx_word' id='word_1_323' title='bbox 1536 3770 1715 3819; x_wconf 72' lang='grc' dir='ltr'><strong><em>ἄνωθεν</em></strong></span> 
     </span>
     <span class='ocr_line' id='line_1_41' title="bbox 652 3832 1716 3898; baseline 0.001 -15"><span class='ocrx_word' id='word_1_324' title='bbox 652 3835 809 3894; x_wconf 69' lang='grc' dir='ltr'><strong><em>ἵλεως,</em></strong></span> <span class='ocrx_word' id='word_1_325' title='bbox 834 3836 914 3884; x_wconf 80' lang='grc' dir='ltr'>καὶ</span> <span class='ocrx_word' id='word_1_326' title='bbox 934 3835 1020 3883; x_wconf 82' lang='grc' dir='ltr'>τὸν</span> <span class='ocrx_word' id='word_1_327' title='bbox 1045 3833 1277 3898; x_wconf 77' lang='grc' dir='ltr'>ἡμέτερον</span> <span class='ocrx_word' id='word_1_328' title='bbox 1298 3832 1530 3896; x_wconf 74' lang='grc' dir='ltr'>διεξάγοις</span> <span class='ocrx_word' id='word_1_329' title='bbox 1561 3833 1716 3896; x_wconf 75' lang='grc' dir='ltr'>λόγον</span> 
     </span>
     <span class='ocr_line' id='line_1_42' title="bbox 656 3898 1717 3964; baseline -0.002 -16"><span class='ocrx_word' id='word_1_330' title='bbox 656 3900 734 3948; x_wconf 72' lang='grc' dir='ltr'>καὶ</span> <span class='ocrx_word' id='word_1_331' title='bbox 770 3899 892 3957; x_wconf 78' lang='grc' dir='ltr'><strong><em>βίον,</em></strong></span> <span class='ocrx_word' id='word_1_332' title='bbox 938 3899 1022 3948; x_wconf 69' lang='grc' dir='ltr'>καὶ</span> <span class='ocrx_word' id='word_1_333' title='bbox 1061 3902 1117 3948; x_wconf 74' lang='grc' dir='ltr'>τὸ</span> <span class='ocrx_word' id='word_1_334' title='bbox 1159 3901 1286 3964; x_wconf 56' lang='lat' dir='ltr'>lepor</span> <span class='ocrx_word' id='word_1_335' title='bbox 1321 3902 1468 3948; x_wconf 75' lang='grc' dir='ltr'>τοῦτο</span> <span class='ocrx_word' id='word_1_336' title='bbox 1501 3898 1717 3957; x_wconf 74' lang='grc' dir='ltr'>ποίμνιον</span> 
     </span>
     <span class='ocr_line' id='line_1_43' title="bbox 655 3963 1715 4025; baseline -0.002 -13"><span class='ocrx_word' id='word_1_337' title='bbox 655 3965 928 4024; x_wconf 72' lang='grc' dir='ltr'>ποιμαίνοις,</span> <span class='ocrx_word' id='word_1_338' title='bbox 951 3983 994 4013; x_wconf 88' lang='grc' dir='ltr'>κ.</span> <span class='ocrx_word' id='word_1_339' title='bbox 1018 3983 1063 4012; x_wconf 80' lang='grc' dir='ltr'>τ.</span> <span class='ocrx_word' id='word_1_340' title='bbox 1088 3965 1246 4013; x_wconf 75' lang='grc' dir='ltr'>λ.-8.</span> <span class='ocrx_word' id='word_1_341' title='bbox 1265 3963 1410 4025; x_wconf 79' lang='lat' dir='ltr'>Greg.</span> <span class='ocrx_word' id='word_1_342' title='bbox 1433 3963 1556 4013; x_wconf 62' lang='grc' dir='ltr'>Νη.</span> <span class='ocrx_word' id='word_1_343' title='bbox 1577 3964 1715 4013; x_wconf 72' lang='lat' dir='ltr'>Orat.</span> 
     </span>
     <span class='ocr_line' id='line_1_44' title="bbox 656 4028 1715 4093; baseline 0.001 -16"><span class='ocrx_word' id='word_1_344' title='bbox 656 4029 799 4077; x_wconf 82' lang='lat' dir='ltr'>xviii.</span> <span class='ocrx_word' id='word_1_345' title='bbox 847 4030 902 4078; x_wconf 88' lang='lat' dir='ltr'>in</span> <span class='ocrx_word' id='word_1_346' title='bbox 941 4028 1073 4078; x_wconf 77' lang='lat' dir='ltr'>laud.</span> <span class='ocrx_word' id='word_1_347' title='bbox 1112 4028 1160 4078; x_wconf 83' lang='lat' dir='ltr'>S.</span> <span class='ocrx_word' id='word_1_348' title='bbox 1196 4029 1343 4092; x_wconf 81' lang='lat' dir='ltr'>Cypr.</span> <span class='ocrx_word' id='word_1_349' title='bbox 1378 4029 1489 4093; x_wconf 67' lang='lat' dir='ltr'>Op„</span> <span class='ocrx_word' id='word_1_350' title='bbox 1527 4034 1648 4078; x_wconf 83' lang='lat' dir='ltr'>tom.</span> <span class='ocrx_word' id='word_1_351' title='bbox 1681 4029 1715 4078; x_wconf 89' lang='lat' dir='ltr'>i.</span> 
     </span>
     <span class='ocr_line' id='line_1_45' title="bbox 656 4092 955 4157; baseline 0.007 -16"><span class='ocrx_word' id='word_1_352' title='bbox 656 4107 706 4157; x_wconf 82' lang='lat' dir='ltr'>p.</span> <span class='ocrx_word' id='word_1_353' title='bbox 733 4096 845 4143; x_wconf 82' lang='lat'>286.</span> <span class='ocrx_word' id='word_1_354' title='bbox 870 4092 955 4155; x_wconf 72' lang='lat' dir='ltr'>R]</span> 
     </span>
    </p>

    <p class='ocr_par' dir='ltr' id='par_1_12' title="bbox 658 4157 1724 4480">
     <span class='ocr_line' id='line_1_46' title="bbox 722 4157 1720 4223; baseline -0.001 -16"><span class='ocrx_word' id='word_1_355' title='bbox 722 4167 744 4191; x_wconf 88' lang='lat'>⁰</span> <span class='ocrx_word' id='word_1_356' title='bbox 782 4158 943 4223; x_wconf 83' lang='lat' dir='ltr'>[vide</span> <span class='ocrx_word' id='word_1_357' title='bbox 981 4157 1194 4207; x_wconf 85' lang='lat' dir='ltr'>Billium</span> <span class='ocrx_word' id='word_1_358' title='bbox 1230 4159 1286 4207; x_wconf 90' lang='lat' dir='ltr'>in</span> <span class='ocrx_word' id='word_1_359' title='bbox 1327 4160 1464 4208; x_wconf 76' lang='lat' dir='ltr'>Orat.</span> <span class='ocrx_word' id='word_1_360' title='bbox 1487 4158 1631 4207; x_wconf 77' lang='lat' dir='ltr'>xviii.</span> <span class='ocrx_word' id='word_1_361' title='bbox 1669 4157 1720 4207; x_wconf 77' lang='lat' dir='ltr'>S.</span> 
     </span>
     <span class='ocr_line' id='line_1_47' title="bbox 658 4223 1722 4335; baseline 0.001 -63"><span class='ocrx_word' id='word_1_362' title='bbox 658 4223 807 4284; x_wconf 82' lang='lat' dir='ltr'>Greg.</span> <span class='ocrx_word' id='word_1_363' title='bbox 827 4224 951 4273; x_wconf 63' lang='grc' dir='ltr'>Νη.</span> <span class='ocrx_word' id='word_1_364' title='bbox 973 4223 1101 4285; x_wconf 89' lang='lat' dir='ltr'>(Op.,</span> <span class='ocrx_word' id='word_1_365' title='bbox 1127 4228 1249 4272; x_wconf 76' lang='lat' dir='ltr'>tom.</span> <span class='ocrx_word' id='word_1_366' title='bbox 1265 4224 1320 4272; x_wconf 90' lang='lat' dir='ltr'>ii.</span> <span class='ocrx_word' id='word_1_367' title='bbox 1344 4224 1435 4272; x_wconf 86' lang='lat' dir='ltr'>eol.</span> <span class='ocrx_word' id='word_1_368' title='bbox 1455 4226 1566 4283; x_wconf 84' lang='grc'><strong>686,</strong></span> <span class='ocrx_word' id='word_1_369' title='bbox 1585 4223 1722 4335; x_wconf 50' lang='grc'>6873</span> 
     </span>
     <span class='ocr_line' id='line_1_48' title="bbox 658 4288 1685 4400; baseline 0 -65"><span class='ocrx_word' id='word_1_370' title='bbox 658 4290 745 4400; x_wconf 70' lang='grc' dir='ltr'>(ξυί</span> <span class='ocrx_word' id='word_1_371' title='bbox 778 4304 885 4338; x_wconf 83' lang='lat' dir='ltr'>rem</span> <span class='ocrx_word' id='word_1_372' title='bbox 923 4292 1083 4337; x_wconf 80' lang='lat' dir='ltr'>totam</span> <span class='ocrx_word' id='word_1_373' title='bbox 1109 4289 1181 4338; x_wconf 83' lang='lat' dir='ltr'>ita</span> <span class='ocrx_word' id='word_1_374' title='bbox 1204 4288 1491 4344; x_wconf 80' lang='lat' dir='ltr'>concludit;</span> <span class='ocrx_word' id='word_1_375' title='bbox 1534 4293 1562 4314; x_wconf 83' lang='lat'>‘⁸</span> <span class='ocrx_word' id='word_1_376' title='bbox 1586 4289 1685 4337; x_wconf 81' lang='lat' dir='ltr'>lllu</span> 
     </span>
     <span class='ocr_line' id='line_1_49' title="bbox 661 4352 1721 4415; baseline 0.003 -17"><span class='ocrx_word' id='word_1_377' title='bbox 661 4369 677 4398; x_wconf 78' lang='grc' dir='ltr'>ι</span> <span class='ocrx_word' id='word_1_378' title='bbox 698 4353 903 4410; x_wconf 85' lang='lat' dir='ltr'>ieemus,</span> <span class='ocrx_word' id='word_1_379' title='bbox 926 4352 1037 4401; x_wconf 84' lang='lat' dir='ltr'>fieri</span> <span class='ocrx_word' id='word_1_380' title='bbox 1058 4353 1264 4403; x_wconf 79' lang='lat' dir='ltr'>sortasse</span> <span class='ocrx_word' id='word_1_381' title='bbox 1288 4352 1524 4415; x_wconf 73' lang='lat' dir='ltr'>potuisse,</span> <span class='ocrx_word' id='word_1_382' title='bbox 1541 4358 1600 4401; x_wconf 83' lang='lat' dir='ltr'>ut</span> <span class='ocrx_word' id='word_1_383' title='bbox 1616 4390 1629 4402; x_wconf 93' lang='lat'>.</span> <span class='ocrx_word' id='word_1_384' title='bbox 1644 4390 1656 4401; x_wconf 91' lang='lat'>.</span> <span class='ocrx_word' id='word_1_385' title='bbox 1676 4389 1688 4402; x_wconf 92' lang='lat'>.</span> <span class='ocrx_word' id='word_1_386' title='bbox 1709 4388 1721 4401; x_wconf 93' lang='lat'>.</span> 
     </span>
     <span class='ocr_line' id='line_1_50' title="bbox 662 4416 1724 4480; baseline 0.002 -16"><span class='ocrx_word' id='word_1_387' title='bbox 662 4417 931 4478; x_wconf 81' lang='lat' dir='ltr'>Gregorius</span> <span class='ocrx_word' id='word_1_388' title='bbox 953 4418 1009 4464; x_wconf 91' lang='lat' dir='ltr'>in</span> <span class='ocrx_word' id='word_1_389' title='bbox 1031 4416 1224 4466; x_wconf 82' lang='lat' dir='ltr'>duobus</span> <span class='ocrx_word' id='word_1_390' title='bbox 1244 4418 1467 4480; x_wconf 82' lang='lat' dir='ltr'>ejusdem</span> <span class='ocrx_word' id='word_1_391' title='bbox 1501 4419 1724 4467; x_wconf 85' lang='lat' dir='ltr'>nominis</span> 
     </span>
    </p>
   </div>
   <div class='ocr_carea' id='block_1_6' title="bbox 662 4482 1722 4609">
    <p class='ocr_par' dir='ltr' id='par_1_13' title="bbox 662 4482 1722 4609">
     <span class='ocr_line' id='line_1_51' title="bbox 664 4482 1722 4546; baseline 0.005 -19"><span class='ocrx_word' id='word_1_392' title='bbox 664 4482 801 4538; x_wconf 77' lang='lat' dir='ltr'>viris,</span> <span class='ocrx_word' id='word_1_393' title='bbox 839 4482 1212 4542; x_wconf 83' lang='lat' dir='ltr'>multarumque</span> <span class='ocrx_word' id='word_1_394' title='bbox 1267 4483 1722 4546; x_wconf 81' lang='lat' dir='ltr'>pulcherrimarum</span> 
     </span>
     <span class='ocr_line' id='line_1_52' title="bbox 662 4545 1720 4609; baseline 0.006 -18"><span class='ocrx_word' id='word_1_395' title='bbox 662 4560 827 4592; x_wconf 85' lang='lat' dir='ltr'>rerum</span> <span class='ocrx_word' id='word_1_396' title='bbox 884 4545 1223 4594; x_wconf 84' lang='lat' dir='ltr'>similitudine</span> <span class='ocrx_word' id='word_1_397' title='bbox 1266 4548 1565 4609; x_wconf 70' lang='lat' dir='ltr'>conjunctiS,</span> <span class='ocrx_word' id='word_1_398' title='bbox 1615 4549 1720 4596; x_wconf 78' lang='lat' dir='ltr'>An-</span> 
     </span>
    </p>
   </div>
   <div class='ocr_carea' id='block_1_7' title="bbox 1798 3442 2872 4616">
    <p class='ocr_par' dir='ltr' id='par_1_14' title="bbox 1799 3442 2678 3573">
     <span class='ocr_line' id='line_1_53' title="bbox 1799 3442 2678 3506; baseline 0.001 -13"><span class='ocrx_word' id='word_1_399' title='bbox 1799 3442 2037 3493; x_wconf 75' lang='lat' dir='ltr'>tiocheno</span> <span class='ocrx_word' id='word_1_400' title='bbox 2112 3443 2357 3493; x_wconf 79' lang='lat' dir='ltr'>nonnulla</span> <span class='ocrx_word' id='word_1_401' title='bbox 2425 3444 2678 3506; x_wconf 80' lang='lat' dir='ltr'>tribuerit,</span> 
     </span>
     <span class='ocr_line' id='line_1_54' title="bbox 1800 3508 2426 3573; baseline 0 -15"><span class='ocrx_word' id='word_1_402' title='bbox 1800 3508 1977 3571; x_wconf 82' lang='lat' dir='ltr'>Aphro</span> <span class='ocrx_word' id='word_1_403' title='bbox 1999 3508 2426 3573; x_wconf 73' lang='lat' dir='ltr'>conveniebant.’&#39;]</span> 
     </span>
    </p>

    <p class='ocr_par' dir='ltr' id='par_1_15' title="bbox 1798 3572 2872 4616">
     <span class='ocr_line' id='line_1_55' title="bbox 1867 3572 2860 3638; baseline 0.002 -17"><span class='ocrx_word' id='word_1_404' title='bbox 1867 3582 1888 3612; x_wconf 80' lang='grc' dir='ltr'><strong>Ρ</strong></span> <span class='ocrx_word' id='word_1_405' title='bbox 1925 3574 2114 3636; x_wconf 78' lang='grc' dir='ltr'>[Ταῦτα</span> <span class='ocrx_word' id='word_1_406' title='bbox 2147 3575 2225 3623; x_wconf 75' lang='grc' dir='ltr'>καὶ</span> <span class='ocrx_word' id='word_1_407' title='bbox 2257 3574 2405 3623; x_wconf 76' lang='grc' dir='ltr'><strong><em>πλείω</em></strong></span> <span class='ocrx_word' id='word_1_408' title='bbox 2431 3572 2612 3623; x_wconf 73' lang='grc' dir='ltr'>τούτων</span> <span class='ocrx_word' id='word_1_409' title='bbox 2633 3575 2860 3638; x_wconf 70' lang='grc' dir='ltr'>ἐπιφημί-</span> 
     </span>
     <span class='ocr_line' id='line_1_56' title="bbox 1802 3638 2862 3703; baseline 0.002 -16"><span class='ocrx_word' id='word_1_410' title='bbox 1802 3638 1965 3701; x_wconf 74' lang='grc' dir='ltr'>ζουσα,</span> <span class='ocrx_word' id='word_1_411' title='bbox 2013 3639 2092 3686; x_wconf 74' lang='grc' dir='ltr'>καὶ</span> <span class='ocrx_word' id='word_1_412' title='bbox 2135 3640 2230 3697; x_wconf 69' lang='grc' dir='ltr'>τὴν</span> <span class='ocrx_word' id='word_1_413' title='bbox 2275 3640 2505 3699; x_wconf 69' lang='grc' dir='ltr'>παρθένον</span> <span class='ocrx_word' id='word_1_414' title='bbox 2541 3639 2726 3703; x_wconf 74' lang='grc' dir='ltr'>Μαρίαν</span> <span class='ocrx_word' id='word_1_415' title='bbox 2764 3643 2862 3689; x_wconf 76' lang='grc' dir='ltr'>ἱκε-</span> 
     </span>
     <span class='ocr_line' id='line_1_57' title="bbox 1800 3701 2866 3766; baseline 0.003 -14"><span class='ocrx_word' id='word_1_416' title='bbox 1800 3701 2010 3752; x_wconf 74' lang='grc' dir='ltr'>τεύουσα</span> <span class='ocrx_word' id='word_1_417' title='bbox 2031 3707 2262 3762; x_wconf 79' lang='grc' dir='ltr'>βοηθῆσαι</span> <span class='ocrx_word' id='word_1_418' title='bbox 2277 3702 2492 3766; x_wconf 70' lang='grc' dir='ltr'>παρθένῳ</span> <span class='ocrx_word' id='word_1_419' title='bbox 2510 3704 2866 3763; x_wconf 74' lang='grc' dir='ltr'>κινδυνευούσῃ.</span> 
     </span>
     <span class='ocr_line' id='line_1_58' title="bbox 1798 3769 2867 3833; baseline 0.003 -16"><span class='ocrx_word' id='word_1_420' title='bbox 1798 3770 1855 3818; x_wconf 82' lang='grc' dir='ltr'>τὸ</span> <span class='ocrx_word' id='word_1_421' title='bbox 1886 3769 1974 3824; x_wconf 75' lang='grc' dir='ltr'>τῆς</span> <span class='ocrx_word' id='word_1_422' title='bbox 2011 3769 2232 3826; x_wconf 70' lang='grc' dir='ltr'><strong><em>νηστείας</em></strong></span> <span class='ocrx_word' id='word_1_423' title='bbox 2263 3770 2343 3818; x_wconf 76' lang='grc' dir='ltr'>καὶ</span> <span class='ocrx_word' id='word_1_424' title='bbox 2371 3769 2627 3830; x_wconf 77' lang='grc' dir='ltr'><strong><em>χαμευνίας</em></strong></span> <span class='ocrx_word' id='word_1_425' title='bbox 2656 3770 2867 3833; x_wconf 71' lang='grc' dir='ltr'>προβάλ-</span> 
     </span>
     <span class='ocr_line' id='line_1_59' title="bbox 1800 3830 2863 3896; baseline 0.002 -14"><span class='ocrx_word' id='word_1_426' title='bbox 1800 3844 1940 3883; x_wconf 75' lang='grc' dir='ltr'>λεται</span> <span class='ocrx_word' id='word_1_427' title='bbox 1975 3830 2354 3894; x_wconf 56' lang='grc' dir='ltr'>φέρωσι-8.</span> <span class='ocrx_word' id='word_1_428' title='bbox 2382 3834 2531 3896; x_wconf 83' lang='lat' dir='ltr'>Greg.</span> <span class='ocrx_word' id='word_1_429' title='bbox 2562 3833 2612 3882; x_wconf 84' lang='lat' dir='ltr'>N</span> <span class='ocrx_word' id='word_1_430' title='bbox 2616 3850 2686 3883; x_wconf 74' lang='lat' dir='ltr'>az.</span> <span class='ocrx_word' id='word_1_431' title='bbox 2723 3837 2863 3884; x_wconf 70' lang='lat' dir='ltr'>Orat.</span> 
     </span>
     <span class='ocr_line' id='line_1_60' title="bbox 1802 3896 2863 4010; baseline 0.002 -64"><span class='ocrx_word' id='word_1_432' title='bbox 1802 3899 1943 3946; x_wconf 81' lang='lat' dir='ltr'>xviii.</span> <span class='ocrx_word' id='word_1_433' title='bbox 1986 3897 2054 4010; x_wconf 70' lang='lat' dir='ltr'>iili)</span> <span class='ocrx_word' id='word_1_434' title='bbox 2074 3896 2206 3947; x_wconf 76' lang='lat' dir='ltr'>laud.</span> <span class='ocrx_word' id='word_1_435' title='bbox 2253 3897 2470 3962; x_wconf 79' lang='lat' dir='ltr'>S.Cypr.</span> <span class='ocrx_word' id='word_1_436' title='bbox 2514 3898 2625 3962; x_wconf 80' lang='lat' dir='ltr'>Op..</span> <span class='ocrx_word' id='word_1_437' title='bbox 2671 3903 2792 3950; x_wconf 79' lang='lat' dir='ltr'>tom.</span> <span class='ocrx_word' id='word_1_438' title='bbox 2826 3900 2863 3949; x_wconf 86' lang='lat' dir='ltr'>i.</span> 
     </span>
     <span class='ocr_line' id='line_1_61' title="bbox 1803 3961 2868 4092; baseline -0.002 -13"><span class='ocrx_word' id='word_1_439' title='bbox 1803 3977 1837 4026; x_wconf 78' lang='lat' dir='ltr'>p</span> <span class='ocrx_word' id='word_1_440' title='bbox 1872 4037 1895 4068; x_wconf 75' lang='lat'>‘¹</span> <span class='ocrx_word' id='word_1_441' title='bbox 1933 3961 2264 4092; x_wconf 62' lang='lat' dir='ltr'>[XMiim-ydp</span> <span class='ocrx_word' id='word_1_442' title='bbox 2284 4028 2468 4078; x_wconf 65' lang='grc' dir='ltr'>ἔστιτὸ</span> <span class='ocrx_word' id='word_1_443' title='bbox 2483 4030 2686 4088; x_wconf 59' lang='lat' dir='ltr'>affirma)</span> <span class='ocrx_word' id='word_1_444' title='bbox 2706 4032 2868 4092; x_wconf 71' lang='grc' dir='ltr'><strong><em>’γραὸν</em></strong></span> 
     </span>
     <span class='ocr_line' id='line_1_62' title="bbox 1805 4091 2867 4174; baseline 0.002 -32"><span class='ocrx_word' id='word_1_445' title='bbox 1805 4094 1833 4142; x_wconf 77' lang='grc' dir='ltr'><strong><em>ὁ</em></strong></span> <span class='ocrx_word' id='word_1_446' title='bbox 1852 4096 2010 4156; x_wconf 79' lang='grc' dir='ltr'>μῦθος,</span> <span class='ocrx_word' id='word_1_447' title='bbox 2047 4097 2110 4145; x_wconf 72' lang='grc' dir='ltr'>ὥς</span> <span class='ocrx_word' id='word_1_448' title='bbox 2131 4092 2294 4174; x_wconf 43' lang='grc' dir='ltr'>εἰπεῖν,</span> <span class='ocrx_word' id='word_1_449' title='bbox 2325 4096 2413 4153; x_wconf 76' lang='grc' dir='ltr'>τῆς</span> <span class='ocrx_word' id='word_1_450' title='bbox 2434 4091 2660 4156; x_wconf 67' lang='grc' dir='ltr'>αἱρέσεως</span> <span class='ocrx_word' id='word_1_451' title='bbox 2679 4095 2739 4144; x_wconf 79' lang='grc' dir='ltr'>τὸ</span> <span class='ocrx_word' id='word_1_452' title='bbox 2761 4096 2867 4152; x_wconf 75' lang='grc' dir='ltr'>διή-</span> 
     </span>
     <span class='ocr_line' id='line_1_63' title="bbox 1806 4159 2870 4287; baseline 0.002 -16"><span class='ocrx_word' id='word_1_453' title='bbox 1806 4159 2172 4282; x_wconf 49' lang='grc' dir='ltr'>Ζῖἲέουῖοξῧξς</span> <span class='ocrx_word' id='word_1_454' title='bbox 2183 4160 2870 4287; x_wconf 48' lang='grc' dir='ltr'>τῐῗρῖιςηαῖἒνδιέπέτρεαῖῗνπξςῖ</span> 
     </span>
     <span class='ocr_line' id='line_1_64' title="bbox 1811 4289 2871 4352; baseline 0.001 -14"><span class='ocrx_word' id='word_1_455' title='bbox 1811 4295 1991 4352; x_wconf 73' lang='grc' dir='ltr'>θρωπον</span> <span class='ocrx_word' id='word_1_456' title='bbox 2021 4291 2398 4352; x_wconf 75' lang='grc' dir='ltr'>προσκυνεῖσθαι,</span> <span class='ocrx_word' id='word_1_457' title='bbox 2437 4290 2493 4338; x_wconf 71' lang='grc' dir='ltr'>οὐ</span> <span class='ocrx_word' id='word_1_458' title='bbox 2527 4289 2625 4349; x_wconf 78' lang='grc' dir='ltr'>μὴν</span> <span class='ocrx_word' id='word_1_459' title='bbox 2661 4292 2871 4350; x_wconf 75' lang='grc' dir='ltr'>γυναῖκα</span> 
     </span>
     <span class='ocr_line' id='line_1_65' title="bbox 1811 4352 2864 4416; baseline 0.001 -14"><span class='ocrx_word' id='word_1_460' title='bbox 1811 4354 2007 4414; x_wconf 69' lang='grc' dir='ltr'>λέγεινς</span> <span class='ocrx_word' id='word_1_461' title='bbox 2065 4354 2308 4416; x_wconf 72' lang='grc' dir='ltr'>ἐξαίρετον</span> <span class='ocrx_word' id='word_1_462' title='bbox 2358 4353 2448 4413; x_wconf 70' lang='grc' dir='ltr'>μὲν</span> <span class='ocrx_word' id='word_1_463' title='bbox 2501 4352 2597 4416; x_wconf 75' lang='grc' dir='ltr'>’γάρ</span> <span class='ocrx_word' id='word_1_464' title='bbox 2649 4355 2760 4404; x_wconf 63' lang='grc' dir='ltr'>ἐστι</span> <span class='ocrx_word' id='word_1_465' title='bbox 2805 4356 2864 4403; x_wconf 72' lang='grc' dir='ltr'>τὸ</span> 
     </span>
     <span class='ocr_line' id='line_1_66' title="bbox 1812 4417 2871 4481; baseline -0.001 -14"><span class='ocrx_word' id='word_1_466' title='bbox 1812 4421 1998 4479; x_wconf 78' lang='grc' dir='ltr'>σκεῦος,</span> <span class='ocrx_word' id='word_1_467' title='bbox 2022 4419 2153 4468; x_wconf 73' lang='grc' dir='ltr'>ἀλλὰ</span> <span class='ocrx_word' id='word_1_468' title='bbox 2175 4417 2314 4478; x_wconf 73' lang='grc' dir='ltr'><strong><em>γυνὴ,</em></strong></span> <span class='ocrx_word' id='word_1_469' title='bbox 2337 4420 2417 4468; x_wconf 76' lang='grc' dir='ltr'>καὶ</span> <span class='ocrx_word' id='word_1_470' title='bbox 2441 4418 2576 4467; x_wconf 77' lang='grc' dir='ltr'>οὐδὲν</span> <span class='ocrx_word' id='word_1_471' title='bbox 2608 4422 2701 4478; x_wconf 80' lang='grc' dir='ltr'>τὴν</span> <span class='ocrx_word' id='word_1_472' title='bbox 2722 4418 2871 4481; x_wconf 72' lang='grc' dir='ltr'><strong><em>φύσιν</em></strong></span> 
     </span>
     <span class='ocr_line' id='line_1_67' title="bbox 1809 4481 2872 4547; baseline 0.001 -16"><span class='ocrx_word' id='word_1_473' title='bbox 1809 4485 2203 4547; x_wconf 75' lang='grc' dir='ltr'>παρηλλαγμένη,</span> <span class='ocrx_word' id='word_1_474' title='bbox 2226 4483 2317 4541; x_wconf 75' lang='grc' dir='ltr'>τὴν</span> <span class='ocrx_word' id='word_1_475' title='bbox 2340 4483 2391 4533; x_wconf 78' lang='grc' dir='ltr'>δὲ</span> <span class='ocrx_word' id='word_1_476' title='bbox 2423 4481 2631 4544; x_wconf 70' lang='grc' dir='ltr'><strong><em>γνώμην,</em></strong></span> <span class='ocrx_word' id='word_1_477' title='bbox 2666 4485 2746 4533; x_wconf 73' lang='grc' dir='ltr'>καὶ</span> <span class='ocrx_word' id='word_1_478' title='bbox 2775 4485 2872 4542; x_wconf 71' lang='grc' dir='ltr'>τὴν</span> 
     </span>
     <span class='ocr_line' id='line_1_68' title="bbox 1810 4548 2866 4616; baseline 0 -18"><span class='ocrx_word' id='word_1_479' title='bbox 1810 4553 2029 4609; x_wconf 70' lang='grc' dir='ltr'>αἴσθησιν</span> <span class='ocrx_word' id='word_1_480' title='bbox 2045 4553 2097 4599; x_wconf 75' lang='grc' dir='ltr'>ἐν</span> <span class='ocrx_word' id='word_1_481' title='bbox 2119 4553 2233 4616; x_wconf 73' lang='grc' dir='ltr'>τιμῇ</span> <span class='ocrx_word' id='word_1_482' title='bbox 2247 4548 2668 4611; x_wconf 52' lang='lat' dir='ltr'>“Ummium—S.</span> <span class='ocrx_word' id='word_1_483' title='bbox 2681 4549 2866 4613; x_wconf 84' lang='lat' dir='ltr'>Epiph.</span> 
     </span>
    </p>
   </div>
   <div class='ocr_carea' id='block_1_8' title="bbox 2747 3462 2862 3509">
    <p class='ocr_par' dir='ltr' id='par_1_16' title="bbox 2747 3462 2862 3509">
     <span class='ocr_line' id='line_1_69' title="bbox 2747 3462 2862 3509; baseline 0.009 -14"><span class='ocrx_word' id='word_1_484' title='bbox 2747 3462 2862 3509; x_wconf 79' lang='lat' dir='ltr'>quae</span> 
     </span>
    </p>
   </div>
  </div>
 </body>
</html>
