3165 4959
463 1752 670 1815 [populo

463 1824 635 1866 tamen
657 1830 741 1879 po-

463 1885 697 1930 testatem

464 1960 605 1994 suam
627 1946 684 1994 in

462 2009 639 2058 habitu
665 2023 734 2058 re·

465 2071 696 2136 tinente]

548 2256 677 2317 308

790 311 920 371 426
1414 320 1499 367 An
1545 316 1928 371 cAamNAHS
1973 316 2374 364 mmmm

787 498 1137 561 regnorum,
1181 475 1294 540 ubi
1342 475 1479 539 fieri
1519 475 1643 540 hoo
1692 473 2049 539 Cardinalis
2094 474 2231 556 ipse
2276 473 2465 557 paulo
2504 480 2652 556 post
2697 475 2931 538 asserit
2957 474 3008 537 ¹¹.

792 582 919 645 Sed
951 601 1099 643 oum
1131 579 1369 643 electos
1413 601 1453 641 a
1492 578 1636 641 Deo
1673 578 1955 654 Saulem,
1997 584 2063 641 et
2105 577 2441 656 Davidem,
2487 598 2622 640 nou
2667 578 2796 642 nisi
2828 600 3007 642 acce-

789 685 971 747 dente
998 691 1145 768 post
1162 683 1384 764 populi
1414 683 1709 745 electione
1740 683 1948 764 Reges
1976 681 2068 744 ait
2099 680 2313 759 fuisse,
2347 702 2549 765 eaque
2586 703 2754 764 opus
2798 682 3007 746 habu·

788 789 935 865 isse,
966 795 1042 850 ut
1072 793 1290 850 essent
1328 785 1760 849 consummati
1780 783 1832 847 ¹:
1889 783 2317 868 suspicionem
2347 784 2563 849 nescio
2596 807 2793 867 quam
2823 785 3000 864 facit,

790 891 975 974 quasi
1025 890 1108 953 ad
1159 889 1439 972 cujusvis
1487 888 1685 972 Regis
1734 888 2261 952 constitutionem
2296 890 2519 970 populi
2563 910 2825 971 quoque
2867 911 3004 952 con-

788 1014 1035 1057 sensum
1077 992 1469 1057 intervenire
1519 998 1833 1075 oporteat.
1924 993 2101 1055 Nam
2141 992 2195 1055 si
2240 1013 2450 1075 neque
2501 992 2720 1056 Deum
2766 992 3002 1076 eligere

786 1098 940 1160 sinit
974 1100 1204 1181 RegeS,
1237 1097 1376 1161 sine
1402 1097 1626 1177 populi
1653 1094 1958 1178 euffroqio
1982 1120 2004 1168 ;
2049 1096 2154 1159 vix
2185 1094 2330 1173 erit,
2360 1102 2437 1159 ιιι
2467 1095 2610 1177 quis
2642 1095 2724 1159 ab
2768 1117 2850 1159 eo
2887 1117 2999 1179 pro

791 1203 968 1284 Rege
997 1201 1330 1278 habeatur,
1364 1200 1489 1263 nisi
1519 1207 1589 1262 et
1617 1221 1807 1262 suum
1825 1198 2005 1280 plebs
2036 1219 2291 1281 quoque
2320 1198 2639 1262 calculum
2671 1198 2999 1283 adjecerit.

788 1307 877 1368 Et
909 1306 962 1368 si
991 1328 1123 1369 non
1156 1305 1332 1383 Saul,
1365 1325 1497 1367 non
1527 1302 1760 1381 David,
1791 1323 1913 1366 nec
1940 1302 2113 1365 ullus
2143 1302 2439 1384 denique.

852 1459 1032 1523 Neque
1055 1458 1147 1509 illa
1168 1458 1420 1508 sententia
1447 1462 1525 1506 est
1552 1456 1754 1520 proprie
1774 1470 1899 1515 mea,
1924 1454 2070 1513 Quod
2097 1455 2315 1519 populus
2339 1469 2601 1519 nunquam
2625 1456 2703 1506 ita
2733 1457 3001 1507 mussent

916 1545 1216 1604 potestatem
1246 1553 1389 1589 suam
1424 1540 1480 1587 in
1514 1538 1723 1601 Regem,
1754 1538 1880 1601 quin
1915 1537 2059 1587 illam
2095 1536 2195 1585 sibi
2234 1537 2292 1585 ιιι
2323 1535 2503 1587 habitu
2537 1538 3000 1603 retineat—[Bell.

917 1623 1068 1686 Apol.
1093 1637 1184 1686 pro
1205 1620 1379 1685 Resp.]
1404 1635 1452 1684 p.
1474 1620 1586 1671 173.
1628 1619 1744 1685 [Op.
1763 1624 1887 1668 tom.
1909 1619 1996 1667 vii.
2020 1618 2115 1668 eol.
2140 1620 2250 1668 802.
2277 1618 2369 1681 A.]

876 1742 1062 1819 Tum,
1095 1760 1238 1823 quae
1269 1738 1531 1815 deliciae,
1564 1736 1736 1801 nolle
1764 1757 1940 1799 suom
1957 1736 2220 1816 proprie
2258 1736 2629 1797 sententiam
2671 1736 2822 1814 diei,
2858 1759 2995 1820 quae

787 1865 901 1907 sua
933 1851 1152 1907 tamen
1182 1843 1386 1906 estm?
1482 1843 1658 1905 Nam
1691 1840 1759 1902 ni
1789 1860 1903 1901 sua
1950 1839 2053 1913 sit,
2086 1846 2151 1901 et
2190 1858 2474 1917 suorum,
2506 1838 2724 1902 deleta
2744 1841 2999 1923 jamdiu

788 1947 1014 2010 fuisset
1056 1946 1134 2008 de
1163 1945 1342 2010 libris
1371 1945 1672 2008 Auctoris
1700 1942 1894 2021 illiue,
1926 1941 1996 2005 in
2023 1942 2322 2004 Editione
2360 1942 2574 2024 aliqua
2599 1945 2998 2021 secundm-io,

793 2057 863 2112 ut
895 2047 1154 2131 quidem
1186 2047 1393 2111 multa
1416 2053 1569 2109 sunt
1589 2047 1728 2130 ejus
1746 2044 1977 2122 deleta,
2000 2066 2143 2127 quae
2165 2065 2296 2107 non
2319 2043 2474 2106 satis
2504 2065 2620 2127 pro
2644 2046 2997 2109 Pontifioe:

789 2158 882 2229 ut,
913 2151 1019 2213 ubi
1058 2152 1292 2212 nullam
1336 2152 1394 2212 ei
1424 2155 1803 2231 potestatem
1833 2149 2228 2228 temporalem
2258 2148 2503 2225 asserit,
2534 2168 2647 2211 nec
2674 2169 3000 2228 mamam,

790 2274 900 2316 nec
945 2252 1230 2332 mediam,
1268 2272 1378 2316 nec
1418 2253 1609 2314 imam
1627 2279 1647 2325 ;
1695 2252 1926 2314 nudam
1964 2273 2005 2313 a
2054 2251 2335 2313 donariis
2369 2252 2763 2332 Principum.
2859 2255 3002 2333 Illa,

790 2356 940 2439 quia
965 2356 1037 2419 in
1073 2356 1453 2420 Pontificem
1502 2355 1812 2433 aculeata,
1845 2354 2285 2417 animadversa
2322 2354 2544 2417 statim
2587 2363 2766 2431 sunt,
2809 2366 3004 2440 atque

788 2481 989 2524 erasa.
1082 2459 1265 2538 Haeo,
1299 2459 1448 2542 quia
1475 2456 1867 2523 Auctoritati
1900 2457 2118 2540 Regiae
2148 2457 2445 2522 nonnihil
2484 2457 2789 2523 videntur
2820 2461 3002 2527 dero-

790 2585 960 2648 gare,
991 2570 1201 2627 vestra
1229 2585 1374 2628 cum
1407 2563 1577 2626 bona
1608 2563 1792 2627 venia
1821 2569 1998 2625 stant
2020 2571 2087 2625 et
2116 2563 2439 2645 leguntur.
2487 2564 2574 2625 Et
2602 2570 2703 2627 est
2736 2566 3003 2648 quidem

791 2689 830 2731 a
865 2670 1097 2750 populo
1138 2668 1416 2729 Romano
1457 2666 1771 2729 translata
1797 2665 1866 2728 in
1897 2666 2269 2748 Augustum
2298 2673 2585 2749 potestas
2616 2688 2733 2730 sua
2765 2671 2997 2732 omnis..

793 2772 1036 2834 Verum
1083 2770 1171 2848 id,
1204 2769 1354 2851 quia
1380 2769 1556 2852 prius
1591 2769 1813 2831 Status
1853 2766 2067 2830 fuerat
2089 2768 2446 2848 Popularia,
2484 2774 2999 2853 potestatemque

785 2873 1097 2937 habuerat
1150 2872 1445 2956 populuS,
1501 2893 1692 2954 quam
1746 2878 1961 2954 posset
2015 2870 2379 2934 transferre.
2492 2871 2623 2934 Sed
2671 2871 2997 2937 idcircone

784 2977 1020 3059 passim
1072 2976 1243 3039 idem
1295 2976 1419 3039 hoe
1464 2974 1799 3038 obtinuit?
1866 2973 1980 3038 ubi
2026 2974 2106 3037 ab
2158 2973 2345 3037 initio
2406 2974 2817 3053 Monarchia,
2879 2998 2996 3040 nec

784 3086 1037 3142 mutata
1062 3101 1350 3161 unquam
1382 3100 1513 3141 una
1543 3078 1937 3161 Reipublicae
1968 3079 2208 3161 species
2238 3077 2306 3140 in
2339 3077 2605 3141 alteram
2624 3080 2655 3141 ⁴?
2748 3081 2997 3163 Populo

783 3188 999 3244 autem
1031 3182 1155 3244 Dei
1188 3181 1463 3244 liberum
1509 3202 1644 3244 non
1685 3192 1842 3260 erat,
1873 3181 2062 3244 initio
2109 3180 2233 3246 sibi
2281 3183 2527 3265 Regem
2576 3184 2994 3263 constituere,

780 3283 904 3346 nisi
942 3304 1132 3367 quem
1153 3271 1477 3347 'Dominus
1507 3285 1679 3347 Deus
1723 3287 2003 3367 eleyisset
2020 3295 2073 3348 ¹².
2164 3287 2396 3370 Neque
2427 3306 2576 3349 vero
2604 3286 2824 3368 legem
2855 3309 2994 3371 reg-

782 3386 979 3450 nandi
1007 3387 1127 3450 sibi
1160 3386 1388 3464 dicere,
1412 3387 1539 3450 nisi
1563 3409 1757 3470 quam
1785 3388 2043 3452 Samuel
2070 3389 2394 3472 Propheta
2423 3409 2502 3451 eso
2524 3391 2847 3454 voluntate
2875 3392 2995 3454 Dei

783 3491 1024 3553 loeutus
1055 3488 1276 3572 ficerat
1311 3489 1399 3552 ad
1431 3492 1750 3571 populum,
1782 3498 1844 3582 et
1872 3491 1938 3554 in
1969 3492 2125 3554 libro
2155 3493 2454 3573 scriptam
2484 3513 2697 3555 coram
2726 3494 2995 3558 Domino

782 3600 1143 3676 reposuerat
1165 3607 1214 3657 0.
1304 3595 1522 3678 Atque
1553 3595 1633 3658 ad
1678 3595 1802 3658 hoc
1841 3596 2203 3678 exemplum
2251 3596 2550 3680 componi
2600 3597 2996 3661 Christianos

775 3700 1037 3779 populos
1064 3718 1180 3781 par
1209 3704 1341 3761 est:
1375 3706 1448 3760 ut
1478 3698 1896 3781 (quaecunque
1927 3698 2190 3762 tandem
2220 3699 2306 3762 sit
2330 3699 2726 3783 Reipublicae
2754 3701 2995 3784 forma)

783 3823 1100 3865 summam
1145 3809 1364 3865 tamen
1407 3802 1475 3864 in
1519 3823 1596 3864 ea
1637 3808 2023 3885 potestatem
2068 3824 2200 3866 non
2246 3803 2505 3866 aliunde
2544 3810 2862 3893 etatuant,
2896 3806 2992 3869 vel

783 3906 1074 3984 derivari,
1106 3905 1207 3967 vel
1246 3905 1542 3988 pendere,
1576 3927 1769 3988 quam
1815 3905 1895 3969 ab
1928 3906 2082 3990 Ipso
2124 3908 2285 3970 De0.
2378 3907 2484 3971 Ab
2521 3928 2599 3970 eo
2630 3907 2880 3988 donati,
2913 3910 3015 3973 ab·

782 4030 876 4087 eo,
904 4028 1053 4071 cum
1081 4006 1287 4070 visum
1319 4007 1531 4087 fuerit,
1556 4030 1676 4072 nec
1707 4008 1830 4072 nisi
1860 4008 1942 4072 ab
1973 4030 2070 4085 eo,
2102 4010 2403 4074 revocari.
2472 4010 2795 4074 Lubricus
2817 4014 2989 4076 enim

849 4201 873 4234 ¹¹
908 4203 1055 4268 [Bell.
1091 4203 1240 4266 Apol.
1268 4218 1360 4267 pro
1385 4202 1530 4268 Resp.
1571 4203 1681 4269 Op„
1713 4208 1835 4254 tom.
1925 4204 2141 4256 Nam-ri
2174 4205 2359 4256 Releet.
2383 4206 2440 4254 in
2472 4212 2624 4268 eaput
2656 4209 2671 4233 ‘
2691 4205 2884 4256 Novit’
2916 4207 2986 4257 De

784 4261 871 4317 v'ii.
905 4269 999 4318 eol.
1023 4271 1133 4318 802.
1159 4267 1239 4332 Β]
1923 4270 1957 4319 J
1963 4271 2143 4320 udiciis
2168 4271 2214 4320 N
2221 4270 2338 4321 οιαὶ)
2370 4271 2445 4319 iii.
2472 4273 2626 4332 5120.
2652 4273 2767 4334 Op„
2793 4277 2918 4322 tom.
2935 4274 2983 4322 ii.

848 4331 862 4362 ¹
909 4331 1056 4397 [Bell.
1083 4333 1260 4395 Recog.
1292 4334 1380 4383 lib.
1406 4333 1478 4383 iii.
1498 4334 1560 4382 de
1586 4333 1766 4394 Laicis,
1790 4349 1839 4396 p.
1926 4349 1975 4397 p.
2003 4336 2113 4384 108.
2139 4336 2195 4385 C.
2219 4336 2280 4384 D.
2306 4335 2397 4383 col.
2419 4335 2490 4398 1.]

783 4399 830 4446 6.
849 4396 1012 4446 o-E.
1035 4397 1101 4446 ad
1124 4398 1237 4446 init.
1262 4398 1372 4461 Op„
1396 4402 1520 4447 tom.
1543 4398 1572 4447 i.
1990 4408 2014 4430 ¹²
2049 4399 2200 4449 Dent.
2224 4400 2346 4448 xvii.
2364 4401 2441 4448 15.

847 4469 880 4490 ⁸¹
915 4461 1075 4525 [citat
1095 4461 1224 4511 hane
1248 4463 1551 4512 sententiam
1649 4462 1835 4511 llarmi·
1987 4473 2009 4494 ⁰
2046 4466 2069 4511 1
2098 4464 2233 4513 Sam.
2259 4464 2343 4529 [al.
2368 4463 2510 4527 Reg]
2535 4479 2587 4513 x.
2613 4466 2689 4514 15.

782 4537 879 4571 nus
916 4539 943 4572 e
980 4524 1219 4573 Navarro.
1290 4526 1422 4575 vido
1460 4526 1607 4574 Mart.
1644 4527 1832 4588 Azpilc.
