3165 4959
923 344 1288 393 stomoma
1330 345 1696 394 nnsPoNsm.
2290 336 2423 400 459

198 493 389 574 dixit,
435 501 512 558 ut
556 495 696 560 haec
734 496 951 559 omnia
989 496 1154 559 nihil
1196 498 1336 581 jam
1381 496 1461 560 ad
1509 498 1829 561 rhombum
1849 508 1897 562 ¹¹.
1994 500 2130 579 Sin,
2169 522 2246 566 eo
2279 502 2420 566 hoec

196 597 476 660 adduxit
521 599 895 677 cardinalis,
926 607 1002 662 ut
1043 600 1358 662 adeundos
1401 601 1771 665 Sacerdotes
1810 600 2052 681 doceat,
2084 624 2292 666 eornm
2339 606 2418 668 ab

195 720 316 762 ore
355 702 547 783 legem
593 702 1029 783 requirendam
1049 729 1069 764 .-
1115 703 1416 768 sedentes
1447 723 1635 783 super
1679 703 2055 767 cathedram
2084 706 2290 769 Mosis
2321 709 2422 770 vel

198 804 568 867 Pharisoeos
623 805 964 867 audiendos
987 832 1006 866 :
1078 805 1433 868 Ecclesiam
1490 807 1589 868 vel
1648 827 1689 868 a
1745 807 1941 869 Petro
2000 808 2414 873 audiendam:

193 926 243 967 a
291 907 490 969 Petro
543 907 632 989 (et
675 928 836 990 quos
883 928 1031 970 cnm
1062 909 1255 971 Petro
1286 907 1458 970 dedit
1495 907 1867 994 pastores,)‘
1883 930 2023 973 oves
2070 910 2140 973 in
2185 932 2419 995 pascua

195 1010 559 1074 mittendas
579 1034 604 1074 z·
639 1012 783 1093 quis
835 1010 1069 1074 horum
1113 1011 1252 1094 jam
1303 1012 1647 1093 quicquam
1693 1020 1889 1096 negat
1906 1016 1935 1075 Ρ
2012 1015 2228 1078 Faciet
2278 1016 2418 1080 haec

195 1113 426 1176 omnia
468 1115 626 1191 Rex,
658 1134 781 1177 nec
821 1113 1099 1175 invitusz
1144 1112 1259 1176 ubi
1302 1121 1524 1176 tamen
1567 1113 1707 1177 haec
1749 1114 1967 1178 omnia
1993 1115 2234 1195 fecerit,
2268 1139 2417 1181 cum

196 1216 276 1278 in
309 1215 832 1295 Deuteronomio,
866 1217 1074 1280 dicere
1096 1215 1453 1301 jubeantur
1480 1216 1871 1295 Sacerdotes,
1892 1224 1959 1281 et
1989 1219 2207 1281 docere
2216 1221 2416 1300 juxta

195 1320 434 1400 Leqem
462 1322 607 1397 Dei,
639 1321 813 1402 leget
842 1320 1161 1400 eoeemplar
1191 1341 1377 1382 suum
1403 1320 1559 1398 Rex,
1597 1320 1789 1402 (quod
1818 1320 1941 1385 sibi
1970 1322 2322 1402 descripsit,
2345 1330 2417 1386 ut

193 1442 413 1487 secum
452 1422 761 1504 habeat⁰,)
793 1430 871 1485 ut
912 1421 1088 1501 sciat,
1123 1443 1206 1485 an
1236 1444 1315 1485 ex
1344 1444 1420 1486 ea
1449 1422 1899 1505 respondeant.
1988 1424 2046 1487 Ε
2094 1424 2418 1489 Malaohia

197 1524 364 1586 sciet
404 1525 613 1605 (versu
653 1524 747 1588 ibi
779 1524 1072 1606 proximo
1082 1524 1159 1605 P),
1193 1545 1232 1586 a
1264 1524 1483 1606 quibus
1520 1526 1838 1605 requirere
1873 1525 2141 1607 jubetur
2167 1527 2412 1609 Legem,

192 1648 314 1691 eos
365 1628 697 1692 interdum
753 1628 1043 1691 recedere
1093 1630 1170 1691 de
1218 1630 1343 1707 via,
1394 1635 1456 1691 et
1511 1630 1951 1692 scandalizare
1980 1632 2291 1711 plurimos
2347 1633 2417 1694 in

194 1731 371 1812 Lege
390 1758 410 1791 .-
458 1752 675 1813 quare,
704 1740 992 1795 mcurret
1037 1731 1250 1794 denuo
1277 1732 1363 1794 ad
1394 1733 1721 1815 exemplar
1762 1754 1972 1796 suum.
2062 1735 2126 1796 A
2155 1734 2415 1797 Christo

193 1842 424 1896 autem
454 1833 676 1911 discet,
707 1842 782 1896 ut
823 1833 1181 1897 Pharisaeos
1208 1855 1244 1896 e
1280 1835 1594 1897 Gathedra
1636 1836 1919 1898 docentes
1958 1836 2198 1914 audire,
2230 1835 2341 1914 ita,
2373 1858 2414 1899 a

197 1936 668 1998 Pharisoeonun
680 1934 996 2016 fermento
1008 1949 1056 2014 ¹¹,
1080 1936 1148 1999 id
1179 1944 1297 2015 est,
1331 1937 1627 2000 doctrina
1655 1938 1868 2021 aliqua
1895 1959 2134 2003 cavere.
2195 1940 2415 2002 Etiam

197 2040 509 2101 Pastores
552 2038 844 2121 reliquos,
878 2039 967 2101 sio
1011 2037 1248 2117 audiet,
1289 2047 1365 2102 ut
1411 2040 1776 2104 consultum
1819 2040 1941 2104 sibi
1986 2048 2173 2124 putet
2210 2042 2415 2127 (quod

200 2142 583 2205 Beroeenses
625 2143 848 2206 fecisse
894 2142 1069 2205 videt
1107 2144 1277 2206 viros
1323 2144 1577 2228 nobiles)
1616 2146 1895 2208 scrutari
1935 2146 2320 2226 Scripturas,
2356 2147 2413 2208 si

191 2248 333 2309 hoec
374 2248 470 2307 ita
503 2267 570 2308 ee
596 2245 863 2309 habeant
881 2250 923 2310 ¹.
1018 2246 1269 2309 Pascua
1311 2255 1506 2329 petet,
1538 2269 1661 2311 neo
1700 2248 1822 2311 sibi
1851 2248 2087 2311 Pastor
2124 2249 2266 2326 erit,
2299 2248 2414 2313 sed

191 2349 330 2413 sibi
380 2358 601 2413 tamen
652 2349 983 2433 gustabit:
1050 2357 1118 2412 et
1166 2349 1216 2411 si
1279 2371 1566 2412 amarum
1617 2349 1943 2432 pabulum,
1993 2358 2060 2412 et
2107 2352 2409 2429 noxium3

194 2454 506 2538 gustabit,
552 2462 629 2518 ut
682 2455 977 2520 Christus
1034 2460 1328 2529 acetum3
1393 2452 1565 2536 quod
1618 2473 1765 2520 cum
1816 2460 2151 2535 gustasset,
2200 2454 2407 2519 noluit

198 2558 439 2622 bibere.

265 2676 539 2740 Apostolos
573 2690 771 2739 quoque
814 2679 867 2725 et
903 2674 1180 2739 Prophetas
1222 2674 1455 2723 homines
1487 2674 1658 2733 fuisse,
1694 2677 1747 2722 et
1789 2676 1962 2722 tamen
2001 2674 2075 2723 eis
2117 2677 2231 2724 tuto
2266 2674 2403 2725 credi

333 2758 570 2821 potuisse.
593 2757 834 2820 quoniam
856 2771 960 2805 non
980 2761 1089 2805 erat
1111 2755 1332 2805 mendax
1356 2755 1595 2818 Spiritus,
1619 2755 1707 2817 qui
1743 2753 2044 2816 loquebatur
2075 2755 2130 2803 in
2164 2756 2253 2804 eis.
2321 2755 2405 2805 Sic

335 2875 348 2887 .
372 2875 385 2888 .
412 2837 638 2888 concilia
671 2838 901 2899 legitime
937 2841 1257 2899 congregata,
1296 2837 1470 2886 Patres
1504 2836 1736 2885 unanimi
1776 2850 2021 2885 consensu
2058 2835 2406 2899 proedicantes,

335 2920 474 2983 Papa
493 2921 550 2969 in
573 2918 823 2969 Cathedra
860 2953 874 2968 .
908 2955 922 2967 .
956 2918 1372 2983 sedena—[Bell.
1391 2918 1544 2980 Apol.
1565 2933 1660 2982 pro
1681 2917 1853 2982 Besp]
1891 2933 1941 2982 p.
1968 2919 2077 2968 188.
2112 2918 2244 2984 [Op.,
2282 2923 2404 2969 tom.

335 3002 425 3052 vii.
460 3002 554 3051 001.
580 3004 690 3051 816.
716 2999 796 3064 Β.]

289 3100 589 3164 Necdum
619 3099 767 3162 finis
802 3105 1058 3161 tamen:
1107 3095 1220 3160 sed
1263 3096 1521 3160 facessit
1566 3096 1692 3160 sibi
1734 3096 2068 3181 negotium
2112 3098 2303 3177 ultro,
2341 3106 2407 3160 et

195 3205 330 3266 alio
379 3206 740 3267 charactere
788 3200 982 3265 verba
1028 3199 1212 3282 ponit
1261 3199 1446 3281 quasi
1493 3199 1710 3282 Regis,
1757 3221 1901 3283 quae
1951 3200 2208 3279 refutet,
2264 3223 2405 3283 quae

199 3306 375 3390 apud
417 3307 666 3388 Regem
704 3304 887 3367 nulla
929 3312 1103 3366 sunt.
1201 3303 1499 3380 Concilio,
1551 3302 1804 3380 Patres,
1852 3304 2087 3385 Papas,
2133 3305 2407 3366 homines

191 3430 354 3486 esse,
406 3416 472 3471 et
525 3407 879 3490 (secundum
925 3406 1269 3485 Scriptura»
1311 3405 1751 3485 testimonium)
1799 3404 2122 3466 mendaces
2142 3414 2183 3466 ⁸.
2280 3405 2407 3468 Sed

199 3511 358 3595 quid
388 3511 624 3593 regerit
653 3517 871 3572 tamen
886 3510 916 3571 P
979 3508 1201 3570 Etiam
1229 3508 1581 3588 Apostolos,
1615 3507 1804 3568 etiam
1838 3508 2182 3587 prophetas
2210 3507 2407 3569 homi-

197 3636 310 3677 nes
338 3613 565 3694 fuisse.
656 3612 846 3675 Certe
896 3610 1187 3672 homines.
1280 3609 1527 3671 Verum
1573 3607 1697 3684 hic,
1747 3608 1979 3668 homini
2027 3608 2203 3668 homo
2256 3609 2411 3688 quid

181 3722 458 3800 proestat
477 3710 493 3742 ‘
513 3717 546 3779 Ρ
612 3715 854 3780 Latum
887 3712 1061 3780 enim
1093 3711 1200 3775 hic
1231 3709 1469 3793 (credo)
1502 3709 1846 3772 discrimen
1877 3716 2093 3791 ponet,
2125 3709 2196 3771 in
2224 3731 2406 3772 men-

194 3841 349 3884 sura
375 3819 655 3904 spiritus,
687 3817 759 3880 in
802 3815 1170 3880 conditione
1211 3813 1714 3895 infallibilitatis.
1806 3812 2087 3874 Possunt
2123 3812 2401 3875 Concilio

197 3921 575 4006 congregari
631 3941 754 3983 non
805 3919 1074 4001 legitime
1096 3944 1116 3979 .·
1192 3923 1460 4000 possunt
1518 3915 1885 3997 conyreyari
1944 3914 2231 3995 leyitime,
2281 3936 2401 3978 nec

196 4027 470 4109 legitime
526 4032 747 4087 tamen
798 4021 1151 4104 procedere.
1243 4020 1520 4082 Possunt
1564 4019 1921 4101 praedicare
1981 4018 2221 4095 PatreS,
2280 4038 2401 4080 nec

196 4146 497 4191 consensu
526 4126 599 4186 id
621 4123 924 4187 unanimi.
1012 4121 1353 4203 Illeyitima
1383 4140 1850 4202 nonnunquam
1880 4117 2187 4195 Concilia,
2219 4118 2402 4178 mult-

195 4232 434 4294 animes
483 4226 814 4292 interdum
868 4226 1129 4307 Patres:
1208 4223 1443 4300 Quare,
1490 4221 1890 4286 conditiones
1943 4219 2049 4282 hic
2103 4218 2404 4282 adhibeat

263 4365 286 4389 ¹¹
351 4352 480 4403 Vide
500 4353 532 4402 J
539 4368 616 4401 nv·
639 4351 744 4403 sat„
769 4351 834 4400 iv·
862 4352 972 4399 119.
999 4347 1135 4413 120]
1411 4356 1436 4381 Ι·
1469 4348 1582 4396 Act.
1607 4347 1730 4396 xvii.
1756 4349 1832 4395 11.

261 4429 286 4453 ⁰
321 4356 650 4533 {gamafvih
673 4417 750 4468 17.
773 4414 878 4479 18.]
1417 4419 1435 4442 ·
1473 4412 1581 4476 [Ps.
1606 4411 1734 4460 cxvi.
1762 4410 1844 4471 (al.
1868 4410 1998 4522 exv?
2026 4407 2124 4472 11.]

428 4484 462 4532 l.
487 4481 563 4545 ιι.]
588 4496 686 4531 ver.
714 4483 760 4530 8.
1418 4478 1435 4507 ‘
1473 4476 1697 4539 [Terent.
1723 4474 1947 4523 Eunuch.
2005 4474 2043 4523 l.
2070 4477 2115 4523 2.
2136 4474 2205 4537 1.]

260 4494 284 4586 z
317 4488 443 4598 hat.
464 4546 567 4595 xvi.
593 4547 669 4595 12.

2515 2671 2644 2733 333

2431 3109 2686 3175 [Apostoli

2432 3176 2590 3238 pluris

2431 3256 2580 3302 quam
2608 3241 2731 3291 Con·

2432 3307 2549 3354 cilia
2570 3312 2623 3354 et

2435 3369 2623 3428 Patres,

2432 3433 2689 3500 habendi]
