3165 4959
350 2033 594 2097 [multum

348 2101 521 2146 tamon
543 2097 625 2145 ob·

679 323 809 386 376
1308 337 1394 383 AD
1441 335 1823 383 CARDINALIS
1867 334 2263 382 BELLARmm

658 500 1031 577 appareret.
1121 494 1312 557 Esset
1341 493 1464 557 hoc
1495 514 1636 557 vere
1663 494 2013 556 inauditum
2054 493 2441 571 miraculum,
2469 450 2692 556 nullus
2732 491 2894 555 dum

679 598 980 662 existeret
1011 597 1471 674 Antichristus,
1517 605 1747 660 contra
1785 595 2280 673 Antichristum,
2319 602 2545 658 contra
2587 617 2711 658 non
2752 595 2898 658 Ens

680 701 1127 766 testimonium
1162 700 1348 764 ferre.
1439 700 1597 764 Non
1620 697 1828 781 finisse
1865 719 2014 763 vero
2059 699 2213 761 duos
2254 699 2401 762 illos
2436 700 2645 762 Testes
2688 699 2892 782 prius,

680 826 815 869 non
870 803 1051 887 prius
1103 804 1489 885 apparuisse,
1549 822 1672 865 nec
1731 801 1855 865 nisi
1902 807 2083 877 tum3
2136 801 2405 864 verbum
2462 801 2536 864 in
2596 808 2898 864 contextu

681 908 955 972 nullum.
1046 906 1184 970 Diu
1229 913 1400 985 ante,
1448 912 1517 968 et
1560 912 1765 986 erant,
1798 911 1864 968 et
1909 904 2050 968 aliis
2094 903 2175 969 de
2213 903 2407 968 rebus
2441 904 2666 969 testati
2711 913 2893 969 sunt.

682 1011 830 1074 Hoc
876 1030 1029 1092 ergo
1070 1009 1162 1073 ibi
1212 1030 1348 1073 non
1402 1007 1658 1072 dicitur.
1750 1007 1926 1072 Illud
1970 1007 2225 1087 dicitur,
2256 1028 2392 1071 non
2421 1007 2651 1071 datum
2694 1008 2893 1073 fuisse

677 1113 825 1190 illis,
876 1119 954 1175 ut
1004 1119 1369 1195 pugnarent
1417 1117 1644 1175 contra
1681 1109 2160 1174 Antichristum
2207 1115 2358 1173 ante
2402 1117 2659 1193 tempus
2703 1109 2891 1174 illud.

682 1215 816 1281 Qui
864 1220 1183 1297 poterant,
1237 1235 1386 1278 cum
1438 1213 1717 1278 necdum
1760 1214 2200 1278 Antichristus
2253 1221 2608 1297 appareret,
2662 1222 2896 1278 contra

683 1338 875 1401 quem
894 1338 1113 1400 puyna
1139 1317 1287 1395 illis,
1318 1325 1383 1381 et
1401 1318 1760 1399 prophetia,
1792 1323 1858 1380 et
1889 1318 2307 1380 testimonium
2325 1318 2359 1380 ?
2445 1317 2752 1381 Velletne
2781 1340 2894 1381 eos

682 1421 1042 1486 Cardinalis
1100 1421 1292 1503 (quod
1335 1419 1473 1504 ipse
1524 1419 1728 1483 nimio
1788 1441 1982 1502 quam
2040 1440 2206 1503 saepe
2255 1419 2431 1502 facit)
2488 1440 2627 1483 cum
2669 1421 2894 1484 umbra

669 1543 959 1606 puynare
976 1533 1003 1562 ¹²
1017 1525 1050 1586 Ρ

746 1667 802 1718 si
825 1668 927 1718 duo
949 1667 1215 1732 Prophetae
1237 1667 1338 1718 duo
1360 1667 1684 1718 Testamenta
1705 1667 2012 1730 significant,
2033 1671 2144 1717 toto
2165 1672 2393 1730 tempore
2413 1667 2556 1730 regni
2577 1662 2891 1717 Antia-,bristi

810 1749 1108 1812 praedicatio
1141 1749 1517 1813 scripturarum
1555 1750 1726 1812 vigeat
1745 1785 1759 1799 .
1786 1785 1799 1798 .
1826 1785 1840 1798 .
1859 1763 2059 1799 necesse
2099 1754 2190 1798 est.
2257 1748 2364 1798 Cur
2396 1763 2519 1811 ergo
2541 1784 2554 1797 .
2579 1784 2592 1797 .
2612 1785 2625 1798 .
2650 1748 2891 1812 deplorat

810 1831 918 1880 Rex
936 1832 1216 1882 caeoitatem
1228 1836 1282 1882 et
1301 1832 1648 1899 ignorantiam
1670 1867 1682 1880 .
1705 1867 1719 1881 .
1744 1866 1756 1881 .
1779 1834 1859 1881 tot
1879 1830 2081 1880 saeculis
2100 1830 2375 1880 invaluisse
2385 1828 2523 1893 apud
2538 1829 2897 1881 Christiano&

809 1912 902 1976 ——[
911 1911 1037 1962 Bell.
1057 1912 1206 1975 Apol.
1231 1927 1322 1976 pro
1343 1911 1515 1976 Resp]
1537 1925 1587 1975 p.
1615 1914 1721 1963 150.
1760 1910 1902 1975 [Op.,
1919 1915 2045 1960 tom.
2067 1911 2158 1960 vii.
2180 1911 2274 1960 col.
2297 1912 2409 1962 789.
2435 1909 2517 1974 B.]

771 2030 1077 2112 Sequitur
1110 2029 1407 2093 alterum.
1495 2029 1874 2108 Deplorasse
1916 2030 2055 2112 jam
2102 2034 2254 2092 ante
2283 2028 2513 2110 Reyem
2543 2029 2890 2091 caecitatem

347 2160 598 2224 mmm]
677 2152 833 2210 eam,
877 2153 1018 2215 quae
1070 2131 1240 2214 apud
1297 2132 1692 2194 Christianos
1741 2132 2027 2209 invaluit,
2065 2151 2214 2194 cum
2258 2138 2481 2195 tamen
2528 2129 2650 2194 sub
2697 2132 2895 2193 Anti-

439 4070 566 4133 272

679 2235 913 2298 christo
967 2235 1175 2301 Testes
1217 2235 1286 2295 1ιί
1330 2233 1451 2296 duo
1482 2234 1953 2314 prophetarint.
2044 2233 2207 2297 Haec
2247 2241 2465 2297 autem
2508 2233 2639 2297 duo
2682 2233 2892 2297 videri

679 2336 1129 2421 repugnantia.
1175 2337 1402 2400 Videri
1431 2335 1714 2419 quidem,
1746 2336 1860 2399 sed
1888 2336 2161 2399 infirmis
2178 2335 2399 2400 oculis.
2468 2337 2894 2418 Propheta-ese

681 2439 877 2519 enim,
909 2446 1176 2523 totoque
1204 2439 1270 2503 id
1289 2439 1673 2503 Antichristi
1703 2443 1975 2519 tempore
1994 2465 2013 2500 .·
2049 2459 2181 2503 non
2212 2438 2351 2523 pari
2382 2446 2604 2503 tamen
2633 2459 2895 2523 semper

683 2565 980 2607 successu
1008 2545 1441 2629 prophetasse,
1472 2563 1593 2606 nec
1622 2541 1844 2606 eadem
1889 2562 2143 2626 semper
2184 2549 2503 2625 potestate
2546 2543 2892 2626 prophetia

681 2647 794 2709 illa
851 2669 966 2710 sua
1035 2647 1511 2711 Antichristum
1568 2666 2006 2728 expugnasse:
2083 2645 2552 2714 Testimonium
2622 2646 2888 2729 quidem

682 2750 921 2829 tulisse,
954 2751 1075 2814 etsi
1107 2751 1519 2813 testimonium
1562 2769 1785 2812 eorum
1828 2748 2015 2831 pauci
2044 2749 2392 2828 interdum,
2423 2750 2754 2813 interdum
2783 2751 2890 2814 vix

683 2852 1019 2935 quisquam
1037 2854 1359 2933 receperit.
1409 2851 1691 2933 Alioqui,
1718 2851 2035 2934 quomodo
2053 2853 2428 2935 praevaleret
2446 2852 2892 2917 Antichristus

681 2961 907 3017 contra
964 2957 1123 3040 eos?
1213 2953 1594 3034 Praevalebit
1632 2961 1871 3031 antem,
1910 2955 2055 3036 (nee
2083 2975 2195 3017 vos
2234 2955 2513 3036 negatis)
2566 2961 2633 3019 et
2676 2957 2885 3019 vincet

680 3057 839 3118 illos.
903 3056 1125 3120 Verba
1153 3063 1307 3118 sunt
1335 3056 1493 3138 ipsa,
1526 3075 1604 3118 eo
1641 3055 1781 3138 ipso
1815 3055 1976 3119 loco.
2064 3058 2158 3120 At
2187 3065 2413 3119 contra
2442 3077 2636 3139 quem
2664 3079 2890 3142 pugna

681 3156 906 3233 valida,
956 3157 1271 3239 oppositio
1316 3157 1502 3220 fortis
1546 3163 1663 3236 est,
1706 3157 1933 3240 procul
1977 3158 2034 3220 is
2079 3179 2118 3221 a
2166 3158 2450 3222 victoria.
2537 3160 2685 3223 Etsi
2731 3181 2889 3245 ergo

680 3259 935 3321 nullum
953 3258 1073 3321 sub
1093 3257 1484 3322 Antichristi
1507 3260 1737 3341 Regno
1760 3267 2035 3343 tempus,
2057 3281 2183 3342 quo
2204 3281 2336 3324 non
2355 3267 2581 3324 contra
2601 3283 2889 3326 errorem

680 3361 819 3445 ejus
868 3361 1148 3443 aliquem
1205 3360 1605 3425 decertatum
1657 3361 1759 3440 sit,
1806 3382 1885 3425 ex
1933 3382 2046 3425 ore
2087 3362 2359 3425 istorum
2405 3363 2676 3427 Tertium
2700 3392 2721 3426 .·
2769 3387 2891 3448 pro

678 3471 864 3546 parte
903 3471 1124 3527 tamen
1170 3464 1381 3547 Regni
1421 3463 1521 3526 sui
1560 3463 1858 3536 maxima,
1907 3464 2127 3527 bellum
2157 3463 2322 3544 fecit
2368 3471 2591 3527 contra
2628 3467 2795 3546 illos,
2826 3475 2890 3531 et

679 3567 829 3628 vicit
860 3567 1001 3628 illos
1018 3577 1072 3627 ⁰:
1120 3572 1214 3643 ut,
1245 3564 1505 3629 tametsi
1534 3566 1923 3649 prophetent
1965 3565 2081 3643 illi,
2112 3566 2470 3648 prophetiae
2498 3575 2724 3631 tamen
2752 3591 2891 3633 non

680 3668 976 3733 'credatur
1027 3690 1066 3732 a
1110 3675 1298 3731 terrae
1330 3667 1577 3732 incolis.
1669 3668 1847 3730 Dum
1897 3667 2155 3750 quidem
2194 3668 2638 3752 triumphabat
2689 3673 2887 3735 Anti.

682 3768 976 3846 christus,
1026 3775 1093 3831 et
1137 3767 1320 3851 quasi
1360 3768 1433 3831 in
1461 3768 1644 3850 Auye
1678 3774 1834 3846 erat,
1867 3767 2132 3851 eclipsin
2160 3769 2332 3852 passi
2361 3776 2518 3832 sunt
2555 3772 2766 3835 Testes
2793 3774 2885 3853 lai,

680 3871 875 3954 idque
932 3873 1059 3935 illis
1119 3873 1332 3936 evenit
1378 3872 1665 3949 tandem,
1707 3871 1881 3953 quod
1941 3872 2077 3935 Soli
2128 3894 2167 3936 a
2218 3871 2458 3936 nebula
2501 3874 2722 3957 spissa,
2771 3879 2886 3960 qui

682 3982 905 4040 tamen
936 3976 1108 4040 nube
1138 3976 1404 4059 disjecta
1432 3974 1711 4058 erumpit
1732 3974 2001 4039 clarior:
2048 3975 2369 4058 quomodo
2392 3985 2460 4040 et
2481 3977 2588 4040 isti
2608 3979 2885 4061 pridem,

682 4077 964 4141 revelato
1014 4079 1152 4161 jam
1210 4086 1276 4141 et
1332 4075 1688 4140 inclinante
1744 4075 2166 4140 Antichristo.
2256 4077 2434 4139 Muti
2498 4099 2649 4143 vero
2709 4081 2889 4145 haud

682 4200 968 4261 unquam
999 4181 1283 4244 fuerunt.
1366 4180 1573 4242 Testes
1603 4178 1777 4242 enim
1806 4198 1944 4241 esse
1972 4199 2105 4243 non
2134 4188 2424 4262 possunt,
2454 4181 2578 4245 nisi
2608 4185 2886 4247 testimo-

681 4283 851 4344 nium
888 4280 1130 4345 ferrent
1189 4281 1464 4360 veritati,
1518 4280 1715 4344 etiam
1768 4301 1915 4343 cum
1966 4301 2160 4344 nemo
2207 4281 2369 4345 illud
2417 4284 2662 4367 recipit.
2760 4287 2885 4350 Vel

747 4458 768 4480 ¹²
804 4450 957 4514 [Vide
991 4451 1186 4500 Erasmi
1223 4451 1385 4514 Adag.
1421 4467 1470 4514 p.
1494 4453 1604 4513 324,
1647 4452 1738 4500 sub
1893 4461 1914 4484 ⁰
1951 4452 2137 4515 [Apoe.
2163 4453 2229 4500 xi.
2261 4452 2334 4514 7.]

684 4526 918 4560 κκκκκκκκκ
917 4533 952 4572 μ
954 4514 1130 4574 exifu]
1931 4531 1934 4536 '
