3165 4959
976 362 1342 410 stomoma
1386 362 1749 409 RESPONSIO.
2341 351 2464 412 251

264 524 318 586 si
346 521 511 584 forte
551 519 623 582 in
655 520 997 584 Lectorem
1033 520 1308 603 aliquem
1351 519 1596 582 incidat
1639 527 1774 582 tam
1821 519 2092 598 fatuum,
2126 520 2230 583 cui
2265 521 2470 602 possit

264 625 630 690 obtrudere.
739 624 831 686 At
883 645 992 687 vos
1039 624 1248 687 tollite
1303 624 1381 686 de
1430 623 1639 687 Missa
1684 623 2468 687 Transubstantiationem

264 738 581 805 vestram3
629 747 747 790 nec
777 727 890 790 diu
922 721 1257 790 nobiscum
1281 728 1361 790 lis
1393 727 1516 790 erit
1546 727 1627 790 de
1659 727 1987 790 sacrificiu.
2079 727 2465 790 Memoriam

264 834 354 897 ibi
384 833 525 896 fieri
555 830 866 908 sacrificii,
901 831 1128 893 damus
1160 852 1291 893 non
1323 830 1531 894 inviti.
1627 830 1983 894 Sacrificari
2012 830 2104 893 ibi
2135 830 2467 893 Christum

265 944 550 1000 vestrum
596 935 673 997 de
706 956 873 1016 pane
903 933 1170 1010 factum,
1202 957 1537 1017 nunquam
1570 934 1804 997 daturi.
1901 934 2219 1015 Sacrificii
2246 954 2469 998 vocem

267 1041 389 1103 scit
421 1038 720 1102 Patribus
764 1044 1161 1120 usurpatam,
1193 1059 1313 1102 nec
1345 1040 1530 1119 ponit
1573 1039 1739 1100 inter
1769 1058 1870 1100 res
1898 1058 2090 1100 novas
2111 1064 2129 1098 :
2179 1044 2246 1100 at
2275 1037 2471 1100 vestri

266 1144 338 1205 in
367 1143 577 1204 Missa
610 1139 947 1221 Sacrificii,
992 1147 1057 1203 et
1107 1141 1312 1218 audet,
1366 1149 1430 1203 et
1468 1141 1674 1222 ponit,
1714 1140 1898 1222 ponit
1949 1138 2287 1223 (inquam),
2321 1161 2469 1202 cum

273 1244 1055 1309 Transubstantiationem
1098 1252 1247 1327 post
1292 1246 1431 1308 loco
1473 1266 1592 1306 suo
1629 1245 1909 1327 jugulat,
1943 1265 2070 1326 quo
2114 1243 2238 1306 ista
2275 1243 2470 1325 perti-

269 1357 450 1426 nent,
483 1368 883 1431 praepropere
923 1347 1174 1429 (dicam,
1209 1369 1290 1410 an
1326 1349 1739 1431 praepostere)
1775 1346 1881 1409 hic
1914 1347 1992 1410 ab
2025 1368 2101 1410 eo
2130 1347 2471 1409 inculcata.

268 1455 414 1517 Nec
445 1453 729 1515 divinare
760 1451 865 1515 hic
896 1452 956 1515 ei
985 1473 1162 1535 opuS,
1195 1453 1465 1515 Missam
1484 1453 1808 1532 privatam
1839 1450 2141 1513 Patribus
2184 1450 2473 1532 ignotam

270 1557 512 1632 asserit,
546 1556 767 1618 asserit
799 1562 864 1618 et
906 1576 1027 1618 non
1054 1557 1400 1637 privatam,
1436 1576 1580 1638 qua,
1615 1553 1876 1633 scilicet,
1909 1575 2143 1637 panem
2173 1553 2264 1616 ibi
2293 1560 2474 1616 tran-

270 1660 772 1724 substantiatum
804 1659 1101 1723 adoratis,

337 1797 514 1860 Neque
539 1833 550 1844 .
575 1834 587 1847 .
610 1799 833 1846 vetustas
854 1796 1051 1856 erroris»,
1073 1795 1158 1845 sed
1184 1796 1353 1859 potius
1376 1795 1726 1844 testimonium
1750 1795 1979 1843 veritatis
2006 1794 2109 1843 dici
2133 1793 2313 1844 debet:
2345 1830 2357 1843 .
2383 1831 2395 1843 .
2418 1832 2429 1844 .
2457 1831 2468 1844 .

403 1877 537 1928 Vide
556 1916 567 1926 .
588 1915 599 1927 .
620 1877 709 1927 .de
730 1876 987 1926 Sacrificio
1006 1877 1222 1936 Missae„
1249 1913 1260 1925 .
1283 1914 1293 1924 .
1311 1876 1345 1925 J
1348 1877 1591 1937 ustinum,
1609 1914 1620 1924 .
1646 1913 1658 1925 .
1683 1913 1694 1924 .
1711 1875 1979 1936 Irenaeum,
1997 1913 2008 1924 .
2034 1912 2045 1925 .
2071 1913 2082 1924 .
2101 1875 2469 1926 Tertullianum

405 1998 416 2010 .
441 1998 452 2009 .
478 1997 491 2009 .
514 1960 811 2026 tte—[Bell.
839 1958 986 2023 Apol.
1011 1974 1102 2023 pro
1124 1958 1294 2023 Roepq
1316 1974 1364 2023 p.
1384 1960 1494 2009 101.
1531 1959 1665 2023 [Op.,
1686 1962 1809 2008 tom.
1827 1959 1912 2008 vii.
1938 1959 2029 2008 col.
2051 1958 2160 2009 761.
2181 1957 2258 2022 Β.]

372 2063 751 2124 Vetustatem
780 2061 1016 2122 erroris
1052 2059 1143 2122 ibi
1175 2058 1336 2121 dixit
1365 2058 1435 2121 in
1464 2060 1667 2144 Δώρῳ
1692 2080 1806 2122 suo
1838 2060 2180 2145 Βασιλικῷ
2200 2060 2218 2096 ⁸
2243 2085 2256 2123 :
2309 2059 2471 2122 dixit

272 2165 378 2229 hic
417 2166 732 2228 novitiam.
836 2164 1025 2226 Vetus
1068 2162 1243 2226 enim
1292 2168 1358 2225 et
1403 2184 1580 2241 nova,
1613 2184 1799 2227 voces
1847 2173 2229 2248 comparatae
2276 2171 2467 2228 sunt:

287 2269 491 2345 Vetus,
524 2268 576 2329 si
617 2267 698 2329 ad
742 2287 861 2329 nos
903 2272 969 2330 et
1004 2272 1229 2329 nostra
1270 2265 1408 2329 haec
1452 2273 1745 2349 tempora
1763 2293 1780 2343 ς
1829 2288 2005 2344 nova,
2039 2267 2092 2330 si
2123 2267 2203 2330 ad
2233 2267 2473 2350 primos

272 2372 435 2450 illos,
470 2378 536 2435 et
567 2393 604 2434 a
636 2371 896 2434 Christo
926 2377 1218 2433 recentes
1251 2369 1673 2433 ChristianOS.
1759 2371 1944 2432 Vetus
1974 2392 2152 2434 error
2182 2370 2387 2449 abeat,
2422 2371 2475 2433 si

275 2475 356 2539 ad
385 2498 524 2555 nos,
561 2475 657 2539 sin
692 2474 773 2538 ad
795 2474 1126 2540 Christum
1158 2472 1545 2552 conferatur,
1578 2495 1788 2551 novus,
1823 2473 1902 2538 de
1935 2474 2197 2539 Christo
2227 2473 2474 2538 incrus-

274 2588 433 2643 tato.
536 2580 835 2643 Veritatis
877 2580 1291 2642 testimonium
1332 2600 1466 2641 non
1516 2578 1858 2661 rejicimus,
1949 2578 2094 2641 Nec
2124 2599 2162 2640 a
2191 2599 2343 2640 voce
2372 2578 2475 2640 vel

276 2682 614 2763 Sacrificii,
662 2684 761 2746 vel
819 2681 1187 2758 OblationiS,
1243 2681 1680 2744 abhorremus,
1792 2680 2083 2743 Placeret
2136 2701 2288 2761 ergo
2335 2681 2475 2743 loca
2590 2690 2712 2750 185

271 2787 509 2864 videre,
564 2808 705 2870 quae
752 2787 927 2865 citat,
979 2785 1102 2848 nisi
1147 2806 1390 2862 vocem,
1446 2792 1707 2867 propter
1767 2805 1958 2866 quam
2011 2784 2187 2870 citat,
2234 2783 2476 2846 videret

280 2892 565 2974 (Lector)
602 2890 785 2953 nobis
814 2912 945 2953 nou
977 2889 1328 2972 displicere.

342 3043 441 3092 Sed
475 3059 566 3093 nos
599 3043 791 3093 nullam
827 3043 1013 3092 scimus
1037 3080 1047 3092 .
1073 3079 1085 3092 .
1110 3080 1120 3090 .
1148 3041 1460 3091 Sacramenti
1494 3041 1889 3099 mutilationem,
1913 3054 2073 3103 neque
2107 3042 2303 3103 partem
2331 3038 2477 3089 dimi-

406 3126 544 3174 diam
568 3141 674 3176 esse
694 3126 837 3175 laicis
859 3126 1184 3175 subtractam.
1249 3124 1511 3187 Siquidem
1546 3123 1662 3172 duae
1696 3124 1886 3187 species
1926 3160 1937 3172 .
1974 3158 1986 3172 .
2021 3123 2295 3173 necessario
2318 3123 2478 3186 requi·

406 3212 587 3256 rantur
629 3206 694 3256 ad
732 3206 1060 3256 sacrificium:
1104 3241 1116 3254 .
1156 3243 1166 3253 .
1211 3243 1221 3253 .
1263 3203 1351 3254 sed
1393 3205 1507 3268 [leg.
1546 3204 1621 3268 at]
1666 3205 1728 3254 ad
1766 3205 2033 3254 essentiam
2068 3205 2377 3254 Sacramenti
2413 3241 2424 3252 .
2464 3239 2476 3251 .

406 3289 649 3351 quaelibet
681 3303 744 3338 ex
778 3287 972 3337 duabus
1004 3286 1420 3350 sufficit—[Bell.
1444 3286 1593 3350 Apol.
1617 3301 1708 3350 pro
1743 3285 1913 3349 Resp.]
1951 3300 2002 3349 p.
2025 3288 2132 3335 102.
2179 3285 2311 3350 [Op.,
2351 3289 2475 3335 tom.

407 3371 493 3419 vii.
517 3370 610 3419 col.
631 3370 739 3420 761.
760 3368 844 3433 Β.]

363 3471 456 3533 At
486 3469 783 3533 Articulo
813 3476 1139 3551 sequente,
1173 3467 1252 3530 de
1287 3468 1722 3545 SacramentO,
1758 3474 2036 3549 quantus
2065 3466 2294 3529 artifex
2325 3467 2477 3530 Car·
2509 3475 2725 3552 [Eucha-

276 3573 551 3637 dinalis‘?
616 3574 924 3655 intem-um
969 3572 1210 3635 fatetur
1265 3591 1401 3633 non
1451 3570 1639 3647 sumi,
1694 3571 1976 3632 mutilum
2027 3571 2195 3632 sumi
2245 3577 2476 3650 negat:
2504 3545 2725 3666 {1¹5ssng

280 3677 682 3740 Subtractam
720 3684 917 3758 negat
946 3681 1199 3757 partem
1236 3676 1521 3744 alteram,
1553 3672 1668 3734 ubi
1709 3694 1853 3754 pars
1884 3693 2018 3734 una
2047 3671 2239 3734 modo
2269 3670 2478 3733 datur.
2505 3669 2753 3718 elemento

281 3780 459 3846 Quas
489 3779 596 3844 hic
624 3780 810 3843 nobis
830 3778 1185 3862 praestigias
1206 3776 1361 3840 facit
1377 3778 1407 3839 ¹?
1492 3776 1648 3839 Non
1672 3782 1767 3839 est
1789 3776 2036 3857 inteyra
2055 3773 2480 3851 Eucharistia,
2506 3733 2734 3847 ssiiff‘sst

276 3905 410 3947 non
440 3890 662 3946 tamen
692 3885 913 3946 mutila
936 3911 954 3945 .·
1001 3903 1135 3946 non
1168 3882 1360 3943 datur
1388 3901 1534 3964 pars
1565 3880 1786 3956 altera,
1819 3900 1940 3941 nec
1980 3886 2199 3941 tamen
2229 3877 2482 3940 subtra-
2508 3861 2788 3925 sumenda]

279 3986 475 4050 bitur.
537 3989 755 4070 Atque
784 3987 910 4066 hic,
942 4008 1122 4049 error
1150 3985 1350 4048 errori
1381 4005 1662 4047 errorem
1690 3982 1879 4066 parit.
1973 3981 2270 4045 Christus
2300 3981 2484 4044 insti-

278 4090 406 4152 tuit
436 4091 929 4168 Eucharistiam,
962 4111 1088 4173 qua
1120 4088 1535 4170 Sam-fficium,
1566 4087 1637 4149 in
1666 4093 1926 4168 utroque
1955 4086 2312 4148 elemento:
2362 4106 2488 4165 qua

283 4194 775 4273 Sacramentum,
807 4194 877 4258 in
922 4193 1188 4257 utrovis,
1279 4192 1385 4256 Ad
1415 4193 1746 4254 essentiam
1796 4189 2130 4269 Sacrificii,
2161 4195 2488 4269 utrumque

348 4396 365 4426 ἱ
400 4396 453 4461 [“
466 4395 665 4455 Which,
701 4395 746 4444 if
784 4396 828 4444 it
862 4395 925 4444 be
964 4409 1152 4456 wrong,
1193 4394 1236 4443 is
1275 4408 1340 4444 no
1429 4393 1591 4442 Lond.
1638 4393 1781 4441 1616.
1849 4395 1882 4418 “
1907 4391 2027 4441 Non
2071 4392 2237 4453 magia
2281 4395 2488 4455 propter

281 4474 419 4509 more
450 4465 504 4509 to
536 4461 598 4509 be
633 4459 840 4509 allowed
875 4461 951 4508 sor
982 4460 1340 4516 ancieutnesse‚
1428 4458 1787 4520 antiquitatem
1821 4455 2079 4520 probanda
2116 4457 2300 4516 veniet,
2334 4472 2485 4518 quam

283 4525 406 4574 thau
444 4524 528 4573 the
563 4524 647 4574 old
680 4524 845 4574 Messe
877 4524 1182 4574 is.”—Basil.
1221 4523 1338 4573 Dor.
1431 4523 1601 4572 Missae
1645 4520 2243 4585 nugamentum.”—Op.,
2289 4521 2485 4583 Latine,

282 4590 369 4637 lib.
395 4591 470 4638 iii.
508 4590 619 4654 Op„
643 4590 763 4652 Reg.
793 4589 963 4639 Jacob.
986 4587 1139 4651 Angl.
1166 4604 1212 4652 p.
1231 4592 1337 4639 183.
1430 4603 1477 4651 p.
1498 4591 1575 4638 83.
1615 4586 1838 4638 Francos.
1863 4586 1926 4637 ad
1951 4586 2105 4636 Moen.
2131 4586 2304 4649 1689.]
