3165 4959
965 354 1332 403 stomoma
1374 354 1740 405 nrsronmo,
2336 346 2462 410 147

243 518 377 574 tum
402 511 777 592 praestitum.
867 509 962 573 At
1001 508 1216 588 etiam,
1247 515 1323 571 ut
1359 507 1439 572 de
1479 511 1654 573 salvo
1693 510 2001 574 conductu
2035 520 2460 593 quererentur,

244 621 435 696 atque
488 613 644 677 adeo
686 618 1047 676 vererentur
1092 612 1545 688 Proteo-tontes,
1581 612 1739 677 fecit
1777 614 2038 695 publica
2068 614 2237 696 fides
2287 617 2461 681 Con-

244 718 507 783 stantiae
537 738 670 781 non
714 715 1023 800 praestita,
1059 736 1185 798 qna
1224 736 1362 779 non
1406 714 1729 795 obstante,
1771 723 2020 781 assatus
2047 718 2140 783 ibi
2187 720 2458 802 (anseris

238 823 314 886 in
344 822 618 903 morem)
656 821 697 883 J
703 840 947 884 oannes
978 819 1164 883 Hus:
1208 826 1284 882 ut
1312 819 1431 884 viae
1461 841 1527 884 se
1556 820 1745 904 proin
1780 822 2042 886 credere
2084 844 2220 887 non
2264 824 2459 888 aude-

238 933 415 990 rent.
529 924 722 992 Quod
779 922 909 986 nisi
965 921 1209 986 frustra
1266 928 1665 1006 expectasset
1726 924 2016 1006 Synodus
2073 945 2284 992 eorum
2342 927 2458 989 ad-

238 1035 515 1107 ventum,
547 1026 739 1091 amici
766 1025 936 1090 forte
964 1023 1206 1088 frustra
1231 1045 1444 1089 eorum
1473 1027 1745 1090 reditum
1775 1033 2239 1111 expectassent.

311 1182 374 1203 =
399 1162 573 1212 dilatae
596 1175 794 1226 quoque
827 1174 995 1211 rernm
1026 1161 1440 1224 gravissimarum
1469 1162 1920 1215 determinationes
1953 1165 2010 1214 in
2041 1165 2194 1227 longa
2213 1169 2457 1229 tempora,

376 1250 439 1294 nt
471 1244 693 1308 spatium
727 1280 740 1292 .
775 1280 789 1293 .
824 1279 837 1292 .
873 1279 887 1292 .
919 1242 982 1294 ad
1019 1242 1307 1293 Concilium
1329 1243 1568 1294 veniendi
1602 1259 1708 1295 non
1740 1245 2165 1312 deesset—[Bell.
2190 1248 2341 1312 Apol.
2365 1263 2457 1313 pro

378 1325 618 1391 Respm]p
644 1326 721 1375 43.
746 1324 880 1389 [Op.,
902 1328 1026 1374 tom.
1050 1324 1247 1374 viicol.
1265 1325 1375 1377 728.
1400 1324 1486 1390 D.]

331 1425 539 1509 Atqui
597 1432 875 1506 tempora
935 1430 1065 1486 tam
1138 1426 1342 1506 lonya,
1405 1425 1953 1490 determinationes
2021 1433 2152 1490 tam
2202 1449 2452 1510 yraves,
2487 1439 2699 1502 [Omnia

249 1530 499 1614 (quales
527 1528 791 1609 nar-rat)
837 1528 1054 1591 minus
1088 1527 1502 1593 necessariae.
1550 1551 1700 1593 cum
1733 1531 1944 1594 Roma
1986 1553 2026 1594 a
2062 1534 2454 1596 sanctissimo
2482 1504 2767 1619 ἔξῖζΐξζῗε*

244 1635 450 1697 Patre
485 1633 683 1716 (cujus
697 1631 866 1713 fides
894 1652 970 1694 ne
1000 1630 1261 1712 deficere
1290 1637 1508 1712 posset
1545 1632 1833 1696 Christus
1861 1635 2110 1716 royavit
2126 1636 2174 1717 ¹¹)
2210 1635 2452 1699 brevis·
2481 1632 2639 1698 nata]

242 1737 411 1800 simo
453 1743 743 1820 tempore
777 1736 1212 1799 determinatio
1244 1740 1417 1798 certa
1446 1736 1516 1799 in
1549 1739 1826 1823 mantica
1855 1740 2168 1802 veredarii
2185 1737 2211 1778 ¹²
2242 1747 2452 1804 trans-

245 1837 424 1901 mitti
462 1845 695 1919 posset,
726 1835 781 1898 si
809 1856 959 1899 vera
996 1835 1190 1899 modo
1234 1842 1390 1899 sunt
1436 1857 1577 1919 quae
1624 1837 1896 1902 subinde
1941 1860 2201 1923 crepare
2241 1840 2454 1904 solent
2573 1844 2699 1906 112

247 1941 325 2002 de
354 1940 587 2002 scrinio
604 1939 885 2020 pectoris
902 1947 948 2001 ⁰.

313 2073 512 2123 Omitto
528 2087 643 2136 quae
660 2071 901 2121 dicuntur
922 2072 979 2121 in
990 2070 1024 2120 J
1026 2072 1215 2122 esuitas
1229 2076 1283 2122 et
1297 2072 1579 2134 Puritanos,
1594 2075 1832 2137 quoniam
1849 2075 1915 2126 ad
1936 2076 2166 2127 convicia
2182 2078 2455 2142 pertinent,

376 2169 481 2205 non
512 2152 597 2302 gd]
632 2152 1148 2217 doctrinam—[Bell.
1189 2154 1336 2219 Apol.
1375 2170 1464 2220 pro
1498 2153 1669 2221 Resp.]
1709 2173 1758 2222 p.
1793 2159 1871 2208 43.
1915 2157 2048 2224 [Op.,
2082 2163 2206 2209 tom.
2238 2160 2328 2211 vii.
2362 2160 2455 2210 col.

377 2238 489 2289 728.
562 2273 574 2285 .

333 2337 689 2414 Postremo,
719 2333 882 2399 illud
927 2331 1007 2399 de
1049 2335 1313 2399 Jesaitis
1356 2335 1446 2399 ad
1482 2335 1834 2400 doctrinam
1872 2345 2133 2419 spectat.
2223 2341 2454 2404 Discat

245 2440 423 2505 enim
470 2459 549 2504 ex
595 2437 692 2520 iis,
740 2458 881 2523 quae
924 2459 1132 2522 nuper
1173 2440 1245 2503 in
1292 2438 1579 2520 Polonia,
1630 2440 1878 2518 Suecia,
1925 2442 2213 2523 Austria,
2256 2444 2455 2508 etiam

244 2541 580 2606 Moscovia
597 2566 616 2619 3
671 2561 750 2604 ex
788 2539 868 2603 iis
914 2561 1059 2624 quae
1100 2540 1173 2604 in
1221 2540 1434 2605 Gallia
1470 2540 1700 2620 vicina,
1732 2541 1804 2605 in
1849 2542 2192 2606 Britannia
2232 2551 2458 2608 nostra

244 2645 633 2710 tumultuati
676 2652 847 2725 sunt,
883 2667 1076 2729 quam
1121 2645 1207 2710 sit
1249 2645 1376 2708 illis
1423 2645 1687 2729 spiritus
1732 2645 1814 2708 ad
1850 2646 2130 2709 Com-ilia
2170 2646 2453 2730 ineptus,

247 2751 359 2834 qui
390 2751 596 2813 omnia
612 2750 801 2831 prius
823 2750 1100 2831 experiri
1130 2770 1314 2832 quam
1351 2749 1622 2812 Consilio
1654 2748 1881 2813 solent.
1984 2749 2222 2813 Credat
2252 2749 2454 2813 oculis

246 2853 384 2917 suis
428 2851 509 2916 de
552 2851 833 2916 Jesuitis.
924 2853 1026 2916 De
1071 2853 1404 2915 Puritanis
1450 2858 1689 2930 autem,
1721 2850 1943 2916 credat
1983 2850 2263 2931 auribus,
2294 2852 2455 2934 Περὶ

245 2957 469 3022 credat
511 2963 793 3040 experto,
884 2956 986 3020 De
1012 2955 1325 3039 utrisque,
1360 2955 1565 3018 discat
1597 2977 1675 3020 ex
1718 2954 1819 3033 iis,
1852 2974 1997 3039 quae
2034 2954 2105 3018 in
2145 2975 2256 3019 ore
2301 2963 2455 3018 sunt

244 3059 425 3125 omni
473 3060 732 3144 populo.
819 3059 930 3123 Ad
988 3059 1337 3122 doctrinam
1391 3066 1685 3142 spectant
1738 3059 1896 3138 haec,
1951 3079 2146 3142 quam
2199 3057 2453 3123 edoceri

244 3174 439 3248 atque
468 3185 664 3244 nosse,
693 3165 866 3227 salus
895 3170 984 3229 eet
1013 3162 1350 3246 Reqibae.
1303 3160 1331 3201 ‘¹

307 3334 329 3356 ⁸
362 3325 504 3455 {Luc
529 3325 658 3374 xxii.
681 3323 787 3389 32]
1398 3323 1618 3373 Helmst.
1649 3323 1815 3389 1763]

307 3389 331 3421 ¹·
393 3391 444 3440 P.
489 3390 653 3453 Sarpi,
706 3389 850 3439 Istor.
886 3388 968 3440 del
1014 3388 1163 3439 Cone.
1202 3388 1307 3438 'rri-
1519 3388 1686 3452 [Vide
1708 3390 1854 3448 infra,
1963 3391 2073 3440 163.
2110 3391 2259 3439 not.

242 3454 381 3507 dent.
436 3455 529 3506 lib.
569 3456 639 3505 vi.
696 3454 806 3519 Op„
850 3457 974 3505 tom.
1014 3455 1070 3504 ii.
1108 3468 1157 3519 p.
1195 3456 1306 3505 113.
1457 3388 1619 3519 *[Ρι.
1642 3455 1802 3506 cxliii.
1786 3405 2024 3519 (iring.)
2050 3453 2151 3518 10.]

1809 4658 1934 4720 ι.2
