3165 4959
408 1412 459 1477 [a
482 1412 687 1463 Cat-thu-

408 1479 565 1527 sianis

408 1542 542 1591 haud
567 1540 678 1604 reji-

408 1605 654 1670 ciendua]

519 2730 605 2791 26

412 3579 521 3644 [Illi
547 3594 637 3643 pro

413 3646 642 3706 martyri·

412 3710 506 3758 bus
527 3725 627 3758 non

415 3773 671 3837 habendi]

730 319 817 381 32
1361 336 1446 382 AD
1491 334 1873 383 cAnnmAms
1916 333 2312 383 smmum

716 486 940 568 fuisse.
1034 486 1401 553 Sacerdotes
1446 489 1561 550 etsi
1611 494 1740 550 tum
1789 490 2151 569 inanqerent
2203 487 2416 568 Reyes,
2450 492 2654 550 tamen
2692 488 2942 551 indebi-

732 597 940 653 tanter
968 592 1238 673 Reyibas
1266 590 1542 655 subditos
1556 591 1806 673 fuisse&
1893 594 2161 669 Verum,
2195 592 2333 655 sine
2364 593 2406 654 J
2409 593 2617 655 esuita
2645 594 2811 655 nihil
2845 594 2934 655 fit.

736 696 1075 779 Responde
1122 716 1275 779 ergo
1323 696 1678 760 Salmeron.
1771 698 2062 760 Potestas
2103 697 2453 777 spiritualis
2481 697 2634 777 Ieyis
2676 704 2941 774 nataroe,

732 801 831 861 vel
855 800 1078 878 Masis,
1109 802 1311 862 minor
1338 806 1475 863 erat
1505 800 1705 882 Reyia
1731 806 2043 882 potestate
2085 802 2153 863 in
2194 801 2399 863 Veteri
2445 802 2850 879 Testamenta,
2883 808 2945 864 et

729 902 867 965 ideo
899 904 1086 965 etiam
1114 904 1336 965 summi
1361 904 1731 966 Sacerdotes
1760 904 2030 985 Reyibus
2057 903 2472 965 subdebantur
2481 900 2526 965 k.
2592 903 2942 968 Quomodo

732 1027 885 1089 ergo
921 1007 1241 1069 Catholica
1269 1028 1403 1070 non
1432 1014 1551 1085 est,
1584 1007 1649 1069 id
1682 1014 1798 1083 est,
1831 1007 1909 1069 ab
1938 1008 2117 1070 initio
2145 1026 2386 1088 semper
2412 1007 2652 1070 eredita
2676 1008 2708 1069 ,⁹

799 1165 897 1215 Vel
919 1166 963 1215 si
985 1180 1117 1216 nova
1138 1181 1241 1217 nou
1263 1171 1353 1225 est,
1378 1165 1465 1217 sed
1486 1166 1715 1230 antiqua,
1737 1181 1827 1215 cur
1848 1166 2021 1216 Sancti
2045 1166 2125 1215 illi
2148 1165 2399 1229 Martyres
2431 1165 2712 1216 novitatem
2736 1166 2847 1230 ejus
2868 1168 2946 1217 ita

863 1247 1231 1298 exhorruerunt
1241 1247 1477 1313 z—[Ben.
1502 1249 1652 1312 Apol.
1676 1262 1768 1311 pro
1791 1246 1961 1311 Resp]
1983 1262 2032 1310 p.
2050 1249 2095 1297 8.
2122 1247 2256 1311 [Op..
2279 1250 2402 1296 tom.
2419 1247 2508 1296 vii.
2531 1246 2623 1296 col.
2643 1246 2755 1298 709.
2773 1250 2837 1297 A.
2860 1247 2941 1313 13.]

823 1389 1008 1468 Tum,
1051 1389 1253 1453 altera
1297 1389 1651 1473 quaestione
1695 1409 1833 1452 rem
1878 1388 2155 1452 conficit.
2247 1389 2322 1451 Si
2350 1408 2506 1450 nova
2536 1409 2658 1451 non
2686 1394 2799 1466 est,
2831 1390 2948 1451 sed

736 1494 1014 1575 antiqua,
1047 1514 1159 1556 cur
1189 1494 1408 1557 Sancti
1452 1494 1548 1556 illi
1587 1494 1914 1575 Martyres
1953 1493 2285 1555 novitatem
2314 1492 2445 1571 ejus
2481 1492 2575 1553 ita
2605 1493 2941 1555 exhorrue-

733 1604 882 1659 runt
900 1598 933 1659 .?
1009 1596 1181 1662 Quia
1209 1596 1792 1659 scilicet-Monachi
1822 1602 2023 1659 erant.
2089 1595 2180 1657 At
2204 1593 2590 1671 Academiae,
2623 1602 2690 1658 at
2710 1595 2941 1659 Clerus

734 1706 933 1777 totus,
967 1705 1032 1761 at
1061 1706 1163 1762 tot
1203 1699 1438 1761 eruditi
1483 1698 1815 1780 sanctique
1845 1683 2165 1780 Episcopi,
2196 1705 2295 1761 tot
2337 1697 2408 1760 in
2441 1699 2668 1780 Regno
2698 1699 2943 1781 passim

733 1801 1021 1884 primarii
1049 1801 1188 1878 viri,
1220 1800 1466 1863 nullam
1492 1800 1564 1862 in
1595 1821 1672 1863 ea
1709 1800 2084 1877 novitatem,
2120 1821 2309 1881 quam
2348 1800 2627 1879 horrere,
2660 1801 2941 1884 antiqui-

732 1913 937 1968 tatem
977 1906 1208 1988 potiuS,
1247 1926 1440 1987 quam
1484 1903 1774 1967 venerari
1818 1911 2097 1986 possent,
2140 1902 2370 1981 edocti,
2415 1903 2634 1966 statim
2664 1925 2940 1987 agnove-

734 2015 908 2071 runt.
999 2009 1091 2071 At
1120 2007 1211 2087 hi,
1243 2007 1550 2071 Monachi
1597 2014 1802 2086 erant,
1834 2008 2210 2070 Brunonem
2244 2007 2450 2069 solum
2483 2007 2824 2085 callebant,
2860 2009 2942 2073 de

734 2112 940 2174 Missa
988 2111 1350 2195 syllabatim
1391 2109 1682 2188 dicenda,
1714 2115 1781 2173 et
1827 2109 1906 2173 de
1945 2109 2224 2192 piscibus
2265 2117 2402 2172 arte
2433 2112 2942 2205 corrumpendis,

730 2223 807 2277 ut
864 2235 1084 2277 averso
1137 2214 1469 2277 stomacho
1529 2212 1856 2277 conciliari
1913 2219 2197 2296 possent.
2320 2213 2496 2278 Quid
2544 2214 2620 2275 de
2670 2216 2945 2278 novitate

733 2325 923 2395 esset,
957 2317 1113 2400 quid
1143 2319 1218 2380 de
1249 2319 1640 2399 antiquitate,
1673 2316 2065 2380 nesciebant.
2169 2316 2551 2392 Carthusiae,
2581 2316 2738 2380 talia
2780 2338 2944 2380 curce

734 2442 853 2485 non
882 2428 1047 2486 sunt.
1136 2424 1332 2500 Nam,
1365 2422 1464 2485 vel
1496 2421 1549 2484 si
1581 2419 1938 2486 Conciones
1968 2418 2110 2483 illas
2146 2425 2282 2482 tam
2323 2419 2579 2483 crebras
2609 2428 2745 2484 tam
2778 2421 2943 2486 cele·

737 2525 882 2589 bres
912 2525 1287 2603 audiissent,
1319 2525 1372 2587 si
1417 2523 1788 2588 Academiae
1828 2522 2182 2606 utriusque,
2215 2523 2269 2584 si
2307 2524 2643 2606 utriusque
2698 2526 2946 2608 Synodi

739 2630 1091 2693 Decretum
1134 2631 1346 2712 legere
1391 2633 1588 2711 atque
1634 2627 1998 2709 intelligere
2046 2625 2432 2709 potuissent,
2465 2639 2772 2692 cessasset
2816 2630 2947 2693 illis

738 2735 963 2797 horror
1008 2733 1227 2796 statim
1272 2732 1515 2796 omnis:
1563 2731 1891 2809 vidissent,
1935 2751 2068 2793 non
2119 2751 2338 2793 novum
2389 2731 2511 2794 hoc
2553 2739 2663 2794 aut
2707 2754 2944 2812 recen-3,

739 2839 980 2921 Legem
1030 2846 1248 2902 autem
1295 2838 1362 2901 id
1411 2838 1691 2901 divinam
1737 2836 2146 2919 permittere:
2201 2835 2508 2898 vidissent
2538 2845 2603 2898 et
2643 2837 2946 2901 Ecclesioe

737 2943 1171 3005 auctoritatem
1203 2961 1424 3004 curare
1455 2962 1543 3017 se,
1577 2947 1643 3003 et
1667 2941 2111 3023 juramentum
2142 2945 2361 3002 tamen
2386 2941 2605 3023 jurare
2635 2941 2944 3022 potuisse.

740 3043 1111 3107 Chauceum
1164 3064 1314 3105 vero
1360 3043 1462 3106 vel
1506 3042 1703 3105 Liber
1757 3047 1775 3076 ‘
1794 3043 1897 3107 De
1944 3062 2094 3104 vera
2141 3041 2506 3105 obedientia
2529 3043 2547 3073 ’
2596 3042 2946 3107 Gardineri

740 3147 966 3210 docere
995 3146 1329 3229 potuisset,
1353 3145 1473 3222 vel,
1501 3146 1634 3228 (qui
1665 3152 1807 3207 tum
1838 3145 1908 3207 in
1937 3144 2091 3207 vivis
2114 3147 2274 3227 erat)
2304 3146 2636 3208 Salmeron
2665 3146 2832 3229 ipse3
2879 3155 2947 3211 et

740 3249 975 3332 dogma
1002 3249 1144 3327 hoc,
1178 3257 1245 3311 et
1273 3269 1422 3311 vero
1453 3249 1679 3331 praxin
1710 3248 1847 3331 ejus
1881 3269 2014 3311 non
2044 3269 2281 3328 novam,
2316 3249 2427 3313 sed
2458 3249 2538 3313 ab
2569 3251 2948 3332 antiquitate

739 3373 944 3434 usque
973 3353 1237 3415 ultima:
1276 3351 1413 3434 jam
1446 3350 1600 3414 inde
1630 3351 1805 3414 enim
1837 3372 1876 3413 a
1904 3350 2079 3433 Lege
2108 3352 2390 3416 naturali
2434 3361 2501 3417 et
2531 3353 2846 3434 Mosaica‚
2878 3355 2949 3419 id

741 3463 859 3535 est,
892 3456 970 3519 ab
1001 3457 1179 3518 initio
1208 3475 1447 3537 semper
1462 3454 1671 3535 fuisse
1699 3457 1810 3519 sic.

827 3562 1153 3641 Martyres
1202 3581 1352 3623 vero
1405 3561 1669 3622 Sancto-s
1722 3580 1835 3623 cur
1893 3579 2001 3623 eos
2061 3560 2339 3643 appellat
2400 3561 2781 3640 cardinalis,
2836 3564 2952 3647 qui

742 3664 936 3727 fidem
984 3684 1164 3726 suam
1208 3662 1479 3745 professi
1532 3683 1665 3724 non
1716 3663 1923 3725 sunt?
2022 3661 2168 3725 Imo
2222 3663 2374 3744 (qua
2438 3663 2519 3727 ab
2574 3663 2730 3746 ipsis
2792 3665 2944 3749 fuit)

742 3769 935 3832 fidem
964 3768 1134 3831 hanc
1164 3788 1347 3831 suam
1387 3767 1579 3848 plane
1620 3766 2070 3849 abnegarunt?
2158 3767 2356 3846 Nam,
2390 3788 2538 3831 cum
2567 3789 2685 3850 pro
2715 3769 2950 3834 Tribu-

741 3873 874 3936 nali
920 3877 1112 3954 caput
1151 3879 1318 3935 esset
1350 3870 1642 3935 Actionis
1671 3870 1741 3932 in
1771 3890 1897 3946 eos,
1932 3869 2103 3952 quod
2130 3869 2431 3934 vicesimo
2463 3871 2566 3935 die
2604 3873 2847 3955 Aprilis
2877 3875 2952 3938 in

741 3981 911 4044 Arce
963 3976 1364 4040 Londinensi
1424 3997 1639 4039 coram
1699 3974 1962 4038 diversis
2015 3974 2212 4057 Regis
2272 3975 2549 4039 subditis
2612 3976 2951 4056 dixissent,

742 4080 1047 4148 Ecclesiae
1082 4080 1460 4163 Anglicanae
1493 4079 1842 4162 primatum
1883 4077 2040 4160 Regi
2070 4100 2203 4141 non
2234 4078 2748 4143 concedendum¹
2763 4107 2784 4159 ς
2834 4104 2949 4147 ne-

741 4209 893 4272 gare
921 4187 1163 4249 factum
1197 4183 1452 4267 singuli,
1483 4204 1604 4246 nec
1636 4203 1702 4245 se
1731 4183 1861 4246 tale
1893 4183 2047 4266 quid
2078 4183 2314 4246 dixisse
2344 4206 2651 4267 unquam,
2684 4192 2750 4249 et
2780 4187 2951 4270 (quae

806 4330 819 4362 ¹
856 4331 913 4396 [J
918 4347 962 4380 o.
982 4330 1169 4393 Paria]
1198 4329 1272 4379 De
1287 4329 1541 4378 Potestate
1694 4327 1727 4376 l.
1748 4331 1801 4377 et
1888 4329 1941 4376 et
1974 4327 2133 4376 Secul.
2161 4326 2325 4376 'Px-act.
2355 4327 2486 4376 lxiii.
2527 4327 2666 4392 [Op.]
2708 4332 2833 4380 tom.
2858 4332 2954 4383 xii.

742 4396 913 4461 Papal.
958 4410 1000 4444 c.
1030 4395 1135 4444 xix.
1184 4392 1343 4458 [apud
1378 4393 1603 4443 Goldast.
1702 4407 1799 4453 on„
1889 4391 1958 4456 [p.
1980 4393 2090 4440 428.
2116 4392 2208 4441 col.
2230 4393 2274 4441 1.
2299 4392 2404 4441 Col.
2429 4392 2552 4454 Agr.
2579 4393 2751 4457 1604]

741 4466 865 4511 tom.
882 4460 935 4508 ii.
960 4473 1009 4521 p.
1030 4459 1171 4582 154q
1954 4453 1967 4487 ¹
2004 4455 2084 4504 Ex
2107 4456 2347 4506 Archivis
2365 4456 2544 4518 Regni.

807 4524 829 4556 ¹⁸
856 4523 1143 4587 [Salmeron
1210 4522 1287 4571 De
1318 4523 1572 4572 potestate
1614 4523 1796 4572 Eccles.
