3165 4959
466 874 549 938 73
1422 866 1530 932 AD
1577 868 1798 932 CAPUT
1840 866 2160 931 Tnn'rrum.

1133 1034 1233 1096 De
1269 1032 1744 1115 Comparatione
1771 1030 1983 1113 Reyis,
2015 1035 2077 1092 et
2106 1028 2451 1111 Pontifici-9.

360 1352 490 1418 [Rex
515 1351 661 1403 nulla
775 1336 1109 1418 Subjacere
1155 1357 1366 1415 suum,
1406 1344 1597 1420 urget
1643 1336 1860 1416 etiam,
1909 1334 2228 1417 subjacere
2270 1332 2411 1397 vult
2461 1332 2677 1416 Reges
2727 1334 2895 1397 Pon-

357 1423 606 1536 {ssffi‘cee
682 1439 877 1505 tifici:
924 1462 1065 1520 nec,
1103 1440 1434 1504 Pontifieis
1479 1461 1630 1504 eum
1676 1460 1853 1524 paee,
1886 1439 2014 1503 diei
2051 1437 2347 1517 sustinet,
2379 1437 2608 1520 Regem
2650 1457 2718 1499 se
2764 1438 2896 1500 ulla

357 1547 603 1614 inferiora
685 1564 765 1607 eoe
797 1549 992 1625 parte
1042 1541 1402 1624 inferiorem
1448 1564 1571 1606 non
1619 1543 1868 1606 medere
1880 1551 1925 1620 ¹¹,
1955 1563 2090 1605 non
2129 1541 2232 1605 vel
2272 1561 2349 1605 eo
2395 1539 2677 1619 nomine,
2724 1540 2898 1623 quod

684 1646 768 1711 ad
828 1648 1040 1729 Reges
1096 1667 1233 1710 non
1289 1645 1506 1709 minus
1566 1651 1834 1728 spectet,
1895 1645 2136 1708 Edicta
2185 1642 2399 1727 potius
2451 1665 2644 1726 quam
2705 1643 2897 1706 libros

684 1750 978 1829 seribere,
1014 1771 1205 1834 quam
1252 1749 1334 1813 ad
1376 1749 1778 1813 Pontificem.
1868 1749 2059 1812 Jacta
2101 1753 2194 1811 est
2240 1749 2399 1827 alea,
2435 1747 2645 1829 Reges
2684 1747 2895 1829 subja·

683 1873 820 1917 cere
885 1859 1139 1937 oportet
1197 1871 1422 1930 omnes,
1484 1859 1551 1916 et
1610 1851 1930 1935 Episcopo
1989 1852 2286 1915 Romano
2343 1850 2673 1931 mser-iores
2732 1871 2891 1915 esse.

680 1959 851 2021 Puto
890 1961 1129 2034 autem,
1159 1955 1232 2018 in
1275 1955 1398 2020 hae
1443 1975 1637 2019 eausa
1683 1954 1848 2038 Regi
1875 1960 2097 2019 nostro
2125 1956 2449 2036 peculiare
2486 1954 2686 2018 nihil:
2733 1974 2892 2018 com-

679 2079 921 2123 munem
949 2060 1018 2121 in
1046 2079 1115 2122 eo
1147 2078 1400 2122 causam
1428 2060 1537 2141 aqi
1571 2058 1858 2136 Caesam,
1889 2064 1950 2121 et
1972 2058 2211 2140 Reyum
2238 2058 2525 2137 omnium,
2551 2078 2636 2121 an
2666 2057 2893 2140 aequali

681 2163 1031 2247 Majestate
1089 2162 1390 2246 componi
1446 2160 1699 2246 possint
1757 2182 1906 2225 eum
1965 2162 2271 2244 Pontifice
2321 2162 2480 2245 jam,
2538 2168 2687 2244 post
2746 2182 2895 2225 eum

687 2267 1061 2340 Cardinale;
1119 2266 1385 2330 tandem
1431 2264 1627 2330 etiam
1673 2285 1821 2329 cum
1870 2265 2385 2348 Presbyterorum
2425 2286 2538 2330 seu
2583 2266 2895 2329 Diacono-

680 2390 822 2432 rum
849 2388 1219 2433 novwszmw.
2431 2388 2442 2398 “

748 2488 991 2540 Censores
1012 2486 1280 2552 Apologiae
1305 2502 1409 2538 non
1431 2486 1690 2548 dixerunt,
1715 2487 1837 2538 Non
1859 2502 1968 2537 esse
1989 2486 2257 2537 Pontifieis
2277 2487 2436 2537 libros
2456 2487 2688 2548 seribere,
2711 2491 2801 2537 sut
2832 2487 2895 2538 de

811 2569 963 2620 rebus
982 2569 1303 2632 Theologieis
1324 2568 1584 2631 disputare
1605 2585 1616 2617 :
1650 2568 1851 2618 Scimus
1872 2568 2010 2617 enim
2035 2566 2307 2618 Pontifices
2329 2569 2527 2631 aliquos
2548 2582 2737 2632 magna
2779 2584 2895 2618 eum

812 2650 963 2702 laude
977 2651 1135 2700 libros
1155 2650 1477 2700 doctissimos
1497 2648 1716 2700 edidisse
1736 2667 1749 2709 ;
1795 2649 1906 2714 [sed
1929 2648 2143 2699 Paulum
2159 2647 2223 2699 V.
2241 2648 2556 2711 Pontificem,
2577 2664 2693 2699 eum
2711 2648 2896 2700 Brevia

814 2732 907 2783 illa
938 2731 1004 2783 sd
1039 2732 1237 2796 Anglos
1273 2732 1437 2792 misit,
1468 2745 1574 2782 non
1615 2731 1824 2791 librum,
1863 2729 1951 2780 sed
1989 2729 2273 2795 Epistolam
2312 2730 2644 2782 hortatoriam
2680 2731 2894 2791 misisse,

814 2828 931 2878 quse
943 2813 1107 2865 vieem
1122 2814 1278 2865 edicti
1291 2817 1502 2877 gereret.
1549 2812 1879 2863 Addiderunt
1893 2812 2065 2870 etiam,
2083 2811 2462 2875 imprudentem
2475 2813 2580 2863 fore
2596 2813 2896 2878 principem,

814 2896 904 2959 qni
919 2896 1149 2959 iniquam
1159 2897 1410 2947 actionem
1423 2895 1689 2959 prohibere
1705 2908 1758 2944 se
1771 2908 1873 2944 non
1888 2908 2030 2957 posse
2046 2893 2285 2955 crederet,
2299 2894 2401 2946 nisi
2418 2895 2609 2945 librum
2622 2895 2895 2957 integrum,

811 2992 953 3028 more
984 2977 1411 3041 philosophorum,
1436 2973 2012 3027 conscriberetb.—Beu.
2042 2976 2195 3041 Apol.
2229 2990 2322 3040 pro
2356 2975 2531 3040 Resp]
2569 2990 2618 3040 p.
2650 2977 2728 3027 25.
2757 2975 2896 3041 [Op.,

813 3061 937 3109 tom.
961 3060 1047 3109 vii
1069 3058 1162 3109 σοι.
1189 3059 1299 3111 719.
1326 3056 1417 3123 A.]

362 3171 660 3250 [nequidem
774 3157 870 3220 Ut
899 3178 1066 3235 vero,
1097 3178 1181 3221 ne
1210 3161 1430 3240 pereat
1461 3155 1764 3220 Pontifici
1804 3156 1946 3219 laus
1985 3155 2139 3234 ulla,
2182 3157 2287 3240 (ne
2326 3156 2396 3219 in
2428 3156 2608 3220 libris
2638 3156 2896 3241 quidem

361 3238 585 3353 ffirffiff
685 3280 911 3342 magna
956 3280 1093 3323 cum
1133 3259 1317 3323 laude
1361 3258 1735 3341 scribendis)
1777 3258 1909 3338 sed,
1940 3263 2017 3322 ut
2056 3258 2295 3342 primas
2323 3265 2544 3323 teneat
2578 3259 2649 3323 in
2686 3260 2895 3324 omni-

361 3365 477 3430 dis]
685 3362 843 3441 bus;
915 3365 1224 3427 Summus
1277 3363 1658 3441 Monareha‚
1710 3363 2018 3426 Summus
2081 3362 2458 3441 Hierareha,
2514 3362 2898 3446 Disputator

685 3466 881 3531 etiam
903 3467 1219 3550 egregius,
1244 3473 1309 3531 et
1329 3466 1629 3529 librorum
1660 3466 1987 3546 Scriptor5
2029 3486 2151 3529 nec
2179 3465 2250 3527 in
2279 3466 2662 3547 Theoloyicis
2682 3467 2895 3545 mod0,

686 3571 800 3635 sed
863 3570 1059 3655 (quod
1116 3570 1387 3653 mireris)
1440 3570 1637 3634 etiam
1693 3569 1765 3632 in
1812 3569 2321 3649 Philosophia-im
2391 3569 2501 3652 (et,
2554 3570 2725 3653 quod
2772 3571 2897 3635 Ca-

683 3675 959 3739 nonistae
988 3675 1234 3755 dieunt,
1255 3675 1484 3738 saltem
1514 3674 1891 3736 auctoritate
1908 3673 2148 3735 Doctor
2178 3672 2279 3751 sit,
2306 3672 2361 3735 si
2381 3692 2517 3736 non
2546 3675 2891 3757 scientiae)

686 3778 766 3843 de
795 3801 872 3845 eo
900 3779 1182 3845 monitos
1211 3799 1330 3843 nos
1357 3777 1515 3856 vult,
1540 3776 1768 3839 Libros
1798 3776 2184 3839 doctissimos
2214 3797 2254 3838 α
2284 3776 2648 3858 quibusdam
2670 3798 2898 3861 mayna

685 3903 824 3946 cum
870 3883 1054 3947 laude
1101 3883 1500 3964 conscriptos.
1594 3881 1924 3948 Quorsum
1965 3880 2150 3944 haee?
2200 3880 2410 3945 Credo
2454 3881 2773 3964 equidem,
2821 3890 2897 3947 ut

686 3986 844 4050 libro
872 3987 1090 4051 locum
1119 3986 1381 4064 faceret,
1415 4005 1608 4068 quem
1635 3982 1833 4047 habet
1871 3983 2011 4067 jam
2058 3982 2179 4046 sub
2207 3983 2443 4047 incude
2473 3984 2795 4064 Pontifex,
2824 3985 2897 4049 in

687 4111 834 4174 quo,
863 4091 1138 4153 rationes
1182 4097 1249 4153 et
1292 4093 1657 4171 arqumenta
1701 4087 2052 4170 depromet,
2085 4107 2228 4170 quae
2272 4086 2344 4151 in
2385 4087 2517 4151 Vic'
2548 4089 2749 4152 edicto
2780 4110 2898 4153 suo

754 4236 776 4259 ⁸
810 4227 1009 4278 Praefat,
1034 4226 1216 4277 Monit,
1251 4241 1303 4290 p.
1321 4225 1367 4276 4.
1394 4225 1471 4291 [p.
1497 4225 1572 4288 5.]
1827 4222 2128 4273 auctoritate
2144 4222 2351 4272 sednon
2367 4223 2594 4284 seientia,
2610 4226 2731 4288 quis
2742 4227 2895 4275 multi

756 4290 780 4324 ὓ
814 4292 971 4357 [Vide
993 4291 1315 4355 Resp.'l'orti,
1375 4292 1511 4351 .25.;
1544 4293 1600 4339 et
1613 4288 1738 4340 Bell.
1828 4293 1948 4337 sunt
1980 4289 2068 4352 qui
2098 4287 2186 4351 jus
2218 4288 2367 4338 civile
2402 4289 2896 4351 ignorant„”—Bald.

692 4356 804 4420 Op„
825 4364 950 4407 tom.
973 4358 1061 4407 vii.
1084 4357 1176 4407 eol.
1201 4358 1311 4406 648.
1380 4393 1392 4405 .
1417 4354 1509 4419 D.]
1833 4352 2016 4402 Ubald.
2053 4351 2223 4403 Perus.
2262 4367 2412 4429 super
2443 4352 2691 4404 Decretal.
2726 4356 2814 4405 lib.
2838 4356 2893 4404 ii.

754 4430 775 4454 ⁶
810 4421 1025 4486 [“Nota
1040 4422 1139 4482 hie,
1161 4421 1295 4483 quod
1313 4421 1451 4484 Papa
1471 4422 1548 4470 est
1571 4418 1747 4468 doctor
1833 4417 1933 4467 Tit.
1959 4417 2065 4467 ‘De
2088 4417 2366 4468 Confessus!
2399 4432 2506 4486 esp.
2531 4419 2566 4469 i.
2602 4423 2616 4445 ‘
2631 4418 2760 4469 Cum
2792 4434 2896 4469 mo·

686 4487 946 4548 utriusque
960 4485 1094 4548 juris
1114 4500 1173 4535 eo
1195 4487 1305 4549 ipw
1327 4483 1461 4548 quod
1479 4488 1555 4533 est
1579 4484 1745 4548 Psps3
1834 4482 2141 4532 misterium!
2199 4482 2355 4532 Num.
2384 4485 2427 4533 6.
2470 4482 2552 4533 fol.
2582 4486 2696 4534 196.
2728 4486 2822 4535 eol.
2849 4488 2894 4534 2.

684 4554 738 4601 et
776 4565 880 4600 non
912 4554 991 4599 est
1027 4548 1258 4612 dubium,
1295 4549 1429 4613 quod
1458 4553 1538 4599 est
1571 4547 1749 4598 doctor
1836 4546 2018 4598 Venet.
2047 4547 2209 4611 1595]
