<?xml version="1.0" encoding="UTF-8"?>
<!DOCTYPE html PUBLIC "-//W3C//DTD XHTML 1.0 Transitional//EN"
    "http://www.w3.org/TR/xhtml1/DTD/xhtml1-transitional.dtd">
<html xmlns="http://www.w3.org/1999/xhtml" xml:lang="en" lang="en">
 <head>
  <title>
</title>
<meta http-equiv="Content-Type" content="text/html;charset=utf-8" />
  <meta name='ocr-system' content='tesseract 3.04.00' />
  <meta name='ocr-capabilities' content='ocr_page ocr_carea ocr_par ocr_line ocrx_word'/>
</head>
<body>
  <div class='ocr_page' id='page_1' title='image "./responsioadapol01andrgoog_0373.png"; bbox 0 0 3165 4959; ppageno 0'>
   <div class='ocr_carea' id='block_1_1' title="bbox 947 324 2432 388">
    <p class='ocr_par' dir='ltr' id='par_1_1' title="bbox 947 324 2432 388">
     <span class='ocr_line' id='line_1_1' title="bbox 947 324 2432 388; baseline 0 -2"><span class='ocrx_word' id='word_1_1' title='bbox 947 339 1310 387; x_wconf 73' lang='lat' dir='ltr'>APOLOGIAM</span> <span class='ocrx_word' id='word_1_2' title='bbox 1354 339 1716 388; x_wconf 72' lang='lat' dir='ltr'><strong>aasmNsio.</strong></span> <span class='ocrx_word' id='word_1_3' title='bbox 2305 324 2432 386; x_wconf 87' lang='grc'><strong>337</strong></span> 
     </span>
    </p>
   </div>
   <div class='ocr_carea' id='block_1_2' title="bbox 222 492 2438 1607">
    <p class='ocr_par' dir='ltr' id='par_1_2' title="bbox 222 492 2438 1607">
     <span class='ocr_line' id='line_1_2' title="bbox 222 492 2436 577; baseline 0 -23"><span class='ocrx_word' id='word_1_4' title='bbox 222 497 506 555; x_wconf 78' lang='lat' dir='ltr'><strong>statuunt</strong></span> <span class='ocrx_word' id='word_1_5' title='bbox 528 520 546 555; x_wconf 87' lang='lat'><strong>.-</strong></span> <span class='ocrx_word' id='word_1_6' title='bbox 596 492 709 556; x_wconf 89' lang='lat' dir='ltr'><strong>sed</strong></span> <span class='ocrx_word' id='word_1_7' title='bbox 756 514 986 576; x_wconf 88' lang='lat' dir='ltr'><strong>neque,</strong></span> <span class='ocrx_word' id='word_1_8' title='bbox 1021 501 1317 577; x_wconf 78' lang='lat' dir='ltr'><strong>tanquam</strong></span> <span class='ocrx_word' id='word_1_9' title='bbox 1363 495 1451 556; x_wconf 86' lang='lat' dir='ltr'><strong>ad</strong></span> <span class='ocrx_word' id='word_1_10' title='bbox 1494 500 1788 557; x_wconf 77' lang='lat' dir='ltr'><strong>ceter-nam</strong></span> <span class='ocrx_word' id='word_1_11' title='bbox 1835 494 2116 570; x_wconf 78' lang='lat' dir='ltr'><strong>salutem,</strong></span> <span class='ocrx_word' id='word_1_12' title='bbox 2155 512 2436 555; x_wconf 79' lang='lat' dir='ltr'><strong>necessa-</strong></span> 
     </span>
     <span class='ocr_line' id='line_1_3' title="bbox 224 595 2432 675; baseline 0.001 -20"><span class='ocrx_word' id='word_1_13' title='bbox 224 596 409 656; x_wconf 80' lang='lat' dir='ltr'><strong>rium.</strong></span> <span class='ocrx_word' id='word_1_14' title='bbox 473 595 628 658; x_wconf 92' lang='lat' dir='ltr'><strong>Non</strong></span> <span class='ocrx_word' id='word_1_15' title='bbox 656 598 934 659; x_wconf 82' lang='lat' dir='ltr'><strong>unanimi</strong></span> <span class='ocrx_word' id='word_1_16' title='bbox 966 618 1280 675; x_wconf 74' lang='lat' dir='ltr'><strong>consensu,</strong></span> <span class='ocrx_word' id='word_1_17' title='bbox 1300 597 1544 659; x_wconf 83' lang='lat' dir='ltr'><strong>fatetur</strong></span> <span class='ocrx_word' id='word_1_18' title='bbox 1569 596 1864 659; x_wconf 78' lang='lat' dir='ltr'><strong>Hilarius</strong></span> <span class='ocrx_word' id='word_1_19' title='bbox 1894 596 2109 658; x_wconf 78' lang='lat' dir='ltr'><strong>varias</strong></span> <span class='ocrx_word' id='word_1_20' title='bbox 2126 596 2432 675; x_wconf 78' lang='lat' dir='ltr'><strong>plurimo-</strong></span> 
     </span>
     <span class='ocr_line' id='line_1_4' title="bbox 223 696 2431 782; baseline -0.001 -24"><span class='ocrx_word' id='word_1_21' title='bbox 223 718 364 758; x_wconf 81' lang='lat' dir='ltr'><strong>rum</strong></span> <span class='ocrx_word' id='word_1_22' title='bbox 394 698 711 778; x_wconf 81' lang='lat' dir='ltr'><strong>opiniones</strong></span> <span class='ocrx_word' id='word_1_23' title='bbox 728 696 761 777; x_wconf 85' lang='lat'><strong>¹,</strong></span> <span class='ocrx_word' id='word_1_24' title='bbox 796 720 955 781; x_wconf 88' lang='lat' dir='ltr'><strong>quas</strong></span> <span class='ocrx_word' id='word_1_25' title='bbox 984 700 1119 782; x_wconf 91' lang='lat' dir='ltr'><strong>ipse</strong></span> <span class='ocrx_word' id='word_1_26' title='bbox 1148 704 1372 762; x_wconf 83' lang='lat' dir='ltr'><strong>tamen</strong></span> <span class='ocrx_word' id='word_1_27' title='bbox 1406 720 1542 762; x_wconf 92' lang='lat' dir='ltr'><strong>non</strong></span> <span class='ocrx_word' id='word_1_28' title='bbox 1577 698 1887 780; x_wconf 86' lang='lat' dir='ltr'><strong>sequitur.</strong></span> <span class='ocrx_word' id='word_1_29' title='bbox 1970 697 2431 780; x_wconf 69' lang='lat' dir='ltr'>Hieronymus,</span> 
     </span>
     <span class='ocr_line' id='line_1_5' title="bbox 233 799 2431 883; baseline 0 -22"><span class='ocrx_word' id='word_1_30' title='bbox 233 801 599 880; x_wconf 78' lang='lat' dir='ltr'><strong><em>Quanquam</em></strong></span> <span class='ocrx_word' id='word_1_31' title='bbox 637 801 819 862; x_wconf 83' lang='lat' dir='ltr'><strong>multi</strong></span> <span class='ocrx_word' id='word_1_32' title='bbox 847 803 996 878; x_wconf 75' lang='lat' dir='ltr'><strong>sint,</strong></span> <span class='ocrx_word' id='word_1_33' title='bbox 1028 802 1135 883; x_wconf 79' lang='lat' dir='ltr'><strong>qui</strong></span> <span class='ocrx_word' id='word_1_34' title='bbox 1165 802 1259 862; x_wconf 80' lang='lat' dir='ltr'><strong>ita</strong></span> <span class='ocrx_word' id='word_1_35' title='bbox 1296 800 1574 877; x_wconf 79' lang='lat' dir='ltr'><strong>credant,</strong></span> <span class='ocrx_word' id='word_1_36' title='bbox 1600 819 1666 861; x_wconf 79' lang='lat' dir='ltr'><strong>se</strong></span> <span class='ocrx_word' id='word_1_37' title='bbox 1702 805 1908 861; x_wconf 84' lang='lat' dir='ltr'><strong>tamen</strong></span> <span class='ocrx_word' id='word_1_38' title='bbox 1943 820 2065 862; x_wconf 79' lang='lat' dir='ltr'><strong>non</strong></span> <span class='ocrx_word' id='word_1_39' title='bbox 2101 799 2431 862; x_wconf 76' lang='lat' dir='ltr'><strong>crederem.</strong></span> 
     </span>
     <span class='ocr_line' id='line_1_6' title="bbox 227 892 2434 985; baseline -0.001 -21"><span class='ocrx_word' id='word_1_40' title='bbox 227 901 427 978; x_wconf 82' lang='lat' dir='ltr'>Beda,</span> <span class='ocrx_word' id='word_1_41' title='bbox 455 902 720 974; x_wconf 77' lang='lat' dir='ltr'><strong>Quidam</strong></span> <span class='ocrx_word' id='word_1_42' title='bbox 751 904 844 966; x_wconf 76' lang='lat' dir='ltr'><strong>sic</strong></span> <span class='ocrx_word' id='word_1_43' title='bbox 865 930 884 964; x_wconf 92' lang='lat'><em>:</em></span> <span class='ocrx_word' id='word_1_44' title='bbox 934 892 1186 985; x_wconf 66' lang='lat' dir='ltr'><strong>quidam</strong></span> <span class='ocrx_word' id='word_1_45' title='bbox 1216 904 1405 965; x_wconf 81' lang='lat' dir='ltr'><strong>aliter</strong></span> <span class='ocrx_word' id='word_1_46' title='bbox 1425 912 1474 964; x_wconf 86' lang='lat'><strong>¹¹.</strong></span> <span class='ocrx_word' id='word_1_47' title='bbox 1568 902 1915 984; x_wconf 77' lang='lat' dir='ltr'><strong>RupertuS,</strong></span> <span class='ocrx_word' id='word_1_48' title='bbox 1951 902 2290 964; x_wconf 81' lang='lat' dir='ltr'><strong><em>Doctorum</em></strong></span> <span class='ocrx_word' id='word_1_49' title='bbox 2321 902 2434 962; x_wconf 79' lang='lat' dir='ltr'><strong>alii</strong></span> 
     </span>
     <span class='ocr_line' id='line_1_7' title="bbox 225 1003 2438 1087; baseline 0 -23"><span class='ocrx_word' id='word_1_50' title='bbox 225 1003 505 1081; x_wconf 78' lang='lat' dir='ltr'><strong>credunt,</strong></span> <span class='ocrx_word' id='word_1_51' title='bbox 539 1005 653 1066; x_wconf 77' lang='lat' dir='ltr'><strong>alii</strong></span> <span class='ocrx_word' id='word_1_52' title='bbox 682 1025 826 1068; x_wconf 81' lang='lat' dir='ltr'><strong>vero</strong></span> <span class='ocrx_word' id='word_1_53' title='bbox 857 1026 1244 1087; x_wconf 76' lang='lat' dir='ltr'><strong>nequaquam</strong></span> <span class='ocrx_word' id='word_1_54' title='bbox 1260 1017 1306 1068; x_wconf 86' lang='lat'><strong>⁰.</strong></span> <span class='ocrx_word' id='word_1_55' title='bbox 1361 1006 1630 1068; x_wconf 67' lang='lat' dir='ltr'><strong>Fatetur</strong></span> <span class='ocrx_word' id='word_1_56' title='bbox 1658 1003 1882 1067; x_wconf 87' lang='lat' dir='ltr'><strong>Abbas</strong></span> <span class='ocrx_word' id='word_1_57' title='bbox 1913 1004 1955 1065; x_wconf 89' lang='lat' dir='ltr'><strong>J</strong></span> <span class='ocrx_word' id='word_1_58' title='bbox 1959 1003 2227 1080; x_wconf 88' lang='lat' dir='ltr'><strong>oachim,</strong></span> <span class='ocrx_word' id='word_1_59' title='bbox 2257 1003 2438 1075; x_wconf 81' lang='lat' dir='ltr'><strong>Quod</strong></span> 
     </span>
     <span class='ocr_line' id='line_1_8' title="bbox 226 1106 2433 1184; baseline 0 -18"><span class='ocrx_word' id='word_1_60' title='bbox 226 1108 293 1167; x_wconf 81' lang='lat' dir='ltr'><strong>in</strong></span> <span class='ocrx_word' id='word_1_61' title='bbox 324 1107 438 1169; x_wconf 75' lang='lat' dir='ltr'><strong>hoc</strong></span> <span class='ocrx_word' id='word_1_62' title='bbox 483 1108 751 1170; x_wconf 80' lang='lat' dir='ltr'><strong>articulo</strong></span> <span class='ocrx_word' id='word_1_63' title='bbox 799 1129 921 1170; x_wconf 81' lang='lat' dir='ltr'><strong>non</strong></span> <span class='ocrx_word' id='word_1_64' title='bbox 962 1109 1084 1171; x_wconf 76' lang='lat' dir='ltr'><strong>sibi</strong></span> <span class='ocrx_word' id='word_1_65' title='bbox 1114 1108 1479 1171; x_wconf 78' lang='lat' dir='ltr'><strong>conveniunt</strong></span> <span class='ocrx_word' id='word_1_66' title='bbox 1508 1107 1759 1184; x_wconf 82' lang='lat' dir='ltr'><strong>Patres,</strong></span> <span class='ocrx_word' id='word_1_67' title='bbox 1790 1106 1907 1167; x_wconf 79' lang='lat' dir='ltr'><strong>sed</strong></span> <span class='ocrx_word' id='word_1_68' title='bbox 1924 1107 2155 1168; x_wconf 78' lang='lat' dir='ltr'><strong>diversi</strong></span> <span class='ocrx_word' id='word_1_69' title='bbox 2186 1106 2433 1168; x_wconf 78' lang='lat' dir='ltr'><strong>diversa</strong></span> 
     </span>
     <span class='ocr_line' id='line_1_9' title="bbox 223 1207 2437 1289; baseline -0 -18"><span class='ocrx_word' id='word_1_70' title='bbox 223 1210 498 1272; x_wconf 78' lang='lat' dir='ltr'><strong>sentiant</strong></span> <span class='ocrx_word' id='word_1_71' title='bbox 509 1222 559 1272; x_wconf 75' lang='grc' dir='ltr'><strong>Ρ.</strong></span> <span class='ocrx_word' id='word_1_72' title='bbox 628 1211 773 1274; x_wconf 89' lang='lat' dir='ltr'><strong>Nec</strong></span> <span class='ocrx_word' id='word_1_73' title='bbox 797 1212 887 1273; x_wconf 86' lang='lat' dir='ltr'><strong>ad</strong></span> <span class='ocrx_word' id='word_1_74' title='bbox 901 1213 1165 1274; x_wconf 80' lang='lat' dir='ltr'><strong>salutem</strong></span> <span class='ocrx_word' id='word_1_75' title='bbox 1186 1211 1623 1288; x_wconf 78' lang='lat' dir='ltr'><strong>necessarium,</strong></span> <span class='ocrx_word' id='word_1_76' title='bbox 1642 1209 1885 1272; x_wconf 83' lang='lat' dir='ltr'><strong>fatetur</strong></span> <span class='ocrx_word' id='word_1_77' title='bbox 1904 1207 2098 1287; x_wconf 90' lang='lat' dir='ltr'><strong>idem,</strong></span> <span class='ocrx_word' id='word_1_78' title='bbox 2127 1208 2437 1289; x_wconf 79' lang='lat' dir='ltr'><strong><em>Quicquid</em></strong></span> 
     </span>
     <span class='ocr_line' id='line_1_10' title="bbox 225 1310 2431 1396; baseline -0 -23"><span class='ocrx_word' id='word_1_79' title='bbox 225 1313 306 1373; x_wconf 84' lang='lat' dir='ltr'><strong>ab</strong></span> <span class='ocrx_word' id='word_1_80' title='bbox 353 1313 452 1374; x_wconf 76' lang='lat' dir='ltr'><strong>his</strong></span> <span class='ocrx_word' id='word_1_81' title='bbox 478 1313 578 1375; x_wconf 87' lang='lat' dir='ltr'><strong>vel</strong></span> <span class='ocrx_word' id='word_1_82' title='bbox 603 1313 733 1375; x_wconf 71' lang='lat' dir='ltr'><strong>illis</strong></span> <span class='ocrx_word' id='word_1_83' title='bbox 773 1314 1026 1393; x_wconf 81' lang='lat' dir='ltr'><strong>dicitur,</strong></span> <span class='ocrx_word' id='word_1_84' title='bbox 1059 1315 1403 1396; x_wconf 79' lang='lat' dir='ltr'><em>opinionem</em></span> <span class='ocrx_word' id='word_1_85' title='bbox 1446 1314 1650 1395; x_wconf 74' lang='lat' dir='ltr'><strong>mayis</strong></span> <span class='ocrx_word' id='word_1_86' title='bbox 1685 1332 1815 1374; x_wconf 77' lang='lat' dir='ltr'><strong>esse</strong></span> <span class='ocrx_word' id='word_1_87' title='bbox 1860 1332 1992 1393; x_wconf 79' lang='lat' dir='ltr'><strong>quoe</strong></span> <span class='ocrx_word' id='word_1_88' title='bbox 2015 1310 2172 1392; x_wconf 83' lang='lat' dir='ltr'><strong><em>salli</em></strong></span> <span class='ocrx_word' id='word_1_89' title='bbox 2200 1317 2431 1391; x_wconf 76' lang='lat' dir='ltr'><strong>potest,</strong></span> 
     </span>
     <span class='ocr_line' id='line_1_11' title="bbox 224 1414 2429 1499; baseline 0 -23"><span class='ocrx_word' id='word_1_90' title='bbox 224 1435 413 1495; x_wconf 78' lang='lat' dir='ltr'><strong>quam</strong></span> <span class='ocrx_word' id='word_1_91' title='bbox 442 1416 731 1479; x_wconf 81' lang='lat' dir='ltr'><strong><em>notitiam</em></strong></span> <span class='ocrx_word' id='word_1_92' title='bbox 752 1418 851 1479; x_wconf 83' lang='lat' dir='ltr'><strong>vel</strong></span> <span class='ocrx_word' id='word_1_93' title='bbox 876 1419 1273 1496; x_wconf 77' lang='lat' dir='ltr'><strong>intellectum,</strong></span> <span class='ocrx_word' id='word_1_94' title='bbox 1300 1418 1426 1499; x_wconf 80' lang='lat' dir='ltr'><strong>qui,</strong></span> <span class='ocrx_word' id='word_1_95' title='bbox 1445 1419 1501 1478; x_wconf 74' lang='lat' dir='ltr'><strong>si</strong></span> <span class='ocrx_word' id='word_1_96' title='bbox 1531 1436 1715 1478; x_wconf 77' lang='lat' dir='ltr'><strong>verus</strong></span> <span class='ocrx_word' id='word_1_97' title='bbox 1743 1420 1856 1492; x_wconf 78' lang='lat' dir='ltr'><strong>est,</strong></span> <span class='ocrx_word' id='word_1_98' title='bbox 1872 1414 2030 1496; x_wconf 82' lang='lat' dir='ltr'><strong><em>salli</em></strong></span> <span class='ocrx_word' id='word_1_99' title='bbox 2059 1436 2181 1477; x_wconf 79' lang='lat' dir='ltr'><strong>non</strong></span> <span class='ocrx_word' id='word_1_100' title='bbox 2198 1421 2429 1495; x_wconf 77' lang='lat' dir='ltr'><strong>potest.</strong></span> 
     </span>
     <span class='ocr_line' id='line_1_12' title="bbox 827 1544 1828 1607; baseline -0.001 -13"><span class='ocrx_word' id='word_1_101' title='bbox 827 1544 1001 1595; x_wconf 73' lang='lat' dir='ltr'><strong>Patres</strong></span> <span class='ocrx_word' id='word_1_102' title='bbox 1022 1560 1126 1596; x_wconf 90' lang='lat' dir='ltr'><strong>non</strong></span> <span class='ocrx_word' id='word_1_103' title='bbox 1149 1550 1349 1595; x_wconf 78' lang='lat' dir='ltr'><strong>tantum</strong></span> <span class='ocrx_word' id='word_1_104' title='bbox 1374 1559 1606 1596; x_wconf 71' lang='lat' dir='ltr'><strong>enoneos</strong></span> <span class='ocrx_word' id='word_1_105' title='bbox 1627 1544 1828 1607; x_wconf 74' lang='lat' dir='ltr'><strong>sacit‚=</strong></span> 
     </span>
    </p>
   </div>
   <div class='ocr_carea' id='block_1_3' title="bbox 216 1643 2666 2864">
    <p class='ocr_par' dir='ltr' id='par_1_3' title="bbox 216 1643 2666 2864">
     <span class='ocr_line' id='line_1_13' title="bbox 313 1643 2666 1725; baseline -0.002 -20"><span class='ocrx_word' id='word_1_106' title='bbox 313 1643 499 1721; x_wconf 86' lang='lat' dir='ltr'><strong>Tum,</strong></span> <span class='ocrx_word' id='word_1_107' title='bbox 547 1651 613 1706; x_wconf 83' lang='lat' dir='ltr'><strong>et</strong></span> <span class='ocrx_word' id='word_1_108' title='bbox 656 1643 818 1707; x_wconf 90' lang='lat' dir='ltr'><strong>illud</strong></span> <span class='ocrx_word' id='word_1_109' title='bbox 862 1644 1153 1709; x_wconf 87' lang='lat' dir='ltr'><strong>odiosum</strong></span> <span class='ocrx_word' id='word_1_110' title='bbox 1197 1645 1410 1723; x_wconf 89' lang='lat' dir='ltr'><strong>nimis,</strong></span> <span class='ocrx_word' id='word_1_111' title='bbox 1460 1645 1694 1708; x_wconf 82' lang='lat' dir='ltr'><strong>Patres</strong></span> <span class='ocrx_word' id='word_1_112' title='bbox 1737 1664 2023 1707; x_wconf 76' lang='lat' dir='ltr'><strong>erroneos</strong></span> <span class='ocrx_word' id='word_1_113' title='bbox 2057 1643 2249 1725; x_wconf 82' lang='lat' dir='ltr'><strong>facit,</strong></span> <span class='ocrx_word' id='word_1_114' title='bbox 2282 1664 2427 1706; x_wconf 90' lang='lat' dir='ltr'><strong>cum</strong></span> <span class='ocrx_word' id='word_1_115' title='bbox 2455 1652 2573 1717; x_wconf 79' lang='lat' dir='ltr'><strong>[Eos</strong></span> <span class='ocrx_word' id='word_1_116' title='bbox 2597 1669 2666 1702; x_wconf 85' lang='lat' dir='ltr'><strong>er-</strong></span> 
     </span>
     <span class='ocr_line' id='line_1_14' title="bbox 221 1718 2665 1829; baseline 0.001 -22"><span class='ocrx_word' id='word_1_117' title='bbox 221 1766 442 1808; x_wconf 85' lang='lat' dir='ltr'><strong>errare</strong></span> <span class='ocrx_word' id='word_1_118' title='bbox 483 1746 677 1810; x_wconf 92' lang='lat' dir='ltr'><strong>modo</strong></span> <span class='ocrx_word' id='word_1_119' title='bbox 718 1746 926 1824; x_wconf 71' lang='lat' dir='ltr'><strong>dicat,</strong></span> <span class='ocrx_word' id='word_1_120' title='bbox 973 1748 1220 1811; x_wconf 82' lang='lat' dir='ltr'><strong><em>Errare</em></strong></span> <span class='ocrx_word' id='word_1_121' title='bbox 1266 1754 1484 1811; x_wconf 86' lang='lat' dir='ltr'><strong>autem</strong></span> <span class='ocrx_word' id='word_1_122' title='bbox 1523 1746 1686 1810; x_wconf 91' lang='lat' dir='ltr'><strong>illud</strong></span> <span class='ocrx_word' id='word_1_123' title='bbox 1731 1753 2024 1829; x_wconf 84' lang='lat' dir='ltr'><strong>exponat,</strong></span> <span class='ocrx_word' id='word_1_124' title='bbox 2072 1767 2186 1829; x_wconf 90' lang='lat' dir='ltr'><strong>per</strong></span> <span class='ocrx_word' id='word_1_125' title='bbox 2229 1748 2432 1809; x_wconf 70' lang='lat' dir='ltr'><strong>minu-s·</strong></span> <span class='ocrx_word' id='word_1_126' title='bbox 2453 1718 2665 1780; x_wconf 66' lang='lat'><strong>‘⁰⁰⁸⁰⁸’]</strong></span> 
     </span>
     <span class='ocr_line' id='line_1_15' title="bbox 220 1848 2425 1933; baseline 0.001 -25"><span class='ocrx_word' id='word_1_127' title='bbox 220 1853 391 1910; x_wconf 83' lang='lat' dir='ltr'><strong>recte</strong></span> <span class='ocrx_word' id='word_1_128' title='bbox 440 1849 807 1931; x_wconf 74' lang='lat' dir='ltr'><strong>intelliyere,</strong></span> <span class='ocrx_word' id='word_1_129' title='bbox 856 1849 1026 1932; x_wconf 88' lang='lat' dir='ltr'><strong>quod</strong></span> <span class='ocrx_word' id='word_1_130' title='bbox 1094 1851 1258 1933; x_wconf 86' lang='lat' dir='ltr'><strong>(quis</strong></span> <span class='ocrx_word' id='word_1_131' title='bbox 1308 1872 1444 1913; x_wconf 89' lang='lat' dir='ltr'><strong>non</strong></span> <span class='ocrx_word' id='word_1_132' title='bbox 1500 1850 1677 1913; x_wconf 82' lang='lat' dir='ltr'><strong>videt</strong></span> <span class='ocrx_word' id='word_1_133' title='bbox 1699 1849 1749 1932; x_wconf 66' lang='lat' dir='ltr'><strong>f)</strong></span> <span class='ocrx_word' id='word_1_134' title='bbox 1807 1849 2014 1912; x_wconf 88' lang='lat' dir='ltr'><strong>multo</strong></span> <span class='ocrx_word' id='word_1_135' title='bbox 2060 1848 2261 1911; x_wconf 87' lang='lat' dir='ltr'><strong>levius</strong></span> <span class='ocrx_word' id='word_1_136' title='bbox 2304 1854 2425 1925; x_wconf 88' lang='lat' dir='ltr'><strong>est,</strong></span> 
     </span>
     <span class='ocr_line' id='line_1_16' title="bbox 222 1950 2428 2031; baseline 0.001 -20"><span class='ocrx_word' id='word_1_137' title='bbox 222 1971 418 2031; x_wconf 83' lang='lat' dir='ltr'><strong>quam</strong></span> <span class='ocrx_word' id='word_1_138' title='bbox 471 1971 760 2013; x_wconf 72' lang='lat' dir='ltr'><strong>moneos</strong></span> <span class='ocrx_word' id='word_1_139' title='bbox 801 1950 1047 2031; x_wconf 85' lang='lat' dir='ltr'><strong>facere.</strong></span> <span class='ocrx_word' id='word_1_140' title='bbox 1137 1952 1384 2015; x_wconf 83' lang='lat' dir='ltr'><strong><em>Errare</em></strong></span> <span class='ocrx_word' id='word_1_141' title='bbox 1428 1973 1515 2030; x_wconf 84' lang='lat' dir='ltr'><strong>se,</strong></span> <span class='ocrx_word' id='word_1_142' title='bbox 1562 1959 1637 2015; x_wconf 84' lang='lat' dir='ltr'><strong>ut</strong></span> <span class='ocrx_word' id='word_1_143' title='bbox 1683 1952 2034 2027; x_wconf 90' lang='lat' dir='ltr'><strong>hominem,</strong></span> <span class='ocrx_word' id='word_1_144' title='bbox 2068 1950 2428 2014; x_wconf 85' lang='lat' dir='ltr'><strong>Cardinalis</strong></span> 
     </span>
     <span class='ocr_line' id='line_1_17' title="bbox 226 2053 2421 2139; baseline 0.002 -23"><span class='ocrx_word' id='word_1_145' title='bbox 226 2053 465 2134; x_wconf 90' lang='lat' dir='ltr'><strong>(credo)</strong></span> <span class='ocrx_word' id='word_1_146' title='bbox 519 2054 735 2118; x_wconf 90' lang='lat' dir='ltr'><strong>dabit:</strong></span> <span class='ocrx_word' id='word_1_147' title='bbox 782 2055 1135 2118; x_wconf 74' lang='lat' dir='ltr'><strong><em>Erroneam</em></strong></span> <span class='ocrx_word' id='word_1_148' title='bbox 1178 2076 1309 2120; x_wconf 78' lang='lat' dir='ltr'><strong>esse</strong></span> <span class='ocrx_word' id='word_1_149' title='bbox 1343 2078 1476 2121; x_wconf 90' lang='lat' dir='ltr'><strong>non</strong></span> <span class='ocrx_word' id='word_1_150' title='bbox 1517 2055 1716 2120; x_wconf 84' lang='lat' dir='ltr'><strong>dabit.</strong></span> <span class='ocrx_word' id='word_1_151' title='bbox 1808 2056 1953 2120; x_wconf 91' lang='lat' dir='ltr'><strong>Nec</strong></span> <span class='ocrx_word' id='word_1_152' title='bbox 1995 2055 2137 2119; x_wconf 88' lang='lat' dir='ltr'><strong>illos</strong></span> <span class='ocrx_word' id='word_1_153' title='bbox 2180 2056 2421 2139; x_wconf 86' lang='lat' dir='ltr'><strong>igitur:</strong></span> 
     </span>
     <span class='ocr_line' id='line_1_18' title="bbox 219 2156 2419 2243; baseline 0.002 -24"><span class='ocrx_word' id='word_1_154' title='bbox 219 2156 345 2220; x_wconf 86' lang='lat' dir='ltr'><strong>etsi</strong></span> <span class='ocrx_word' id='word_1_155' title='bbox 374 2177 648 2221; x_wconf 77' lang='lat' dir='ltr'><strong>errorem</strong></span> <span class='ocrx_word' id='word_1_156' title='bbox 691 2158 891 2222; x_wconf 87' lang='lat' dir='ltr'><strong>cuivis</strong></span> <span class='ocrx_word' id='word_1_157' title='bbox 936 2159 1215 2238; x_wconf 78' lang='lat' dir='ltr'><strong>illorum,</strong></span> <span class='ocrx_word' id='word_1_158' title='bbox 1248 2160 1497 2242; x_wconf 84' lang='lat' dir='ltr'><strong>quoties</strong></span> <span class='ocrx_word' id='word_1_159' title='bbox 1528 2160 1687 2238; x_wconf 88' lang='lat' dir='ltr'><strong>vult,</strong></span> <span class='ocrx_word' id='word_1_160' title='bbox 1724 2159 2083 2227; x_wconf 79' lang='lat' dir='ltr'><strong>cardinalis</strong></span> <span class='ocrx_word' id='word_1_161' title='bbox 2117 2160 2258 2243; x_wconf 88' lang='lat' dir='ltr'><strong>ipse</strong></span> <span class='ocrx_word' id='word_1_162' title='bbox 2298 2159 2419 2223; x_wconf 90' lang='lat' dir='ltr'><strong>im-</strong></span> 
     </span>
     <span class='ocr_line' id='line_1_19' title="bbox 218 2261 2424 2345; baseline 0.001 -20"><span class='ocrx_word' id='word_1_163' title='bbox 218 2262 451 2345; x_wconf 84' lang='lat' dir='ltr'><strong>pingit.</strong></span> <span class='ocrx_word' id='word_1_164' title='bbox 546 2261 675 2327; x_wconf 87' lang='lat' dir='ltr'><strong>Sed</strong></span> <span class='ocrx_word' id='word_1_165' title='bbox 705 2263 805 2327; x_wconf 85' lang='lat' dir='ltr'><strong>vel</strong></span> <span class='ocrx_word' id='word_1_166' title='bbox 849 2284 926 2327; x_wconf 90' lang='lat' dir='ltr'><strong>ea</strong></span> <span class='ocrx_word' id='word_1_167' title='bbox 970 2284 1122 2328; x_wconf 86' lang='lat' dir='ltr'><strong>voce</strong></span> <span class='ocrx_word' id='word_1_168' title='bbox 1151 2263 1567 2329; x_wconf 81' lang='lat' dir='ltr'><strong>abstinuisset</strong></span> <span class='ocrx_word' id='word_1_169' title='bbox 1615 2265 1773 2341; x_wconf 85' lang='lat' dir='ltr'><strong>Rex,</strong></span> <span class='ocrx_word' id='word_1_170' title='bbox 1810 2285 1934 2327; x_wconf 87' lang='lat' dir='ltr'><strong>nec</strong></span> <span class='ocrx_word' id='word_1_171' title='bbox 1963 2284 2180 2327; x_wconf 82' lang='lat' dir='ltr'><strong>errare</strong></span> <span class='ocrx_word' id='word_1_172' title='bbox 2228 2265 2307 2328; x_wconf 91' lang='lat' dir='ltr'><strong>de</strong></span> <span class='ocrx_word' id='word_1_173' title='bbox 2345 2264 2424 2335; x_wconf 89' lang='lat' dir='ltr'><strong>iis</strong></span> 
     </span>
     <span class='ocr_line' id='line_1_20' title="bbox 221 2365 2424 2451; baseline 0 -21"><span class='ocrx_word' id='word_1_174' title='bbox 221 2388 593 2450; x_wconf 76' lang='lat' dir='ltr'><strong>quenquam</strong></span> <span class='ocrx_word' id='word_1_175' title='bbox 648 2365 933 2444; x_wconf 82' lang='lat' dir='ltr'><strong>dixisset,</strong></span> <span class='ocrx_word' id='word_1_176' title='bbox 979 2366 1106 2430; x_wconf 88' lang='lat' dir='ltr'><strong>nisi</strong></span> <span class='ocrx_word' id='word_1_177' title='bbox 1151 2367 1343 2450; x_wconf 91' lang='lat' dir='ltr'><strong>quod,</strong></span> <span class='ocrx_word' id='word_1_178' title='bbox 1385 2374 1529 2450; x_wconf 87' lang='lat' dir='ltr'><strong>post</strong></span> <span class='ocrx_word' id='word_1_179' title='bbox 1575 2367 1721 2431; x_wconf 89' lang='lat' dir='ltr'><strong>illos</strong></span> <span class='ocrx_word' id='word_1_180' title='bbox 1769 2367 1881 2430; x_wconf 91' lang='lat' dir='ltr'><strong>diu</strong></span> <span class='ocrx_word' id='word_1_181' title='bbox 1924 2369 2065 2451; x_wconf 89' lang='lat' dir='ltr'><strong>jam</strong></span> <span class='ocrx_word' id='word_1_182' title='bbox 2113 2377 2424 2445; x_wconf 84' lang='lat' dir='ltr'><strong>mortuos,</strong></span> 
     </span>
     <span class='ocr_line' id='line_1_21' title="bbox 219 2469 2421 2555; baseline 0 -22"><span class='ocrx_word' id='word_1_183' title='bbox 219 2471 416 2553; x_wconf 79' lang='lat' dir='ltr'><strong>longa</strong></span> <span class='ocrx_word' id='word_1_184' title='bbox 455 2469 938 2535; x_wconf 82' lang='lat' dir='ltr'><strong>succedentium</strong></span> <span class='ocrx_word' id='word_1_185' title='bbox 985 2471 1387 2550; x_wconf 82' lang='lat' dir='ltr'><strong>saeculorum,</strong></span> <span class='ocrx_word' id='word_1_186' title='bbox 1419 2493 1691 2555; x_wconf 85' lang='lat' dir='ltr'><strong>quaeque</strong></span> <span class='ocrx_word' id='word_1_187' title='bbox 1733 2470 1805 2534; x_wconf 90' lang='lat' dir='ltr'><strong>in</strong></span> <span class='ocrx_word' id='word_1_188' title='bbox 1848 2470 1976 2535; x_wconf 91' lang='lat' dir='ltr'><strong>illis</strong></span> <span class='ocrx_word' id='word_1_189' title='bbox 2007 2472 2421 2555; x_wconf 80' lang='lat' dir='ltr'><strong>contigerunt</strong></span> 
     </span>
     <span class='ocr_line' id='line_1_22' title="bbox 218 2574 2422 2657; baseline 0 -20"><span class='ocrx_word' id='word_1_190' title='bbox 218 2595 459 2652; x_wconf 85' lang='lat' dir='ltr'><strong>rerum,</strong></span> <span class='ocrx_word' id='word_1_191' title='bbox 507 2574 901 2657; x_wconf 85' lang='lat' dir='ltr'><strong>experientia</strong></span> <span class='ocrx_word' id='word_1_192' title='bbox 951 2574 1237 2653; x_wconf 85' lang='lat' dir='ltr'><strong>edoctus,</strong></span> <span class='ocrx_word' id='word_1_193' title='bbox 1274 2575 1504 2638; x_wconf 87' lang='lat' dir='ltr'><strong>melius</strong></span> <span class='ocrx_word' id='word_1_194' title='bbox 1546 2595 1686 2638; x_wconf 86' lang='lat' dir='ltr'><strong>rem</strong></span> <span class='ocrx_word' id='word_1_195' title='bbox 1734 2574 1894 2638; x_wconf 85' lang='lat' dir='ltr'><strong>scire</strong></span> <span class='ocrx_word' id='word_1_196' title='bbox 1949 2575 2182 2657; x_wconf 84' lang='lat' dir='ltr'><strong>potuit,</strong></span> <span class='ocrx_word' id='word_1_197' title='bbox 2228 2596 2422 2656; x_wconf 90' lang='lat' dir='ltr'><strong>quam</strong></span> 
     </span>
     <span class='ocr_line' id='line_1_23' title="bbox 220 2676 2425 2760; baseline 0 -20"><span class='ocrx_word' id='word_1_198' title='bbox 220 2678 430 2760; x_wconf 85' lang='lat' dir='ltr'><strong>quivis</strong></span> <span class='ocrx_word' id='word_1_199' title='bbox 457 2677 736 2756; x_wconf 85' lang='lat' dir='ltr'><strong>illorum,</strong></span> <span class='ocrx_word' id='word_1_200' title='bbox 771 2677 881 2760; x_wconf 91' lang='lat' dir='ltr'><strong>qui</strong></span> <span class='ocrx_word' id='word_1_201' title='bbox 910 2684 1012 2741; x_wconf 86' lang='lat' dir='ltr'><strong>tot</strong></span> <span class='ocrx_word' id='word_1_202' title='bbox 1042 2685 1194 2741; x_wconf 82' lang='lat' dir='ltr'><strong>ante</strong></span> <span class='ocrx_word' id='word_1_203' title='bbox 1226 2678 1473 2741; x_wconf 88' lang='lat' dir='ltr'><strong>saeculis</strong></span> <span class='ocrx_word' id='word_1_204' title='bbox 1508 2678 1646 2740; x_wconf 89' lang='lat' dir='ltr'><strong>fato</strong></span> <span class='ocrx_word' id='word_1_205' title='bbox 1684 2676 1893 2740; x_wconf 76' lang='lat' dir='ltr'><strong>functi</strong></span> <span class='ocrx_word' id='word_1_206' title='bbox 1924 2683 2098 2756; x_wconf 81' lang='lat' dir='ltr'><strong>sunt,</strong></span> <span class='ocrx_word' id='word_1_207' title='bbox 2130 2693 2250 2741; x_wconf 86' lang='lat' dir='ltr'><strong>nec</strong></span> <span class='ocrx_word' id='word_1_208' title='bbox 2282 2698 2425 2760; x_wconf 84' lang='lat' dir='ltr'><strong>quae</strong></span> 
     </span>
     <span class='ocr_line' id='line_1_24' title="bbox 216 2781 2272 2864; baseline -0 -19"><span class='ocrx_word' id='word_1_209' title='bbox 216 2786 531 2845; x_wconf 72' lang='lat' dir='ltr'><strong>eventura</strong></span> <span class='ocrx_word' id='word_1_210' title='bbox 558 2788 774 2845; x_wconf 83' lang='lat' dir='ltr'><strong>essent</strong></span> <span class='ocrx_word' id='word_1_211' title='bbox 803 2787 950 2864; x_wconf 82' lang='lat' dir='ltr'><strong>post</strong></span> <span class='ocrx_word' id='word_1_212' title='bbox 981 2781 1230 2845; x_wconf 79' lang='lat' dir='ltr'><strong>obitum</strong></span> <span class='ocrx_word' id='word_1_213' title='bbox 1262 2802 1450 2843; x_wconf 86' lang='lat' dir='ltr'><strong>suum</strong></span> <span class='ocrx_word' id='word_1_214' title='bbox 1483 2800 1871 2863; x_wconf 85' lang='lat' dir='ltr'><strong>cognoscere</strong></span> <span class='ocrx_word' id='word_1_215' title='bbox 1901 2787 2272 2863; x_wconf 83' lang='lat' dir='ltr'><strong>potuerunt.</strong></span> 
     </span>
    </p>
   </div>
   <div class='ocr_carea' id='block_1_4' title="bbox 288 2915 2427 3063">
    <p class='ocr_par' dir='ltr' id='par_1_4' title="bbox 288 2915 2427 3063">
     <span class='ocr_line' id='line_1_25' title="bbox 288 2915 2427 2981; baseline -0.001 -14"><span class='ocrx_word' id='word_1_216' title='bbox 288 2939 347 2959; x_wconf 91' lang='lat'><strong><em>=</em></strong></span> <span class='ocrx_word' id='word_1_217' title='bbox 373 2915 461 2967; x_wconf 80' lang='lat' dir='ltr'><strong>sed</strong></span> <span class='ocrx_word' id='word_1_218' title='bbox 498 2917 653 2967; x_wconf 80' lang='lat' dir='ltr'><strong>etiam</strong></span> <span class='ocrx_word' id='word_1_219' title='bbox 682 2916 879 2966; x_wconf 80' lang='lat' dir='ltr'><strong>stultos.</strong></span> <span class='ocrx_word' id='word_1_220' title='bbox 907 2943 972 2952; x_wconf 91' lang='lat'><strong>—</strong></span> <span class='ocrx_word' id='word_1_221' title='bbox 992 2915 1141 2980; x_wconf 87' lang='lat' dir='ltr'><strong>[Bell.</strong></span> <span class='ocrx_word' id='word_1_222' title='bbox 1166 2915 1317 2980; x_wconf 84' lang='lat' dir='ltr'><strong><em>Apol.</em></strong></span> <span class='ocrx_word' id='word_1_223' title='bbox 1346 2929 1439 2979; x_wconf 82' lang='lat' dir='ltr'><strong>pro</strong></span> <span class='ocrx_word' id='word_1_224' title='bbox 1469 2915 1646 2980; x_wconf 67' lang='lat' dir='ltr'><strong>Resp]</strong></span> <span class='ocrx_word' id='word_1_225' title='bbox 1689 2931 1737 2979; x_wconf 88' lang='lat' dir='ltr'><strong>p.</strong></span> <span class='ocrx_word' id='word_1_226' title='bbox 1755 2918 1864 2965; x_wconf 82' lang='lat'><strong>141.</strong></span> <span class='ocrx_word' id='word_1_227' title='bbox 1901 2915 2035 2981; x_wconf 89' lang='lat' dir='ltr'><strong>[Op.‚</strong></span> <span class='ocrx_word' id='word_1_228' title='bbox 2073 2919 2195 2966; x_wconf 81' lang='lat' dir='ltr'><strong>tom.</strong></span> <span class='ocrx_word' id='word_1_229' title='bbox 2213 2915 2300 2966; x_wconf 81' lang='lat' dir='ltr'><strong>vii.</strong></span> <span class='ocrx_word' id='word_1_230' title='bbox 2334 2916 2427 2965; x_wconf 84' lang='lat' dir='ltr'><strong>ool.</strong></span> 
     </span>
     <span class='ocr_line' id='line_1_26' title="bbox 355 2998 576 3063; baseline -0.009 -14"><span class='ocrx_word' id='word_1_231' title='bbox 355 2999 464 3049; x_wconf 82' lang='lat'><strong>⁷84.</strong></span> <span class='ocrx_word' id='word_1_232' title='bbox 491 2998 576 3063; x_wconf 89' lang='lat' dir='ltr'><strong>A.]</strong></span> 
     </span>
    </p>
   </div>
   <div class='ocr_carea' id='block_1_5' title="bbox 204 3096 2728 4001">
    <p class='ocr_par' dir='ltr' id='par_1_5' title="bbox 204 3096 2728 4001">
     <span class='ocr_line' id='line_1_27' title="bbox 310 3096 2728 3220; baseline -0 -59"><span class='ocrx_word' id='word_1_233' title='bbox 310 3099 403 3161; x_wconf 80' lang='lat' dir='ltr'><strong>At</strong></span> <span class='ocrx_word' id='word_1_234' title='bbox 429 3096 611 3175; x_wconf 89' lang='lat' dir='ltr'><strong>illud,</strong></span> <span class='ocrx_word' id='word_1_235' title='bbox 643 3099 846 3181; x_wconf 84' lang='lat' dir='ltr'><strong>magis</strong></span> <span class='ocrx_word' id='word_1_236' title='bbox 876 3098 1071 3161; x_wconf 83' lang='lat' dir='ltr'><strong>etiam</strong></span> <span class='ocrx_word' id='word_1_237' title='bbox 1104 3097 1314 3161; x_wconf 85' lang='lat' dir='ltr'><strong>adhuc</strong></span> <span class='ocrx_word' id='word_1_238' title='bbox 1336 3098 1592 3163; x_wconf 85' lang='lat' dir='ltr'><strong>odiose:</strong></span> <span class='ocrx_word' id='word_1_239' title='bbox 1643 3098 1816 3182; x_wconf 92' lang='lat' dir='ltr'><strong>quod</strong></span> <span class='ocrx_word' id='word_1_240' title='bbox 1836 3120 1971 3162; x_wconf 90' lang='lat' dir='ltr'><strong>non</strong></span> <span class='ocrx_word' id='word_1_241' title='bbox 2002 3098 2192 3163; x_wconf 91' lang='lat' dir='ltr'><strong>modo</strong></span> <span class='ocrx_word' id='word_1_242' title='bbox 2205 3098 2428 3180; x_wconf 82' lang='lat' dir='ltr'><strong>facere</strong></span> <span class='ocrx_word' id='word_1_243' title='bbox 2454 3105 2526 3220; x_wconf 44' lang='grc' dir='ltr'><strong>ξι</strong></span> <span class='ocrx_word' id='word_1_244' title='bbox 2546 3106 2728 3155; x_wconf 75' lang='lat' dir='ltr'><strong>stultos</strong></span> 
     </span>
     <span class='ocr_line' id='line_1_28' title="bbox 220 3170 2608 3298; baseline -0 -34"><span class='ocrx_word' id='word_1_245' title='bbox 220 3201 382 3264; x_wconf 85' lang='lat' dir='ltr'><strong>dicit</strong></span> <span class='ocrx_word' id='word_1_246' title='bbox 428 3221 736 3278; x_wconf 81' lang='lat' dir='ltr'><strong>erroneos,</strong></span> <span class='ocrx_word' id='word_1_247' title='bbox 770 3200 885 3264; x_wconf 87' lang='lat' dir='ltr'><strong>sed</strong></span> <span class='ocrx_word' id='word_1_248' title='bbox 930 3201 1187 3264; x_wconf 77' lang='lat' dir='ltr'><strong>stultos.-</strong></span> <span class='ocrx_word' id='word_1_249' title='bbox 1237 3222 1379 3283; x_wconf 84' lang='lat' dir='ltr'><strong>quae</strong></span> <span class='ocrx_word' id='word_1_250' title='bbox 1410 3201 1770 3266; x_wconf 85' lang='lat' dir='ltr'><strong>Cardinalis</strong></span> <span class='ocrx_word' id='word_1_251' title='bbox 1802 3211 1920 3279; x_wconf 84' lang='lat' dir='ltr'><strong>est,</strong></span> <span class='ocrx_word' id='word_1_252' title='bbox 1952 3209 2019 3265; x_wconf 81' lang='lat' dir='ltr'><strong>et</strong></span> <span class='ocrx_word' id='word_1_253' title='bbox 2047 3222 2328 3279; x_wconf 73' lang='lat' dir='ltr'><strong>moneo,</strong></span> <span class='ocrx_word' id='word_1_254' title='bbox 2360 3207 2426 3265; x_wconf 87' lang='lat' dir='ltr'><strong>et</strong></span> <span class='ocrx_word' id='word_1_255' title='bbox 2451 3170 2608 3298; x_wconf 42' lang='lat' dir='ltr'><strong>mig]</strong></span> 
     </span>
     <span class='ocr_line' id='line_1_29' title="bbox 217 3303 2426 3386; baseline 0.001 -20"><span class='ocrx_word' id='word_1_256' title='bbox 217 3306 418 3366; x_wconf 76' lang='lat' dir='ltr'><strong>stulta</strong></span> <span class='ocrx_word' id='word_1_257' title='bbox 448 3304 790 3367; x_wconf 86' lang='lat' dir='ltr'><strong>calumnia.</strong></span> <span class='ocrx_word' id='word_1_258' title='bbox 883 3305 1079 3381; x_wconf 89' lang='lat' dir='ltr'><strong>Nam,</strong></span> <span class='ocrx_word' id='word_1_259' title='bbox 1112 3303 1166 3368; x_wconf 88' lang='lat' dir='ltr'><strong>si</strong></span> <span class='ocrx_word' id='word_1_260' title='bbox 1194 3303 1262 3366; x_wconf 91' lang='lat' dir='ltr'><strong>id</strong></span> <span class='ocrx_word' id='word_1_261' title='bbox 1293 3310 1412 3383; x_wconf 81' lang='lat' dir='ltr'><strong>est,</strong></span> <span class='ocrx_word' id='word_1_262' title='bbox 1456 3306 1682 3368; x_wconf 72' lang='lat' dir='ltr'><strong>stultos</strong></span> <span class='ocrx_word' id='word_1_263' title='bbox 1712 3303 1953 3385; x_wconf 83' lang='lat' dir='ltr'><strong>facere,</strong></span> <span class='ocrx_word' id='word_1_264' title='bbox 1996 3305 2052 3368; x_wconf 92' lang='lat' dir='ltr'><strong>si</strong></span> <span class='ocrx_word' id='word_1_265' title='bbox 2082 3307 2224 3386; x_wconf 91' lang='lat' dir='ltr'><strong>quis</strong></span> <span class='ocrx_word' id='word_1_266' title='bbox 2257 3304 2426 3368; x_wconf 84' lang='lat' dir='ltr'><strong>dicat</strong></span> 
     </span>
     <span class='ocr_line' id='line_1_30' title="bbox 204 3406 2428 3490; baseline 0.001 -22"><span class='ocrx_word' id='word_1_267' title='bbox 204 3408 429 3470; x_wconf 74' lang='lat' dir='ltr'><strong>‘minue</strong></span> <span class='ocrx_word' id='word_1_268' title='bbox 455 3413 623 3470; x_wconf 82' lang='lat' dir='ltr'><strong>recte</strong></span> <span class='ocrx_word' id='word_1_269' title='bbox 645 3406 881 3470; x_wconf 87' lang='lat' dir='ltr'><strong>alicubi</strong></span> <span class='ocrx_word' id='word_1_270' title='bbox 913 3406 1154 3490; x_wconf 88' lang='lat' dir='ltr'><strong>aliquid</strong></span> <span class='ocrx_word' id='word_1_271' title='bbox 1183 3408 1560 3470; x_wconf 72' lang='lat' dir='ltr'><strong>intellexisse</strong></span> <span class='ocrx_word' id='word_1_272' title='bbox 1580 3436 1600 3470; x_wconf 91' lang='lat'><strong>.·</strong></span> <span class='ocrx_word' id='word_1_273' title='bbox 1642 3407 1889 3490; x_wconf 81' lang='lat' dir='ltr'><strong>quoties</strong></span> <span class='ocrx_word' id='word_1_274' title='bbox 1919 3409 2083 3472; x_wconf 84' lang='lat' dir='ltr'><strong>alter</strong></span> <span class='ocrx_word' id='word_1_275' title='bbox 2113 3408 2191 3471; x_wconf 89' lang='lat' dir='ltr'><strong>ab</strong></span> <span class='ocrx_word' id='word_1_276' title='bbox 2223 3408 2428 3471; x_wconf 82' lang='lat' dir='ltr'><strong>altero</strong></span> 
     </span>
     <span class='ocr_line' id='line_1_31' title="bbox 222 3507 2424 3590; baseline -0.001 -19"><span class='ocrx_word' id='word_1_277' title='bbox 222 3508 515 3586; x_wconf 83' lang='lat' dir='ltr'><strong>discedit,</strong></span> <span class='ocrx_word' id='word_1_278' title='bbox 536 3509 638 3571; x_wconf 86' lang='lat' dir='ltr'><strong>vel</strong></span> <span class='ocrx_word' id='word_1_279' title='bbox 666 3507 854 3571; x_wconf 83' lang='lat' dir='ltr'><strong>aliter</strong></span> <span class='ocrx_word' id='word_1_280' title='bbox 883 3508 1068 3590; x_wconf 87' lang='lat' dir='ltr'><strong>sapit,</strong></span> <span class='ocrx_word' id='word_1_281' title='bbox 1093 3514 1402 3590; x_wconf 80' lang='lat' dir='ltr'><strong>tanquam</strong></span> <span class='ocrx_word' id='word_1_282' title='bbox 1433 3510 1637 3570; x_wconf 81' lang='lat' dir='ltr'><strong>minus</strong></span> <span class='ocrx_word' id='word_1_283' title='bbox 1665 3514 1831 3571; x_wconf 84' lang='lat' dir='ltr'><strong>recte</strong></span> <span class='ocrx_word' id='word_1_284' title='bbox 1859 3529 1997 3571; x_wconf 86' lang='lat' dir='ltr'><strong>rem</strong></span> <span class='ocrx_word' id='word_1_285' title='bbox 2026 3509 2424 3588; x_wconf 72' lang='lat' dir='ltr'><strong>intelliyente,</strong></span> 
     </span>
     <span class='ocr_line' id='line_1_32' title="bbox 220 3608 2429 3695; baseline -0.001 -20"><span class='ocrx_word' id='word_1_286' title='bbox 220 3610 544 3695; x_wconf 85' lang='lat' dir='ltr'><strong>extemplo</strong></span> <span class='ocrx_word' id='word_1_287' title='bbox 571 3612 830 3674; x_wconf 76' lang='lat' dir='ltr'><strong>stultum</strong></span> <span class='ocrx_word' id='word_1_288' title='bbox 862 3608 1051 3692; x_wconf 81' lang='lat' dir='ltr'><strong>facit.</strong></span> <span class='ocrx_word' id='word_1_289' title='bbox 1145 3611 1308 3676; x_wconf 76' lang='lat' dir='ltr'><strong>Quis</strong></span> <span class='ocrx_word' id='word_1_290' title='bbox 1336 3617 1555 3673; x_wconf 84' lang='lat' dir='ltr'><strong>autem</strong></span> <span class='ocrx_word' id='word_1_291' title='bbox 1585 3609 1693 3673; x_wconf 91' lang='lat' dir='ltr'><strong>hic</strong></span> <span class='ocrx_word' id='word_1_292' title='bbox 1722 3611 1928 3673; x_wconf 81' lang='lat' dir='ltr'><strong>nescit</strong></span> <span class='ocrx_word' id='word_1_293' title='bbox 1957 3609 2051 3672; x_wconf 84' lang='lat' dir='ltr'><strong>ire</strong></span> <span class='ocrx_word' id='word_1_294' title='bbox 2077 3609 2150 3671; x_wconf 90' lang='lat' dir='ltr'><strong>in</strong></span> <span class='ocrx_word' id='word_1_295' title='bbox 2179 3608 2429 3672; x_wconf 88' lang='lat' dir='ltr'><strong>diversa</strong></span> 
     </span>
     <span class='ocr_line' id='line_1_33' title="bbox 223 3710 2427 3797; baseline -0 -21"><span class='ocrx_word' id='word_1_296' title='bbox 223 3715 457 3777; x_wconf 78' lang='lat' dir='ltr'><strong>Patres</strong></span> <span class='ocrx_word' id='word_1_297' title='bbox 476 3715 509 3777; x_wconf 83' lang='lat'><em>?</em></span> <span class='ocrx_word' id='word_1_298' title='bbox 599 3713 1029 3797; x_wconf 85' lang='lat' dir='ltr'><strong>Hippolytum</strong></span> <span class='ocrx_word' id='word_1_299' title='bbox 1062 3712 1142 3777; x_wconf 90' lang='lat' dir='ltr'><strong>de</strong></span> <span class='ocrx_word' id='word_1_300' title='bbox 1179 3713 1220 3776; x_wconf 86' lang='lat' dir='ltr'><strong>J</strong></span> <span class='ocrx_word' id='word_1_301' title='bbox 1223 3733 1432 3777; x_wconf 89' lang='lat' dir='ltr'><strong>oanne</strong></span> <span class='ocrx_word' id='word_1_302' title='bbox 1471 3712 1952 3794; x_wconf 66' lang='lat' dir='ltr'><strong>Evangelista11‚</strong></span> <span class='ocrx_word' id='word_1_303' title='bbox 1985 3712 2174 3774; x_wconf 85' lang='lat' dir='ltr'><strong>Teste</strong></span> <span class='ocrx_word' id='word_1_304' title='bbox 2212 3710 2427 3789; x_wconf 83' lang='lat' dir='ltr'><strong>tertiO,</strong></span> 
     </span>
     <span class='ocr_line' id='line_1_34' title="bbox 219 3815 2426 3900; baseline -0.001 -20"><span class='ocrx_word' id='word_1_305' title='bbox 219 3825 290 3880; x_wconf 87' lang='lat' dir='ltr'><strong>et</strong></span> <span class='ocrx_word' id='word_1_306' title='bbox 339 3816 952 3900; x_wconf 77' lang='lat' dir='ltr'><strong>Supemumerari03</strong></span> <span class='ocrx_word' id='word_1_307' title='bbox 1015 3816 1425 3880; x_wconf 83' lang='lat' dir='ltr'><strong>Victorinum</strong></span> <span class='ocrx_word' id='word_1_308' title='bbox 1485 3816 1566 3879; x_wconf 90' lang='lat' dir='ltr'><strong>de</strong></span> <span class='ocrx_word' id='word_1_309' title='bbox 1616 3817 1658 3878; x_wconf 89' lang='lat' dir='ltr'><strong>J</strong></span> <span class='ocrx_word' id='word_1_310' title='bbox 1662 3815 1901 3879; x_wconf 89' lang='lat' dir='ltr'><strong>eremia</strong></span> <span class='ocrx_word' id='word_1_311' title='bbox 1916 3825 1958 3892; x_wconf 87' lang='lat'><strong>¹,</strong></span> <span class='ocrx_word' id='word_1_312' title='bbox 2009 3835 2143 3877; x_wconf 90' lang='lat' dir='ltr'><strong>non</strong></span> <span class='ocrx_word' id='word_1_313' title='bbox 2177 3815 2426 3892; x_wconf 85' lang='lat' dir='ltr'><strong>Enoch,</strong></span> 
     </span>
     <span class='ocr_line' id='line_1_35' title="bbox 220 3918 2428 4001; baseline -0.001 -16"><span class='ocrx_word' id='word_1_314' title='bbox 220 3923 416 3985; x_wconf 85' lang='lat' dir='ltr'><strong>Teste</strong></span> <span class='ocrx_word' id='word_1_315' title='bbox 445 3921 767 3998; x_wconf 79' lang='lat' dir='ltr'><strong>secund03</strong></span> <span class='ocrx_word' id='word_1_316' title='bbox 820 3920 1144 3983; x_wconf 88' lang='lat' dir='ltr'><strong>Hilarium</strong></span> <span class='ocrx_word' id='word_1_317' title='bbox 1176 3920 1258 3984; x_wconf 89' lang='lat' dir='ltr'><strong>de</strong></span> <span class='ocrx_word' id='word_1_318' title='bbox 1287 3921 1477 3985; x_wconf 88' lang='lat' dir='ltr'><strong>Mose</strong></span> <span class='ocrx_word' id='word_1_319' title='bbox 1495 3930 1538 3998; x_wconf 84' lang='lat'><strong>¹,</strong></span> <span class='ocrx_word' id='word_1_320' title='bbox 1570 3927 1637 3984; x_wconf 87' lang='lat' dir='ltr'><strong>et</strong></span> <span class='ocrx_word' id='word_1_321' title='bbox 1668 3940 1803 3982; x_wconf 91' lang='lat' dir='ltr'><strong>non</strong></span> <span class='ocrx_word' id='word_1_322' title='bbox 1833 3918 2080 3982; x_wconf 87' lang='lat' dir='ltr'><strong>Enoch.</strong></span> <span class='ocrx_word' id='word_1_323' title='bbox 2143 3918 2428 4001; x_wconf 88' lang='lat' dir='ltr'><strong>Ephrem</strong></span> 
     </span>
    </p>
   </div>
   <div class='ocr_carea' id='block_1_6' title="bbox 220 4022 2430 4100">
    <p class='ocr_par' dir='ltr' id='par_1_6' title="bbox 220 4022 2430 4100">
     <span class='ocr_line' id='line_1_36' title="bbox 220 4022 2430 4100; baseline -0.002 -12"><span class='ocrx_word' id='word_1_324' title='bbox 220 4025 418 4088; x_wconf 83' lang='lat' dir='ltr'><strong>etiam</strong></span> <span class='ocrx_word' id='word_1_325' title='bbox 471 4025 553 4086; x_wconf 88' lang='lat' dir='ltr'><strong>de</strong></span> <span class='ocrx_word' id='word_1_326' title='bbox 599 4023 901 4087; x_wconf 84' lang='lat' dir='ltr'><strong>Paradiso</strong></span> <span class='ocrx_word' id='word_1_327' title='bbox 960 4044 1142 4087; x_wconf 88' lang='lat' dir='ltr'><strong>secus</strong></span> <span class='ocrx_word' id='word_1_328' title='bbox 1199 4024 1439 4088; x_wconf 86' lang='lat' dir='ltr'><strong>sentire</strong></span> <span class='ocrx_word' id='word_1_329' title='bbox 1458 4024 1521 4100; x_wconf 72' lang='lat'><strong>‘;</strong></span> <span class='ocrx_word' id='word_1_330' title='bbox 1582 4044 1705 4086; x_wconf 90' lang='lat' dir='ltr'><strong>nec</strong></span> <span class='ocrx_word' id='word_1_331' title='bbox 1764 4022 1865 4084; x_wconf 84' lang='lat' dir='ltr'><strong>vel</strong></span> <span class='ocrx_word' id='word_1_332' title='bbox 1922 4022 2067 4085; x_wconf 87' lang='lat' dir='ltr'><strong>illos</strong></span> <span class='ocrx_word' id='word_1_333' title='bbox 2118 4028 2340 4086; x_wconf 84' lang='lat' dir='ltr'><strong>tamen</strong></span> <span class='ocrx_word' id='word_1_334' title='bbox 2389 4043 2430 4084; x_wconf 86' lang='lat' dir='ltr'><strong>a</strong></span> 
     </span>
    </p>
   </div>
   <div class='ocr_carea' id='block_1_7' title="bbox 223 4204 2434 4591">
    <p class='ocr_par' dir='ltr' id='par_1_7' title="bbox 287 4204 2244 4271">
     <span class='ocr_line' id='line_1_37' title="bbox 287 4204 2244 4271; baseline -0.003 -13"><span class='ocrx_word' id='word_1_335' title='bbox 287 4209 299 4241; x_wconf 89' lang='lat'>¹</span> <span class='ocrx_word' id='word_1_336' title='bbox 373 4208 504 4258; x_wconf 83' lang='lat' dir='ltr'><strong>Vide</strong></span> <span class='ocrx_word' id='word_1_337' title='bbox 526 4222 690 4271; x_wconf 79' lang='lat' dir='ltr'><strong>supra,</strong></span> <span class='ocrx_word' id='word_1_338' title='bbox 712 4221 761 4271; x_wconf 90' lang='lat' dir='ltr'><strong>p.</strong></span> <span class='ocrx_word' id='word_1_339' title='bbox 788 4209 898 4256; x_wconf 81' lang='grc'><strong>332.</strong></span> <span class='ocrx_word' id='word_1_340' title='bbox 922 4211 1028 4257; x_wconf 81' lang='lat' dir='ltr'><strong>not.</strong></span> <span class='ocrx_word' id='word_1_341' title='bbox 1045 4207 1102 4270; x_wconf 82' lang='lat'><strong>¹.]</strong></span> <span class='ocrx_word' id='word_1_342' title='bbox 1438 4216 1460 4247; x_wconf 47' lang='grc' dir='ltr'><strong>ἡ</strong></span> <span class='ocrx_word' id='word_1_343' title='bbox 1516 4205 1651 4255; x_wconf 84' lang='lat' dir='ltr'><strong>Vide</strong></span> <span class='ocrx_word' id='word_1_344' title='bbox 1673 4220 1838 4268; x_wconf 79' lang='lat' dir='ltr'><strong>supra,</strong></span> <span class='ocrx_word' id='word_1_345' title='bbox 1861 4220 1911 4268; x_wconf 92' lang='lat' dir='ltr'><strong>p.</strong></span> <span class='ocrx_word' id='word_1_346' title='bbox 1935 4206 2045 4255; x_wconf 83' lang='lat'><strong>331.</strong></span> <span class='ocrx_word' id='word_1_347' title='bbox 2070 4209 2173 4254; x_wconf 87' lang='lat' dir='ltr'><strong>not.</strong></span> <span class='ocrx_word' id='word_1_348' title='bbox 2191 4204 2244 4268; x_wconf 89' lang='grc'><strong>·.]</strong></span> 
     </span>
    </p>

    <p class='ocr_par' dir='ltr' id='par_1_8' title="bbox 286 4267 2061 4336">
     <span class='ocr_line' id='line_1_38' title="bbox 286 4267 2061 4336; baseline -0.003 -14"><span class='ocrx_word' id='word_1_349' title='bbox 286 4283 319 4305; x_wconf 80' lang='grc'><em>·</em></span> <span class='ocrx_word' id='word_1_350' title='bbox 374 4273 502 4323; x_wconf 83' lang='lat' dir='ltr'><strong>Vide</strong></span> <span class='ocrx_word' id='word_1_351' title='bbox 524 4288 690 4336; x_wconf 81' lang='lat' dir='ltr'><strong>supra,</strong></span> <span class='ocrx_word' id='word_1_352' title='bbox 714 4287 761 4335; x_wconf 89' lang='lat' dir='ltr'><strong>p.</strong></span> <span class='ocrx_word' id='word_1_353' title='bbox 788 4271 925 4334; x_wconf 67' lang='lat'>332]</span> <span class='ocrx_word' id='word_1_354' title='bbox 1439 4281 1457 4304; x_wconf 57' lang='grc' dir='ltr'><strong><em>τ</em></strong></span> <span class='ocrx_word' id='word_1_355' title='bbox 1517 4271 1646 4321; x_wconf 86' lang='lat' dir='ltr'><strong>Vide</strong></span> <span class='ocrx_word' id='word_1_356' title='bbox 1666 4284 1830 4332; x_wconf 79' lang='lat' dir='ltr'><strong>supra,</strong></span> <span class='ocrx_word' id='word_1_357' title='bbox 1856 4284 1902 4332; x_wconf 89' lang='lat' dir='ltr'><strong>p.</strong></span> <span class='ocrx_word' id='word_1_358' title='bbox 1926 4267 2061 4332; x_wconf 65' lang='lat'><strong>3254]</strong></span> 
     </span>
    </p>

    <p class='ocr_par' dir='ltr' id='par_1_9' title="bbox 287 4334 2248 4401">
     <span class='ocr_line' id='line_1_39' title="bbox 287 4334 2248 4401; baseline -0.003 -14"><span class='ocrx_word' id='word_1_359' title='bbox 287 4348 310 4369; x_wconf 82' lang='lat'><strong>¹¹</strong></span> <span class='ocrx_word' id='word_1_360' title='bbox 372 4336 504 4387; x_wconf 79' lang='lat' dir='ltr'><strong>Vide</strong></span> <span class='ocrx_word' id='word_1_361' title='bbox 528 4352 693 4401; x_wconf 81' lang='lat' dir='ltr'><strong>supra,</strong></span> <span class='ocrx_word' id='word_1_362' title='bbox 718 4351 765 4400; x_wconf 90' lang='lat' dir='ltr'><strong>p.</strong></span> <span class='ocrx_word' id='word_1_363' title='bbox 790 4338 899 4386; x_wconf 87' lang='grc'><strong>330.</strong></span> <span class='ocrx_word' id='word_1_364' title='bbox 926 4341 1031 4385; x_wconf 84' lang='lat' dir='ltr'><strong>not.</strong></span> <span class='ocrx_word' id='word_1_365' title='bbox 1046 4334 1097 4399; x_wconf 74' lang='grc'><strong>·.]</strong></span> <span class='ocrx_word' id='word_1_366' title='bbox 1438 4345 1455 4366; x_wconf 84' lang='lat'>¹</span> <span class='ocrx_word' id='word_1_367' title='bbox 1518 4335 1648 4384; x_wconf 85' lang='lat' dir='ltr'><strong>Vide</strong></span> <span class='ocrx_word' id='word_1_368' title='bbox 1669 4349 1835 4397; x_wconf 75' lang='lat' dir='ltr'><strong>supra,</strong></span> <span class='ocrx_word' id='word_1_369' title='bbox 1901 4375 1906 4378; x_wconf 77' lang='grc'><em>,</em></span> <span class='ocrx_word' id='word_1_370' title='bbox 1937 4336 2046 4383; x_wconf 83' lang='grc'><strong>332.</strong></span> <span class='ocrx_word' id='word_1_371' title='bbox 2071 4337 2176 4383; x_wconf 82' lang='lat' dir='ltr'><strong>not.</strong></span> <span class='ocrx_word' id='word_1_372' title='bbox 2194 4334 2248 4399; x_wconf 50' lang='grc' dir='ltr'><strong>ἦ]</strong></span> 
     </span>
    </p>

    <p class='ocr_par' dir='ltr' id='par_1_10' title="bbox 289 4397 2434 4477">
     <span class='ocr_line' id='line_1_40' title="bbox 289 4397 2434 4477; baseline -0.001 -26"><span class='ocrx_word' id='word_1_373' title='bbox 289 4413 312 4436; x_wconf 85' lang='lat'>⁰</span> <span class='ocrx_word' id='word_1_374' title='bbox 370 4402 507 4451; x_wconf 84' lang='lat' dir='ltr'><strong>Vide</strong></span> <span class='ocrx_word' id='word_1_375' title='bbox 528 4417 693 4465; x_wconf 76' lang='lat' dir='ltr'><strong>supra,</strong></span> <span class='ocrx_word' id='word_1_376' title='bbox 716 4416 764 4477; x_wconf 83' lang='lat' dir='ltr'><strong>p.</strong></span> <span class='ocrx_word' id='word_1_377' title='bbox 790 4400 931 4463; x_wconf 69' lang='lat'><strong>332]</strong></span> <span class='ocrx_word' id='word_1_378' title='bbox 1439 4401 1454 4430; x_wconf 80' lang='lat'>¹</span> <span class='ocrx_word' id='word_1_379' title='bbox 1515 4399 1644 4450; x_wconf 86' lang='lat' dir='ltr'><strong>Vide</strong></span> <span class='ocrx_word' id='word_1_380' title='bbox 1681 4399 1804 4448; x_wconf 62' lang='grc' dir='ltr'><strong>Μοι</strong></span> <span class='ocrx_word' id='word_1_381' title='bbox 1943 4435 1954 4446; x_wconf 91' lang='grc'><strong>.</strong></span> <span class='ocrx_word' id='word_1_382' title='bbox 1991 4397 2145 4461; x_wconf 85' lang='lat' dir='ltr'><strong>Ceph.</strong></span> <span class='ocrx_word' id='word_1_383' title='bbox 2181 4398 2257 4449; x_wconf 87' lang='lat' dir='ltr'><strong>De</strong></span> <span class='ocrx_word' id='word_1_384' title='bbox 2292 4399 2434 4449; x_wconf 67' lang='lat' dir='ltr'><strong><em>Para-</em></strong></span> 
     </span>
    </p>

    <p class='ocr_par' dir='ltr' id='par_1_11' title="bbox 223 4463 2432 4591">
     <span class='ocr_line' id='line_1_41' title="bbox 287 4463 2432 4530; baseline -0 -14"><span class='ocrx_word' id='word_1_385' title='bbox 287 4477 309 4506; x_wconf 69' lang='grc' dir='ltr'><strong>Ρ</strong></span> <span class='ocrx_word' id='word_1_386' title='bbox 368 4467 540 4516; x_wconf 83' lang='lat' dir='ltr'><strong>Abbas</strong></span> <span class='ocrx_word' id='word_1_387' title='bbox 554 4466 585 4515; x_wconf 80' lang='lat' dir='ltr'>J</span> <span class='ocrx_word' id='word_1_388' title='bbox 590 4464 809 4529; x_wconf 76' lang='lat' dir='ltr'><strong>oachim]</strong></span> <span class='ocrx_word' id='word_1_389' title='bbox 830 4466 887 4514; x_wconf 90' lang='lat' dir='ltr'><strong>in</strong></span> <span class='ocrx_word' id='word_1_390' title='bbox 904 4465 1060 4528; x_wconf 84' lang='lat' dir='ltr'><strong>Apoc.</strong></span> <span class='ocrx_word' id='word_1_391' title='bbox 1081 4464 1149 4513; x_wconf 84' lang='lat' dir='ltr'><strong>xi.</strong></span> <span class='ocrx_word' id='word_1_392' title='bbox 1177 4465 1284 4530; x_wconf 83' lang='lat' dir='ltr'><strong>[sol.</strong></span> <span class='ocrx_word' id='word_1_393' title='bbox 1372 4464 1483 4513; x_wconf 86' lang='lat' dir='ltr'><strong>diso</strong></span> <span class='ocrx_word' id='word_1_394' title='bbox 1502 4466 1785 4517; x_wconf 81' lang='lat' dir='ltr'><strong>Comment.</strong></span> <span class='ocrx_word' id='word_1_395' title='bbox 1821 4478 1925 4526; x_wconf 85' lang='lat' dir='ltr'><strong>par.</strong></span> <span class='ocrx_word' id='word_1_396' title='bbox 1948 4463 1981 4512; x_wconf 84' lang='lat' dir='ltr'><strong>i.</strong></span> <span class='ocrx_word' id='word_1_397' title='bbox 2005 4478 2112 4526; x_wconf 85' lang='lat' dir='ltr'><strong>cap.</strong></span> <span class='ocrx_word' id='word_1_398' title='bbox 2133 4464 2243 4513; x_wconf 88' lang='lat' dir='ltr'><strong>xiii.</strong></span> <span class='ocrx_word' id='word_1_399' title='bbox 2278 4479 2328 4527; x_wconf 91' lang='lat' dir='ltr'><strong>p.</strong></span> <span class='ocrx_word' id='word_1_400' title='bbox 2353 4465 2432 4515; x_wconf 76' lang='lat'><strong>37.</strong></span> 
     </span>
     <span class='ocr_line' id='line_1_42' title="bbox 223 4528 2432 4591; baseline -0.002 -10"><span class='ocrx_word' id='word_1_401' title='bbox 223 4534 336 4582; x_wconf 79' lang='lat'><strong>148.</strong></span> <span class='ocrx_word' id='word_1_402' title='bbox 389 4569 400 4580; x_wconf 95' lang='lat'><strong>.</strong></span> <span class='ocrx_word' id='word_1_403' title='bbox 426 4532 522 4580; x_wconf 85' lang='lat' dir='ltr'><strong>col.</strong></span> <span class='ocrx_word' id='word_1_404' title='bbox 543 4533 589 4580; x_wconf 93' lang='lat'><strong>1.</strong></span> <span class='ocrx_word' id='word_1_405' title='bbox 614 4532 716 4581; x_wconf 76' lang='lat' dir='ltr'><strong>4to.</strong></span> <span class='ocrx_word' id='word_1_406' title='bbox 743 4529 923 4580; x_wconf 79' lang='lat' dir='ltr'><strong>Venet.</strong></span> <span class='ocrx_word' id='word_1_407' title='bbox 949 4529 1122 4591; x_wconf 53' lang='lat'><strong>1522]</strong></span> <span class='ocrx_word' id='word_1_408' title='bbox 1374 4530 1527 4577; x_wconf 77' lang='lat' dir='ltr'><strong>Antv.</strong></span> <span class='ocrx_word' id='word_1_409' title='bbox 1551 4532 1710 4588; x_wconf 81' lang='lat'>1569;</span> <span class='ocrx_word' id='word_1_410' title='bbox 1745 4543 1895 4590; x_wconf 86' lang='lat' dir='ltr'><strong>quem</strong></span> <span class='ocrx_word' id='word_1_411' title='bbox 1918 4543 2114 4591; x_wconf 88' lang='lat' dir='ltr'><strong>quoque</strong></span> <span class='ocrx_word' id='word_1_412' title='bbox 2136 4530 2262 4578; x_wconf 81' lang='lat' dir='ltr'><strong>citat</strong></span> <span class='ocrx_word' id='word_1_413' title='bbox 2284 4528 2432 4579; x_wconf 82' lang='lat' dir='ltr'><strong>Corn.</strong></span> 
     </span>
    </p>
   </div>
   <div class='ocr_carea' id='block_1_8' title="bbox 310 4626 1915 4673">
    <p class='ocr_par' dir='ltr' id='par_1_12' title="bbox 310 4626 1915 4673">
     <span class='ocr_line' id='line_1_43' title="bbox 310 4626 1915 4673; baseline -0.001 -11"><span class='ocrx_word' id='word_1_414' title='bbox 310 4627 657 4662; x_wconf 65' lang='lat' dir='ltr'><strong>unauna—</strong></span> <span class='ocrx_word' id='word_1_415' title='bbox 667 4626 801 4661; x_wconf 67' lang='lat' dir='ltr'><strong>unse.</strong></span> <span class='ocrx_word' id='word_1_416' title='bbox 1881 4628 1915 4673; x_wconf 81' lang='grc' dir='ltr'>Ζ</span> 
     </span>
    </p>
   </div>
  </div>
 </body>
</html>
