3165 4959
276 978 283 989 “
353 974 611 1037 Apostolis

664 319 794 383 296
1288 333 1372 379 AD
1417 331 1799 380 CARmNAms
1842 327 2243 377 BELLARfflNI

732 487 902 549 Atque
923 485 1018 536 hoc
1049 484 1322 535 adversarii
1351 485 1621 536 admittere
1644 485 1900 547 deberent,
1925 485 2012 548 qui
2046 486 2101 533 in
2126 482 2363 533 omnibus
2396 480 2761 531 Controversiis
2792 494 2882 528 ex·

799 580 1025 629 pressum
1048 566 1258 615 verbum
1281 567 1559 629 requirunt.
1596 566 1729 625 Quid
1751 568 1891 616 enim
1916 566 2082 630 potuit
2105 565 2387 628 expressius
2409 563 2528 623 dici,
2550 577 2700 624 quam
2725 560 2879 618 illud,

800 652 816 675 ‘
831 648 1015 697 Beatus
1035 662 1087 697 es
1110 647 1287 696 Simon
1312 646 1560 708 Bariona:
1580 648 1893 712 δια-[ΒΘΗ.
1920 647 2067 710 Apol.
2094 661 2184 709 pro
2208 645 2353 708 Resp.
2391 644 2501 708 Op„
2525 650 2645 693 tom.
2670 645 2757 692 vii.
2779 643 2878 691 eol.

802 732 912 783 773.
941 730 1023 794 D.]

351 847 430 911 [et
449 845 606 896 omni·
760 831 901 893 Nos
939 850 1107 907 vero,
1141 828 1313 911 quod
1356 851 1642 910 expresse
1685 829 1776 893 ibi
1819 828 2076 905 dicitur,
2123 828 2528 910 agnoscimus
2573 826 2874 900 libenter,

350 913 446 961 bus
467 914 638 972 poeoe‘
674 954 795 995 nec
825 931 1134 1017 syllabam
1164 931 1386 995 abesse
1416 933 1730 1009 volumus,
1770 931 1907 992 Tibi
1937 932 2094 993 dabo
2126 932 2347 1007 claves,
2379 930 2626 992 dictum
2657 929 2872 1002 Petro,

351 1036 522 1102 data]
677 1042 744 1099 et
774 1036 883 1097 uni
919 1035 997 1117 (si
1024 1034 1245 1114 volet),
1277 1055 1410 1097 non
1450 1042 1671 1098 tamen
1701 1036 1769 1098 in
1799 1055 2073 1116 persona
2116 1054 2250 1094 sua.
2343 1032 2518 1097 Quid
2549 1040 2646 1094 est
2676 1030 2873 1100 enim.

684 1138 823 1201 Tibi
870 1138 1028 1200 dabo
1074 1138 1277 1198 claves
1300 1138 1333 1198 ?
1382 1138 1695 1219 Quicquid
1721 1138 2031 1219 ἱίραυεήε,
2066 1144 2168 1218 δςο.
2263 1134 2595 1197 Habemus
2624 1152 2877 1213 expres-

676 1262 812 1303 sum
842 1239 993 1303 alibi
1027 1238 1295 1315 verbam,
1337 1241 1507 1322 quod
1546 1240 1796 1302 verbum
1838 1239 1962 1302 hoc
2001 1258 2353 1319 expressam
2392 1237 2875 1319 interpretetur.

573 1336 592 1353 ’
683 1343 992 1424 Quicquid
1018 1343 1311 1423 liyaveris
1332 1368 1351 1403 .-
1406 1342 1715 1424 Quieqaid
1740 1343 2104 1425 liyaveritis.
2189 1341 2306 1417 Ut,
2339 1339 2461 1402 etsi
2491 1340 2600 1400 uni
2629 1338 2875 1401 dictum

683 1448 820 1508 Tibi
843 1446 1000 1507 dabo
1032 1445 1233 1506 claves
1252 1469 1274 1507 .·
1331 1452 1496 1507 at-et
1526 1446 1675 1507 aliis
1704 1452 1923 1507 tamen
1956 1442 2203 1520 dandae,
2237 1443 2384 1503 aliis
2413 1441 2580 1504 datae
2609 1440 2873 1503 fuerint.

675 1550 878 1611 Pasce
906 1567 1063 1623 oves,
1088 1567 1373 1627 expresse
1401 1547 1698 1625 fatemur,
1729 1549 1838 1610 uni
1869 1547 2134 1625 dictum,
2165 1546 2275 1607 uni
2303 1552 2403 1607 ter
2432 1543 2713 1619 dictum3
2763 1543 2877 1606 sed

678 1651 827 1733 quia
870 1669 1028 1711 unus
1073 1656 1174 1710 ter
1224 1657 1538 1733 negarat5
1606 1656 1798 1732 atque
1851 1670 1928 1711 ea
1977 1669 2130 1711 voce
2181 1646 2553 1710 restitutum
2600 1647 2874 1723 muneri,

674 1773 810 1815 non
864 1772 1057 1834 supra
1104 1751 1385 1834 reliquos
1430 1752 1501 1815 in
1546 1772 1815 1815 munere
1863 1752 2307 1815 constitutum.
2398 1751 2616 1831 Atque
2661 1749 2775 1827 ita,
2822 1751 2879 1812 si

674 1864 1062 1938 praeceptum
1110 1855 1407 1937 respiciat
1460 1855 1624 1937 quis,
1655 1855 1981 1938 porrigere
2032 1874 2101 1916 se
2146 1852 2228 1916 ad
2281 1873 2486 1931 omnes
2536 1853 2877 1935 Apostolos

675 1965 741 2020 et
805 1954 1261 2039 Apostolorum
1335 1977 1752 2035 successores,
1822 1959 1989 2020 Oves
2059 1956 2231 2019 enim
2295 1954 2537 2019 Christi
2601 1956 2880 2018 omnibus

674 2058 1025 2142 pascendae.
1118 2057 1189 2120 Si
1216 2059 1520 2141 praecepti
1565 2059 2038 2136 solennitatem,
2081 2059 2343 2140 (trinam
2374 2057 2615 2122 scilicet
2644 2059 2880 2139 repeti·

673 2161 964 2243 tionem)
1029 2165 1139 2222 uni
1217 2162 1642 2244 peculiarem3
1713 2164 1824 2226 sed
1885 2184 1964 2225 ex
2035 2184 2245 2240 causa,
2306 2182 2449 2244 quae
2511 2182 2647 2223 non
2697 2159 2880 2223 valde

677 2262 1128 2327 Monarchiam
1151 2263 1355 2347 juvet.

742 2415 863 2465 Non
885 2453 896 2465 .
922 2454 933 2465 .
961 2453 973 2465 .
996 2431 1257 2479 negamus,
1294 2417 1421 2482 quin
1454 2419 1692 2481 Apostoli
1725 2420 1895 2468 caeteri
1930 2420 2134 2483 plenam
2173 2419 2443 2468 habuerint
2470 2422 2772 2482 potestatem
2802 2418 2880 2481 [in

806 2499 1093 2563 Ecclesias‚]
1131 2499 1214 2549 sed
1250 2500 1400 2562 longe
1422 2501 1572 2550 aliter
1606 2516 1756 2563 quam
1782 2538 1792 2550 .
1820 2539 1830 2549 .
1857 2538 1869 2550 .
1895 2501 1947 2550 S.
1974 2501 2164 2551 Petrus.
2234 2500 2334 2549 Hic
2360 2501 2499 2550 enim
2539 2499 2717 2548 habuit
2752 2498 2880 2547 ordi·

806 2581 1015 2638 nariam,
1042 2596 1193 2643 quam
1218 2582 1588 2630 transmitteret
1609 2582 1674 2631 ad
1688 2597 2017 2643 successor-0⁸3
2050 2583 2129 2631 illi
2146 2581 2612 2640 extraordinariam,
2635 2596 2746 2643 quae
2764 2594 2880 2628 cum

808 2662 933 2724 ipsis
963 2662 1195 2711 finiretur
1214 2680 1227 2722 ;
1264 2663 1349 2712 hic
1373 2669 1425 2713 et
1458 2678 1609 2726 supra
1631 2663 1900 2725 Apostolos
1931 2668 2229 2727 potestatem
2255 2663 2450 2722 habuit,
2473 2662 2551 2711 illi
2576 2698 2588 2710 .
2613 2699 2624 2710 .
2649 2699 2662 2711 .
2687 2662 2882 2710 nullam

808 2742 1161 2792 habuerunt.—
1173 2743 1320 2808 [Bell.
1346 2745 1493 2808 Apol.
1517 2759 1610 2807 pro
1633 2743 1802 2808 Resp]
1823 2759 1871 2807 p.
1897 2747 2004 2795 123.
2030 2744 2164 2809 [Op.‚
2185 2749 2306 2793 tom.
2330 2744 2417 2792 vii.
2441 2744 2535 2792 col.
2559 2743 2668 2795 774.
2689 2743 2818 2806 A.];

354 2862 587 2927 [Nullam
765 2848 1052 2912 Tandem
1098 2858 1312 2913 autem
1361 2851 1620 2929 fatetur,
1655 2858 1721 2914 et
1748 2853 2003 2932 plenam
2066 2853 2326 2935 reliquis
2354 2853 2675 2933 Apostolis
2701 2858 2884 2932 pote-

352 2943 558 3039 ἓῑζῖξξω
677 2956 900 3013 statem
924 2952 1136 3014 datam
1161 2954 1227 3014 in
1251 2953 1590 3017 Ecclesias.
1644 2954 1779 3017 Ubi
1812 2955 2075 3018 datam?
2131 2956 2298 3019 Cum
2330 2954 2492 3017 dixit
2520 2954 2669 3031 illis,
2705 2955 2884 3016 Sicut

355 3056 622 3117 Apostolos
678 3054 849 3115 misit
878 3053 991 3114 Me
1020 3055 1237 3133 Pater,
1277 3061 1339 3117 et
1369 3056 1508 3138 Eyo
1549 3058 1729 3120 mitto
1760 3079 1886 3120 vos.
1978 3059 2104 3120 Par
2132 3057 2222 3121 ibi
2250 3064 2533 3140 potestas
2564 3056 2883 3133 omnibus,

390 3124 654 3232 ffissffoem
681 3153 870 3237 plena
928 3155 1244 3220 omnibus.
1361 3158 1490 3221 Sed
1555 3160 1731 3241 lonye
1792 3166 1996 3222 tamen
2055 3161 2240 3222 aliter
2294 3166 2668 3241 potestatem
2725 3161 2889 3222 hanc

356 3247 405 3296 S.
432 3247 653 3312 Petrus]
683 3257 900 3319 habuit
941 3258 1190 3320 Petrus.
1287 3260 1506 3323 Gratis
1545 3262 1667 3325 hoc
1704 3283 1869 3346 saepe
1907 3262 2152 3326 dictum
2189 3285 2228 3327 a
2264 3263 2603 3326 Cardinale
2623 3289 2639 3339 3
2688 3263 2887 3345 gratis

682 3359 788 3423 hic
818 3358 1069 3424 dicitur.
1164 3361 1347 3424 Petri
1364 3370 1652 3445 potestas
1672 3366 1996 3428 ordinaria
2013 3366 2171 3447 fuit,
2204 3368 2578 3447 reliquorum
2600 3372 2890 3428 extraor-

685 3463 956 3526 dinaria.
1050 3464 1285 3528 Petrus
1315 3475 1704 3548 potestatem
1736 3490 1917 3531 suam
1949 3471 2373 3533 transmittere
2402 3471 2632 3552 potuit,
2656 3470 2888 3553 reliqui

682 3588 815 3631 non
874 3574 1243 3650 potuerunt.
1335 3570 1567 3634 Petrus
1629 3572 1824 3635 etiam
1892 3594 2077 3654 super
2133 3575 2466 3656 Apostolos
2511 3580 2888 3655 potestatem

683 3671 899 3733 habuit
920 3698 939 3732 :
989 3672 1247 3755 Reliqui
1289 3675 1522 3736 nullam
1561 3676 1925 3740 habuerunt.
2017 3676 2150 3741 Ubi
2188 3677 2434 3739 verbum
2479 3697 2832 3757 expressam
2853 3680 2888 3740 ?

685 3773 818 3837 Ubi
849 3774 1116 3837 Patrum
1145 3798 1266 3841 vox
1285 3778 1315 3839 ⁴?
1346 3777 1461 3841 ubi
1497 3779 1757 3841 Concilii
1783 3781 2006 3844 Canon
2038 3780 2207 3842 ullus
2229 3782 2258 3842 ’.Ρ
2307 3780 2384 3842 de
2409 3779 2601 3844 Petro
2633 3781 2886 3842 ordina-

681 3877 799 3954 rio,
850 3877 925 3938 de
958 3881 1298 3958 potestatis
1345 3884 1810 3944 transmissione
1855 3882 1947 3944 illi
1993 3883 2110 3945 soli
2150 3883 2424 3966 propria,
2464 3882 2542 3944 de
2575 3889 2887 3963 potestate

680 4001 865 4061 saper
896 3983 1226 4062 Apostolos
1250 3985 1283 4045 ?
1372 3985 1839 4048 Phantasmata
1867 3985 2004 4049 haec
2034 4007 2211 4049 mera
2242 3993 2414 4048 sunt.
2505 3986 2683 4048 Dicit
2711 4007 2786 4048 ea
2815 3985 2886 4047 iu

690 4082 1138 4147 Controversiis
1155 4083 1203 4162 ¹²,
1235 4088 1459 4167 repetit
1488 4087 1593 4151 hic
1625 4088 2001 4166 CardinaIiS‚
2021 4089 2256 4169 probat
2286 4110 2621 4171 nusquam.

745 4219 1020 4292 Apostolus
1041 4257 1054 4270 .
1081 4258 1092 4272 .
1118 4257 1129 4269 .
1159 4221 1360 4283 Paulus,
1383 4223 1584 4272 etiamsi
1607 4223 1879 4286 Apostolus
1914 4240 2014 4274 non
2037 4225 2223 4286 fuisset,
2247 4223 2334 4274 sed
2356 4225 2575 4287 simplex
2598 4223 2885 4287 Episcopus,

807 4301 953 4351 facile
976 4306 1173 4366 poterat
1195 4303 1445 4352 incestum
1464 4303 1787 4354 Corinthium
1806 4320 1895 4368 per
1915 4305 2186 4356 Ecclesiam
2203 4305 2580 4355 Corinthiorum
2598 4306 2781 4369 spiritu
2799 4301 2887 4352 suo

739 4507 763 4541 Β
797 4512 943 4576 [Bell.
959 4515 1021 4601 de
1040 4517 1182 4567 Rom.
1204 4519 1347 4568 Pont.
1372 4519 1542 4571 lib.iv.
1567 4537 1675 4584 cap.
1693 4525 1770 4573 26.
1797 4528 1820 4585 ς
1842 4529 1854 4550 ⁴
1870 4524 2192 4589 Respondco.’
2215 4524 2324 4589 Op.‚
2351 4529 2471 4575 tom.
2492 4526 2526 4576 i.
2550 4540 2598 4589 p.
2617 4521 2821 4589 231.G.]
