3165 4959
985 344 1352 394 stomoma
1397 344 1763 394 RrsPoNsm.
2403 330 2488 392 93

264 502 430 567 illud
460 501 803 586 expendet,
832 501 1241 565 intellectum
1273 500 1621 585 suspendet
1664 500 1918 579 saltem,
1955 520 2040 563 ne
2083 499 2163 563 de
2202 500 2378 583 Papa
2420 499 2491 562 id

262 627 558 690 unquam
587 604 933 686 intelligat.
1024 604 1212 668 Nihil
1245 604 1416 667 enim
1457 604 1551 667 ibi
1591 603 2026 686 interrogatus
2056 610 2156 666 est
2191 604 2490 666 Servator

263 710 349 773 de
378 710 713 792 Pontifici-s
742 709 1137 787 auctoritate,
1168 707 1281 770 sed
1310 707 1389 770 de
1425 707 1622 770 Censu
1675 707 1978 781 Coesaris;
2038 707 2301 769 Verbum
2333 727 2487 789 ergo

260 812 431 876 illud
487 812 765 891 Domini,
820 811 935 875 sed
987 811 1180 895 quod,
1234 811 1444 894 Regia·
1491 810 1752 894 quidem
1802 810 2066 894 aliquOS,
2121 810 2487 873 auctoritati

260 937 420 980 vero
451 917 689 998 Papali
712 935 934 979 nervos
964 915 1177 979 nullos
1207 914 1485 999 adjiciat.

337 1067 532 1117 Audiat
562 1072 615 1117 et
637 1067 940 1131 Apostolum
978 1067 1187 1128 Christi,
1224 1068 1312 1130 qui
1346 1065 1772 1130 quemadmodum
1807 1066 1873 1116 ad
1909 1066 2054 1116 Rom.
2093 1067 2203 1116 xiii.
2245 1066 2486 1117 admonet

400 1149 628 1213 populos,
650 1154 709 1198 ut
728 1148 943 1212 subjecti
965 1149 1072 1198 sint
1093 1152 1147 1198 et
1169 1149 1409 1198 obediant
1429 1149 1794 1213 temporalibus
1816 1149 2165 1212 potestatibus,
2194 1168 2253 1189 =

364 1266 712 1348 Apostolus
758 1288 910 1330 vero
956 1272 1282 1348 utrumque
1338 1266 1556 1345 habet,
1619 1265 1793 1348 quod
1852 1271 1917 1329 et
1968 1271 2293 1347 utrumque
2341 1267 2482 1329 Rex

266 1369 494 1433 audit:
542 1369 945 1433 Cardinalem
978 1390 1231 1454 quoque
1273 1370 1463 1433 laetus
1493 1368 1696 1446 audit,
1730 1368 1884 1431 dum
1935 1371 2318 1451 recoqnoseit
2345 1370 2482 1452 ipse

268 1494 361 1551 se,
410 1478 477 1536 et
514 1472 880 1553 Apostolum
916 1472 1006 1534 ibi
1041 1473 1179 1556 jam
1212 1474 1378 1554 loqui
1409 1471 1585 1550 dicit,
1619 1472 1695 1534 de
1725 1472 2163 1553 temporalibus
2200 1478 2481 1552 potesta-

269 1575 437 1638 tibus
457 1601 475 1634 .·
523 1575 755 1659 quibus
803 1597 974 1659 erg0,
1016 1576 1215 1638 omnis
1249 1577 1460 1638 anima
1504 1575 1755 1637 subdita
1797 1594 1926 1638 esse
1967 1574 2174 1638 debet.
2265 1575 2353 1637 Et
2383 1581 2482 1638 est

267 1679 485 1761 aliqua
524 1677 855 1760 Pontifici-s
905 1681 1136 1757 anima,
1188 1679 1361 1742 inter
1409 1699 1614 1740 omues
1660 1678 1839 1742 illas:
1888 1699 2032 1761 quae
2079 1678 2265 1761 proin
2307 1698 2395 1756 se,
2429 1677 2483 1740 si

265 1783 637 1864 Apostolum
664 1782 862 1846 modo
891 1781 1130 1860 audiat,
1150 1781 1570 1862 potestatibus
1601 1781 1725 1845 illis
1751 1782 2088 1863 subjectam
2117 1782 2418 1846 fateatur.

348 1937 405 1958 =
428 1917 503 1967 its
534 1916 737 1968 eosdem
771 1922 949 1967 monet
968 1918 1033 1968 ad
1071 1917 1204 1968 Heb.
1227 1918 1357 1978 xiii„
1381 1928 1441 1966 ut
1474 1916 1717 1968 obediant
1740 1917 2088 1981 spiritualibus
2123 1916 2408 1980 praepositis
2429 1920 2482 1966 et

403 2001 697 2064 subjaoeant
717 2001 807 2061 eis,
830 2002 918 2064 qui
940 2001 1265 2065 pervigilant,
1288 2001 1433 2064 quasi
1455 2001 1704 2050 rationem
1730 2015 1822 2064 pro
1843 2001 2108 2050 animabus
2130 2001 2355 2063 ipsorum
2377 1999 2482 2050 red-

405 2082 810 2148 ‹murt—[Bou.
830 2083 983 2147 Apol.
1003 2097 1095 2148 pro
1118 2082 1295 2146 Resp.]
1332 2096 1383 2146 p.
1407 2084 1487 2133 24.
1525 2082 1664 2147 [Op.,
1700 2086 1823 2133 tom.
1844 2082 1935 2132 vii.
1956 2083 2048 2132 eol.
2072 2084 2183 2134 718.
2209 2080 2263 2131 O.
2286 2081 2379 2145 D.]

361 2200 565 2264 Audit
596 2200 1020 2264 nihilominus
1052 2206 1117 2263 et
1149 2201 1445 2278 alterum,
1479 2206 1544 2263 et
1576 2220 1653 2264 ex
1684 2207 1866 2283 parte
1898 2200 2231 2263 Pontifieis
2256 2199 2480 2262 dolens

271 2305 477 2382 audit,
518 2304 775 2368 Obedite
797 2305 1183 2386 Prcepositis.
1240 2303 1515 2368 Pluralis
1546 2304 1720 2368 enim
1749 2303 1841 2367 ibi
1857 2325 2165 2367 numerus
2193 2329 2206 2369 ε
2240 2305 2480 2385 plures,

270 2407 509 2493 quibus
584 2409 1003 2488 obediendum,
1063 2429 1198 2471 non
1265 2427 1425 2470 uuus
1488 2407 1737 2491 aliquis,
1786 2408 2161 2489 prcepositus
2220 2405 2483 2491 reliquis

268 2513 575 2577 omnibus
623 2512 921 2577 Pontifex
951 2513 1317 2588 Maximus3
1367 2518 1443 2575 ut
1482 2533 1600 2596 par
1646 2518 1804 2591 erat,
1848 2512 1901 2575 si
1947 2512 2027 2575 de
2074 2513 2250 2596 Papa
2279 2512 2482 2576 Paulo

269 2615 365 2679 ibi
426 2616 739 2680 sollicitus
789 2616 915 2680 fuit
974 2616 1215 2680 Paulus
1271 2615 1646 2698 Apostolus,
1689 2702 1692 2705 .
1743 2615 1972 2678 Plures
2031 2615 2206 2677 enim
2265 2614 2483 2696 Papas

276 2720 485 2803 (puto)
542 2742 678 2784 non
725 2720 910 2785 feret.
1002 2720 1224 2784 Habet
1269 2741 1419 2784 vero
1473 2721 1614 2783 Rex
1673 2719 2051 2799 Praepositos
2098 2717 2481 2800 spirituales,

270 2824 569 2907 agnoscit
619 2846 746 2904 eos,
779 2832 846 2889 et
875 2826 1055 2909 quasi
1082 2846 1206 2906 pro
1244 2826 1454 2887 anima
1505 2825 1703 2905 ipsius
1752 2824 2056 2885 rationem
2106 2822 2482 2901 reddituros,

270 2948 410 2991 non
454 2928 696 2992 invitus
743 2925 1056 3007 πείθεται,
1103 2929 1391 2992 oratione
1444 2926 1746 3005 flectitur,
1795 2924 2059 2989 consilio
2098 2932 2301 3010 paret.
2390 2926 2484 2989 At

271 3030 436 3093 illud
483 3038 693 3107 tuum,
746 3032 835 3095 Et
885 3032 1195 3113 subjacete
1242 3033 1391 3110 illis,
1446 3031 1614 3094 male
1663 3029 1949 3094 ominata
2000 3051 2140 3109 vox,
2190 3029 2373 3111 quasi
2426 3029 2482 3092 si

261 3136 514 3219 jaceret
560 3134 924 3199 Friderieus
965 3134 1085 3198 sub
1115 3134 1488 3199 Alexandro
1518 3135 1736 3198 Tertio
1759 3132 1823 3198 ¹²:
1871 3134 2079 3198 nescit
2126 3154 2277 3197 vero
2307 3132 2481 3197 unde

272 3239 345 3300 in
376 3244 626 3300 textum
675 3238 1022 3322 irrepserit,
1054 3234 1341 3302 ὑπείκειν
1394 3238 1571 3301 enim
1628 3238 1946 3321 subjacere
1991 3259 2126 3301 non
2170 3244 2307 3302 est:
2371 3257 2483 3300 vos

270 3339 520 3404 fecistis
568 3348 643 3405 ut
691 3348 881 3421 esset,
935 3363 1069 3405 non
1117 3341 1328 3419 credn,
1376 3348 1454 3405 ut
1511 3342 1763 3420 Coesari,
1825 3363 1956 3424 quoe
2010 3342 2274 3404 Coesaris
2316 3346 2479 3418 sunt,

270 3447 637 3524 redderetis,
670 3447 780 3510 sed
804 3447 974 3531 quod
1006 3447 1099 3510 ita
1125 3447 1359 3510 misere
1388 3447 1639 3530 cupitis,
1660 3448 1976 3529 subjacere
2005 3448 2199 3510 etiam
2214 3447 2485 3527 pedibus

274 3551 469 3631 Papae
505 3551 778 3614 Coesares
816 3550 1008 3635 ipsos.
1097 3551 1342 3615 Merito
1382 3572 1556 3635 erge,
1596 3552 1854 3634 (praeter
1897 3549 2230 3631 vestrum,)
2268 3550 2481 3612 Inter-

270 3662 487 3737 pretes
531 3676 755 3718 omnes
811 3655 880 3719 id
939 3653 1208 3718 verbum
1253 3661 1723 3738 expunxerunt,
1784 3674 1902 3716 nos
1950 3671 2203 3735 quoque
2239 3671 2483 3733 expun-

272 3760 522 3842 gimus:
555 3759 644 3823 Et
673 3756 1018 3823 πείθεσθαι
1048 3758 1276 3823 volunt
1305 3759 1656 3840 Principes,
1689 3757 1882 3820 etiam
1913 3752 2198 3818 ὑπείκειν
2227 3754 2482 3835 Proepo-

270 3864 433 3940 sitis,
471 3861 541 3925 id
586 3869 703 3942 est,
753 3862 1061 3925 nimirum
1094 3862 1468 3943 persuaderi
1503 3860 1623 3922 sibi
1660 3860 1738 3923 ab
1778 3860 1907 3921 illis
1948 3858 2232 3921 ratione.-
2280 3856 2378 3919 sin
2410 3877 2485 3920 ea

272 3987 407 4027 non
436 3987 641 4049 usque
673 3970 994 4048 suppetat,
1039 3965 1265 4028 saltem
1319 3963 1685 4026 auctoritati
1733 3960 1991 4025 cedere:
2039 3981 2171 4023 non
2199 3965 2481 4041 proster-
2591 3985 2598 3992 ·

274 4090 418 4132 nere
446 4090 512 4132 se
551 4076 809 4133 tamen:
857 4076 943 4148 et,
988 4069 1090 4132 vel
1138 4069 1457 4131 imminere
1488 4066 1609 4129 sibi
1655 4066 1748 4128 ita
1787 4064 2186 4140 Pontificem,
2211 4063 2310 4126 vel
2339 4062 2480 4146 ipsi,

273 4177 364 4237 sic
396 4174 688 4237 Pontifici
721 4173 1058 4254 subjacere.

984 4326 1005 4357 ¹*
1044 4326 1202 4391 [Vide
1226 4341 1390 4389 supra,
1415 4324 1535 4374 Not.
1556 4334 1593 4381 ⁰,
1619 4338 1665 4387 p.
1687 4324 1793 4385 90.]
