3165 4959
983 356 1347 406 APOLOGIAM
1390 354 1754 404 RmPONsm.
2341 342 2465 405 201

250 529 356 601 ut,
400 523 552 606 jure
596 517 918 595 devolut0,
969 515 1400 598 Episcopatus
1446 513 1736 577 conferre
1782 517 2035 593 posset3
2088 511 2279 593 paulo
2322 533 2473 576 vero

253 633 408 710 post
449 623 927 688 concessionem
969 621 1139 683 hanc
1185 641 1368 682 suam
1412 618 1749 682 revocavit.
1842 616 1941 679 Ac
1982 625 2125 679 tum
2169 616 2470 698 primum,

254 728 652 792 Edmundus
697 726 776 790 de
821 726 1011 789 emilia
1055 724 1407 787 voluntario
1452 721 1778 805 cogitavit,
1810 728 2153 805 postquam
2198 719 2293 782 ita
2325 740 2474 808 eum

252 831 639 894 ludificatus
671 827 997 892 Pontifex.

329 961 382 1011 S.
408 961 701 1010 Dunstanus
734 996 746 1009 .
769 995 785 1008 .
812 995 824 1008 .
847 959 912 1009 ab
934 957 1150 1019 Edvino,
1174 957 1448 1007 mulierum
1471 945 1642 1006 amore
1664 960 1914 1019 corrupto,
1939 955 1998 1005 in
2017 956 2229 1006 exilium
2251 956 2477 1021 pellitur.

396 1043 613 1108 —{Bell.
639 1042 789 1106 Apol.
812 1057 905 1105 pro
928 1040 1098 1105 Resp.]
1123 1056 1171 1104 p.
1187 1041 1265 1091 71.
1291 1040 1424 1105 [Op.‚
1446 1039 1670 1088 tomvii.
1696 1039 1785 1089 col.
1807 1040 1918 1091 744.
1943 1038 2029 1102 Β.]

355 1145 739 1207 Dunstanus
802 1141 957 1225 quid
1016 1140 1151 1223 agit
1202 1141 1372 1203 inter
1423 1139 1561 1217 hos,
1612 1139 1796 1223 cujus
1842 1139 2006 1202 nihil
2057 1139 2254 1203 habet
2305 1162 2479 1205 com·
2507 1144 2584 1208 [S
2606 1143 2743 1192 Dun-

260 1267 467 1311 mune
497 1266 688 1309 causa
716 1265 865 1307 cum
893 1243 1157 1327 reliquis
1178 1244 1207 1304 ‘t’
1300 1244 1475 1306 Nam
1507 1243 1838 1306 Dunstani
1872 1243 2105 1306 saeculo
2136 1244 2479 1309 Pontifices

261 1351 392 1434 ipsi
438 1371 478 1412 a
525 1350 768 1411 Caesare
815 1347 1218 1409 investituras
1260 1344 1655 1408 habuerunt.
1764 1345 1900 1407 Leo
1949 1344 2192 1408 scilicet
2223 1345 2479 1424 VIIIJ‘,

271 1453 567 1537 deposito
628 1453 880 1515 Joanne
943 1451 1151 1529 XII.⁰,
1206 1472 1246 1514 a
1307 1472 1432 1534 quo
1493 1451 1766 1513 donatus
1825 1449 2020 1531 pallio
2080 1450 2480 1514 Dunstanus.

272 1558 366 1620 At
410 1558 561 1637 (pro
606 1576 724 1636 quo
760 1574 992 1636 passas
1021 1554 1434 1635 Dan-sinnas)
1471 1554 1797 1614 mulierum
1837 1574 2106 1615 amorem
2149 1553 2370 1617 ferunt
2413 1555 2485 1617 in

279 1658 567 1741 Regibus
628 1658 1024 1721 Pontifices:
1101 1677 1222 1720 nec
1282 1658 1662 1720 Dunstanos
1720 1662 1942 1738 agunt,
2012 1665 2232 1721 ament
2291 1678 2484 1740 quam

274 1762 526 1838 volunt,
576 1770 731 1844 quot
765 1761 991 1825 volunt
1035 1760 1357 1837 mulierem,
1405 1760 1561 1823 dum
1607 1768 1840 1823 caetera
1882 1761 2185 1843 morigeri
2229 1761 2379 1839 sint,
2416 1768 2484 1823 et

272 1867 767 1929 Ecclesiasticas
798 1866 1116 1928 libertates
1145 1886 1275 1928 non
1305 1865 1566 1927 violent.

343 2003 396 2052 S.
422 2001 577 2064 Hugo
613 2041 624 2053 .
660 2038 675 2052 .
707 2037 724 2053 .
759 2038 772 2050 .
807 2000 1178 2051 Lincolniensis
1209 2016 1312 2049 non
1341 2015 1499 2064 pauca
1530 2001 1774 2050 sustinuit
1804 2016 1836 2051 a
1867 2001 2004 2064 Rege
2037 2000 2486 2068 menda-[Bell.

414 2084 560 2147 Apol.
585 2098 675 2148 pro
698 2082 939 2147 RespMJp
963 2084 1041 2134 71.
1079 2082 1211 2147 [Ορῐ,
1234 2083 1457 2132 tom.vii.
1483 2082 1575 2132 col.
1596 2084 1705 2135 744.
1731 2082 1809 2147 C.]

2505 1214 2706 1260 starium
2710 1206 2754 1269 ‚]

2602 1984 2722 2046 151

374 2181 573 2264 Hugo
603 2203 771 2259 vero,
821 2181 929 2264 qui
977 2181 1142 2263 Regi
1185 2180 1430 2243 bellum
1476 2182 1748 2264 gerenti,
1796 2191 1863 2246 et
1903 2183 2070 2266 (quae
2113 2182 2266 2247 belli
2310 2184 2490 2248 nervi
2519 2185 2597 2250 [S·
2623 2184 2796 2248 Hugo-

2516 2265 2633 2299 nem
2659 2250 2774 2299 Lin-

279 2286 460 2367 sunt)
502 2285 789 2367 pecuniis
824 2284 1165 2366 indigenti,
1198 2283 1536 2347 subvenire
1565 2283 1796 2363 noluit,
1829 2307 1914 2348 an
1946 2294 2011 2349 et
2040 2287 2096 2349 is
2125 2287 2195 2350 in
2228 2288 2645 2365 Sancto-001„
2650 2312 2687 2378 ]

280 2410 424 2450 rum
453 2409 725 2451 numero
755 2387 1183 2450 inserendus?
1277 2386 1429 2465 Qui,
1464 2409 1655 2469 quem
1681 2388 2023 2451 Christus
2006 2411 2160 2473 ipse,
2181 2412 2305 2471 pro
2334 2413 2401 2454 se
2430 2399 2492 2455 et

284 2495 504 2570 Petro,
526 2494 710 2554 solvit
734 2489 1045 2563 censum‘l3
1096 2492 1223 2574 qui,
1253 2513 1443 2573 quem
1468 2493 1705 2554 Coesari
1734 2494 1915 2555 reddi
1926 2495 2128 2576 jussit
2153 2497 2492 2575 christetae,

284 2597 471 2662 reddi
519 2596 797 2679 negavit,
831 2618 915 2658 an
959 2596 1130 2659 inter
1162 2596 1429 2659 Sanctus
1472 2618 1618 2659 suos
1650 2597 1951 2660 Christus
1979 2598 2295 2663 haberet?
2383 2605 2494 2664 An

286 2699 577 2764 Domina
606 2701 745 2782 ejus
780 2699 1020 2761 Sancta
1050 2697 1282 2776 Maria,
1318 2719 1460 2780 quae
1504 2698 1575 2760 in
1621 2698 2045 2781 descriptione
2075 2702 2383 2783 Augusti,
2414 2710 2491 2765 ut

277 2803 716 2885 profiteretur,
748 2822 1089 2884 praegnans
1119 2808 1254 2862 tam
1284 2800 1551 2883 longum
1585 2801 1712 2864 iter
1742 2823 2001 2865 emensa
2029 2802 2161 2866 ests
2179 2806 2208 2866 Ρ

352 2934 458 2984 Hic
481 2949 573 2984 nos
604 2948 801 2997 quoque
823 2933 1232 2983 Ecclesiasticum
1258 2934 1520 2984 hominem
1550 2939 1799 2995 tenemus,
1822 2937 1903 2986 cui
1926 2940 2048 2986 nota
2077 2942 2185 2988 erat
2207 2939 2497 3004 Theologia,

421 3032 575 3079 quam
611 3016 825 3066 Jesuitoe
857 3015 1007 3065 hodie
1038 3016 1235 3075 docent,
1270 3031 1374 3066 non
1407 3033 1511 3067 esse
1544 3018 1881 3068 obediendum
1906 3020 2034 3084 Regi
2067 3022 2122 3070 in
2146 3023 2498 3087 proejudicium

421 3098 784 3148 Ecclesiasticus
822 3098 1333 3163 libertatis—[Bell.
1371 3099 1519 3164 Apol.
1554 3115 1649 3164 pro
1684 3101 1854 3167 Resp.]
1891 3118 1941 3167 p.
1975 3104 2055 3155 72.
2092 3104 2224 3169 [Op.‚
2261 3112 2383 3157 tom.
2409 3108 2499 3158 vii.

424 3180 520 3230 eol.
545 3181 654 3231 745.
680 3179 764 3244 A.]

383 3281 515 3346 Qui
539 3280 751 3344 necin
773 3301 843 3343 re
870 3280 1142 3363 quadam
1166 3282 1345 3364 parvi
1374 3284 1688 3347 momenti
1718 3286 2064 3367 gratificari
2088 3288 2253 3372 Regi
2275 3290 2499 3370 voluit,

288 3386 554 3447 huncne
575 3383 1088 3446 Ecclesia-sticum
1118 3385 1419 3447 hominem
1447 3392 1612 3450 tenet
1636 3387 2042 3452 cardinalis?
2089 3390 2284 3475 hujus
2306 3393 2504 3457 verba

294 3483 623 3561 adscribit,
675 3505 816 3566 quae
869 3484 1140 3547 doceant
1189 3484 1500 3563 subditoS‚
1556 3486 1721 3569 Regi
1768 3487 2087 3552 bellorum
2141 3493 2504 3574 sumptibus

298 3588 635 3665 exhaustO,
681 3608 759 3651 ex
803 3587 1019 3671 inopia
1062 3587 1402 3666 laboranti,
1452 3588 1806 3652 subsidium
1839 3591 1918 3655 ab
1951 3594 2042 3654 eis
2071 3597 2504 3659 necessarium

297 3689 750 3771 denegandum
772 3716 790 3767 3
861 3697 1169 3773 tanquam
1217 3692 1313 3753 sui
1377 3691 1596 3754 saeculi
1649 3693 1690 3755 J
1694 3693 1961 3756 esuitae?
2055 3696 2184 3757 Hic
2246 3699 2504 3780 quidem

294 3793 813 3856 Ecclesiasticum
872 3794 1175 3854 hominem
1236 3795 1477 3871 tenetis,
1528 3795 1712 3878 cujus
1765 3816 1876 3857 vos
1934 3796 2177 3878 pudere
2238 3799 2506 3864 debeat:

298 3896 554 3958 Patella
589 3897 897 3958 Jesuitica
947 3897 1202 3978 diynum
1251 3899 1659 3978 operculum&
1751 3898 1878 3960 Hic
1924 3920 2037 3962 nos
2081 3922 2316 3984 quoque
2351 3906 2506 3966 Car-

298 4000 572 4062 dinalem
616 4005 907 4077 tenemuS,
952 4002 1127 4081 cujus
1172 4002 1300 4062 Izoec
1338 4003 1555 4081 prima
1601 4002 1949 4083 wteoloyia,
1997 4004 2243 4087 Regem
2283 4017 2511 4071 contra

298 4104 519 4166 hostes
551 4103 984 4182 dimicantem,
1016 4104 1291 4188 pecunia
1320 4125 1479 4187 opus
1512 4104 1880 4182 habentem,
1912 4126 2044 4169 non
2076 4107 2512 4192 adjuvandum

299 4229 340 4269 a
371 4206 669 4270 subditis-

366 4378 390 4409 δ
429 4378 589 4443 [Vide
628 4379 826 4429 Decret.
870 4379 979 4429 Par.
1005 4381 1037 4429 i.
1073 4379 1206 4428 Dist.
1233 4380 1364 4429 lxiii.
1521 4378 1543 4410 ἅ
1607 4379 1748 4428 Matt.
1773 4380 1894 4428 xvii.
1923 4380 1998 4431 27.

300 4459 411 4508 cap.
447 4445 595 4493 xxiii.
633 4444 724 4494 ‘In
765 4444 982 4506 synodo,
987 4445 1215 4508 '.—Corp
1256 4445 1365 4495 Jur.
1522 4454 1542 4477 ²
1603 4445 1747 4494 Matt.
1774 4446 1897 4493 xxii.
1925 4449 2001 4493 21.

301 4511 427 4559 Can.
463 4515 585 4557 tom.
680 4510 770 4558 col.
800 4509 932 4574 323]
1521 4508 1538 4541 ¹
1607 4510 1722 4559 Luc.
1749 4510 1805 4559 ii.
1829 4514 1870 4560 5.

369 4582 388 4604 ε
427 4573 590 4638 [Plat
574 4508 671 4622 ᾅιι
696 4573 849 4625 Leon.
881 4575 916 4623 V
912 4509 1025 4624 ]1.11
1061 4590 1109 4638 p.
1137 4574 1270 4637 166]
1520 4584 1542 4615 ⁸
1601 4575 1789 4625 Erasm.
1817 4577 1863 4624 A
1901 4590 1978 4640 ag.
2014 4593 2060 4641 p.
2087 4574 2222 4643 645]
