3165 4959
970 356 1337 406 stomoma
1378 357 1744 407 mpossm.
2338 341 2463 405 171

384 508 582 574 ligandi
616 514 669 561 et.
700 509 928 561 solvendi
942 527 956 572 ;
989 514 1042 560 et
1074 525 1139 561 ex
1170 512 1274 562 alio
1294 511 1329 561 J
1331 515 1595 562 uramento
1626 511 1850 570 clariore,
1871 509 2006 574 quod
2037 513 2114 559 est
2146 508 2210 559 de
2235 507 2466 560 Primatu

384 592 539 655 Regis
580 592 637 641 in
679 592 1302 657 spiritualibus·.—[Beu.
1333 593 1483 658 Apol.
1517 607 1612 658 pro
1650 590 1822 656 Rasa]
1857 607 1908 656 p.
1933 591 2009 641 54.
2047 591 2187 655 [Op.,
2225 593 2350 640 tom.
2374 591 2466 641 vii.

381 673 477 723 ool.
503 673 532 725 7
539 675 613 725 34.
641 673 696 724 C.
712 673 799 738 1).]

344 781 567 865 Friget
598 802 749 845 vero
787 782 1184 865 argumentis
1218 783 1329 845 Sic
1364 782 1608 844 Titulus
1636 780 1877 844 Edicti.
1980 781 2125 844 Imo
2170 779 2273 843 dic
2319 778 2460 863 qui-
2488 784 2790 862 [Argumen-

249 883 377 948 bus
407 885 452 947 J
452 883 776 947 uramenti
804 883 1012 947 verbis
1050 890 1338 967 potestas
1367 881 1708 948 Pontificio.
1737 882 2113 966 abnegetur.
2203 880 2456 946 Titulus
2484 852 2705 964 ξωῗὶῖ,

254 986 432 1051 enim
475 987 698 1050 Edicta·
750 988 795 1050 J
798 987 1118 1051 uramenti
1174 1007 1323 1070 pars
1371 986 1553 1049 nulla
1599 991 1719 1050 est.
1812 988 1871 1049 1.
1933 986 2177 1048 Titulus
2217 985 2456 1064 Edicti,
2483 991 2736 1105 ξζξθῖὓῡῡ

254 1091 371 1152 Ad
424 1091 790 1173 detegendos
848 1091 1168 1172 Papisius,
1232 1111 1316 1152 an
1389 1088 1675 1172 (seilicet)
1727 1088 1980 1152 civilem
2026 1087 2460 1152 obedientiam
2568 1078 2581 1091 ⁶

252 1200 563 1276 praestare
608 1192 931 1255 renuant?
1022 1192 1197 1272 Ergo
1241 1191 1675 1253 Juramemum
1720 1191 1840 1252 soli
1890 1189 2246 1252 obedientiae
2289 1191 2461 1253 civili

241 1296 623 1377 praestandae
652 1315 775 1358 non
797 1300 910 1359 est.
1000 1295 1146 1358 Imo
1175 1315 1324 1357 vero
1356 1299 1477 1359 est.
1568 1295 1634 1357 2.
1681 1294 1999 1377 Negatur,
2024 1294 2458 1358 exeommuni-

257 1399 509 1462 catione
554 1397 714 1461 solvi
742 1397 1090 1476 vinculum,
1124 1417 1252 1479 quo
1295 1396 1466 1459 filius
1511 1397 1786 1480 parenti,
1832 1395 2116 1479 Principi
2162 1395 2460 1460 subditus

257 1501 600 1586 obligatur,
659 1501 751 1585 (id
797 1501 916 1584 est)
961 1500 1291 1564 vinculum
1336 1500 1545 1564 solum
1593 1498 1796 1564 civilis
1841 1499 2263 1578 obedientiae3
2310 1521 2470 1583 ergo,

256 1615 533 1690 negatur
561 1604 1159 1671 excommunicatio.

323 1751 445 1816 [111⁸
473 1765 591 1802 vero
624 1751 926 1811 consecutio,
961 1763 1113 1812 quam
1144 1749 1380 1799 vitiosam
1414 1763 1535 1807 esse,
1567 1752 1622 1798 et
1654 1748 1813 1798 solam
1847 1748 1903 1797 in
1935 1746 2045 1811 ejus
2077 1745 2212 1797 libro
2243 1748 2462 1811 positam

386 1832 498 1883 Rex
520 1830 695 1893 dieitb,
718 1846 965 1895 nusquam
989 1831 1045 1881 in
1068 1830 1200 1880 libro
1223 1829 1521 1879 Bellarmini
1544 1827 2013 1879 invenitur.—Bell.
2031 1827 2182 1892 Apol.
2199 1842 2292 1893 pro
2313 1828 2459 1893 Resp.

389 1929 442 1977 p.
465 1915 560 1975 543
593 1917 646 1963 et
672 1913 783 1978 Op„
805 1918 927 1964 tom.
945 1913 1033 1962 vii.
1058 1912 1152 1962 col.
1169 1911 1280 1963 734.
1301 1910 1393 1974 1).]

345 2019 644 2084 Habetin·
687 2026 907 2082 autem
948 2019 1173 2081 vitiosa
1203 2017 1342 2081 haec
1373 2019 1718 2080 consecutio
1748 2038 1893 2100 pag.
1931 2019 2069 2081 170.
2160 2017 2461 2100 Negatur

259 2129 546 2206 potestas
596 2121 882 2187 solvendi
931 2143 971 2185 a
1024 2122 1066 2184 J
1070 2126 1412 2184 uramento
1462 2118 1665 2183 civilis
1717 2118 2139 2198 obedientiae3
2184 2125 2463 2203 negatur

258 2247 413 2309 ergo
485 2232 770 2309 potestas
858 2222 1147 2288 solvendi
1231 2223 1449 2305 (Petro
1522 2244 1674 2286 cum
1747 2223 2030 2287 clavibus
2104 2224 2458 2305 concessa).

258 2331 321 2393 3.
371 2329 711 2392 Postremo
754 2326 881 2390 fuit
926 2326 1105 2389 aliud
1129 2325 1560 2388 Jaramentum
1607 2330 1758 2388 ante
1805 2325 2214 2409 septuaginta
2256 2346 2461 2388 annos

257 2431 339 2496 de
380 2437 702 2515 potestate
732 2428 1089 2494 Pontificio..
1182 2429 1330 2493 Hoc
1377 2449 1530 2512 ergo
1579 2427 1778 2493 etiam
1825 2435 1945 2492 est.
2033 2427 2184 2492 Nisi
2230 2427 2460 2493 reddat

251 2535 477 2601 incudi
526 2540 890 2618 argumenta
934 2534 1073 2598 haec
1113 2555 1250 2611 sua,
1299 2533 1561 2596 resudat
1607 2531 1866 2613 librum,
1906 2540 2223 2616 quantum
2270 2534 2460 2612 volet,

254 2641 506 2725 quoties
551 2659 805 2703 recusus
850 2637 994 2713 erit,
1043 2644 1200 2721 quot
1244 2635 1652 2718 exemplaria,
1698 2641 1799 2699 tot
1842 2640 2046 2699 testes
2094 2635 2462 2713 exstabunt,

254 2743 429 2827 quod
453 2742 536 2806 ad
558 2743 770 2824 Caput
792 2740 1074 2825 primum
1094 2738 1454 2804 cardinalis
1480 2738 1714 2800 directe
1735 2738 1836 2801 vel
1858 2738 2040 2816 nolit,
2067 2738 2167 2802 vel
2196 2737 2461 2816 nesciat,

256 2845 653 2927 respondere.

319 2985 661 3037 Bella-minus
683 2998 787 3034 non
808 2983 1090 3047 disputavit
1106 2982 1353 3043 universe,
1372 2986 1607 3047 possetne
1624 2981 1864 3033 Summus
1881 2983 2118 3034 Pontifex
2133 2983 2295 3048 Reges
2316 2982 2463 3048 depo‹

385 3082 523 3127 nere,
539 3067 673 3131 quod
691 3066 756 3116 ad
777 3080 886 3116 rem
909 3065 1071 3129 ipsius
1085 3079 1190 3114 non
1206 3064 1433 3124 faciebat,
1453 3064 1541 3114 sed
1562 3064 1838 3129 assumpsit
1853 3065 2035 3127 solum,
2049 3080 2192 3129 posse
2207 3081 2239 3116 a
2252 3066 2463 3115 Summo

386 3148 634 3197 Pontifiee
657 3147 819 3210 Reges
841 3146 1104 3196 haereticos
1120 3145 1545 3195 excommunicari
1562 3150 1714 3209 atque
1728 3145 1928 3210 deponi,
1947 3145 2080 3210 quod
2093 3147 2227 3211 apud
2243 3147 2464 3198 Catholi-

384 3245 471 3280 eos
502 3230 560 3279 in
591 3227 805 3278 dubium
839 3228 1060 3279 revocari
1093 3242 1197 3277 non
1231 3226 1608 3293 solen—[Bell.
1630 3228 1782 3292 Apol.
1804 3242 1897 3292 pro
1930 3227 2100 3293 Resp.]
2137 3242 2187 3293 p.
2211 3230 2289 3280 54.
2325 3229 2462 3296 [Op.,

385 3316 511 3360 tom.
534 3309 623 3360 vii.
657 3309 749 3359 eol.
766 3308 879 3362 734.
900 3307 990 3372 1).]

347 3416 542 3484 Quod
580 3416 660 3480 ad
701 3416 1091 3480 seeundum:
1139 3422 1206 3478 et
1246 3414 1317 3477 in
1362 3436 1439 3479 eo
1484 3436 1738 3499 quoque
1786 3414 2069 3480 diversus
2113 3416 2271 3481 abit.
2363 3417 2460 3480 Ut
2489 3426 2755 3503 [Pontifex

251 3522 433 3587 enim
466 3521 545 3585 de
574 3526 894 3604 potestate
918 3520 1129 3602 Reges
1160 3518 1502 3583 abdicandi
1528 3519 1723 3583 verba
1754 3519 1965 3598 faciat,
1999 3541 2166 3602 aegre
2196 3519 2459 3583 adduci·
2483 3506 2625 3605 ἓξὲξ
2683 3507 2748 3604 ζζ,

248 3634 382 3705 tur,
404 3645 527 3688 neo
551 3625 901 3706 disputasse
921 3643 987 3685 se
1009 3624 1309 3700 universe,
1332 3642 1414 3685 an
1436 3624 1564 3684 ἠως
1586 3623 1740 3684 insit
1755 3627 2041 3703 potestas
2063 3624 2130 3684 in
2152 3621 2459 3703 Pontifice
2481 3621 2664 3696 retfoos
2705 3684 2717 3696 ,

250 3731 459 3811 Reyes
512 3728 873 3809 deponendi,
922 3725 1036 3789 sed
1079 3726 1481 3807 assumpsisse
1544 3725 1760 3802 solum,
1809 3724 2010 3807 Reyes
2055 3725 2375 3788 haereticos
2419 3746 2460 3789 a
2483 3685 2758 3813 ffssss’n‘ffin

250 3828 564 3912 Pontifices
592 3830 832 3911 deponi,
867 3830 1032 3912 quod
1058 3828 1232 3911 apud
1263 3828 1615 3891 Catholicos
1643 3828 1711 3889 in
1741 3826 1992 3889 dubium
2029 3828 2312 3890 revocari
2340 3849 2463 3891 non

246 3935 427 3998 solet.
522 3933 849 3999 Quorsum
879 3939 1098 3996 autem
1125 3931 1265 3996 haee
1294 3928 1685 3995 modificatio
1715 3928 1795 3992 de
1823 3929 2155 3992 Hoeretieis
2172 3930 2206 3992 ?
2292 3931 2463 3994 Pon-

247 4036 413 4100 tifici
472 4035 529 4098 si
587 4035 991 4100 stomachum
1050 4034 1388 4111 moverint,
1439 4034 1657 4097 triduo
1715 4034 1875 4097 fient
1932 4034 2208 4096 haeretiei
2233 4060 2252 4095 :
2319 4034 2463 4117 quis

248 4139 461 4203 nescit
482 4139 512 4201 ?
602 4139 691 4201 Et
735 4138 857 4202 hoe
900 4145 1141 4216 tamen,
1186 4138 1255 4200 in
1298 4137 1547 4200 dubium
1594 4136 1767 4218 apud
1796 4136 2146 4199 Catholieos
2183 4138 2465 4200 revocari

245 4245 428 4307 solet.
520 4240 823 4305 Vidimus
852 4241 924 4303 in
956 4240 1171 4304 Gallia
1197 4261 1423 4324 nuper,
1454 4259 1574 4303 nec
1617 4241 1679 4321 (a
1712 4238 2053 4302 Catholicis
2084 4238 2240 4322 suis)
2280 4239 2461 4322 agni-

312 4436 333 4458 ·
369 4426 547 4491 [Resp.
574 4426 734 4484 'Pei-ti,
762 4440 847 4489 pp.
872 4383 1083 4485 8—1·2.;
1115 4429 1169 4476 et
1184 4424 1309 4476 Bell.
1468 4432 1488 4455 ‘²
1526 4423 1704 4488 [Resp.
1746 4424 1904 4486 Torti,
1949 4439 2034 4489 pp.
2076 4426 2156 4486 10,
2196 4426 2273 4475 11.
2322 4424 2461 4475 Edit.

247 4490 1107 4621 Οῐίηάρΐιέὦιιὶῖἕὲξιδῗ-ἳ-δθῖι]
1403 4488 1682 4619 ξῖὲῗίᾍῐι
1726 4488 1855 4541 Bell.
1908 4490 2020 4554 Op„
2076 4494 2200 4541 tom.
2232 4491 2318 4544 vii.
2366 4492 2459 4541 col.
