3165 4959
1012 356 1379 407 stomoma
1421 359 1788 410 nssmnsm.
2376 354 2508 420 389

377 512 502 590 Ad,
538 533 682 596 quae
710 511 803 577 ibi
831 535 983 577 mox
1015 516 1325 599 sequitur,
1359 516 1527 581 bene
1555 518 1822 601 longam
1851 519 2158 584 Eoelesiae
2190 523 2502 588 Romanae
2528 538 2765 602 [Accusa-

287 616 784 694 accusationem,
835 618 912 680 de
957 620 1128 681 cultu
1178 621 1560 698 Doemonum,
1612 623 1940 701 idolorum,
1993 626 2370 710 eaeterisque
2423 649 2499 691 eo
2524 604 2785 718 affl}

287 717 432 781 loco
462 719 740 802 flagitiis,
758 718 966 802 facile
1006 743 1075 785 se
1117 722 1273 786 dicit
1302 744 1662 805 responsum
1702 725 2028 791 adhibere.
2117 729 2206 792 Et
2235 731 2496 812 quidem
2519 736 2656 792 sunt,
2682 748 2784 783 11011

267 817 495 900 facile.
542 822 718 886 Nam
741 822 1191 906 quidfacilius,
1218 847 1410 908 quam
1435 848 1673 911 negare
1698 829 1892 892 simul
1915 829 2133 893 omnia
2148 833 2178 894 ?
2218 833 2496 914 Βεῳοπ-
2521 800 2810 925 {tngssffiaej

282 944 425 985 sum
454 932 671 988 autem
702 924 953 991 laudari
981 949 1113 991 non
1142 929 1323 1008 solet,
1356 929 1483 992 nisi
1513 937 1581 995 et
1610 934 1890 1012 respon-si
1912 934 2100 1011 ratio,
2132 955 2335 1019 eaque
2364 958 2499 1001 non

283 1047 328 1087 a
343 1024 671 1107 facilitate
699 1029 971 1108 laudari,
1001 1030 1119 1094 sed
1149 1053 1190 1094 a
1215 1033 1557 1097 soliditate.

350 1146 674 1198 Conveniunt
705 1148 1021 1215 intel-prem,
1042 1186 1055 1199 .
1075 1187 1087 1201 .
1109 1187 1122 1200 .
1146 1186 1160 1200 .
1183 1152 1337 1202 verba
1356 1153 1448 1203 ills
1467 1153 1602 1203 nihil
1622 1153 1762 1204 aliud
1785 1154 2070 1219 significare
2090 1157 2193 1207 nisi
2209 1172 2327 1208 oum
2349 1159 2499 1210 Anti·

413 1228 604 1280 christo
625 1231 890 1293 perituros,
907 1266 920 1281 .
945 1268 959 1280 .
980 1268 994 1281 .
1018 1268 1032 1280 .
1046 1246 1150 1282 non
1173 1236 1375 1284 tantum
1398 1231 1713 1285 Christianos
1713 1271 1878 1296 .....
1895 1236 1983 1286 sed
2007 1238 2163 1288 etism
2188 1238 2497 1302 ragnum.—

415 1309 573 1373 [Bon.
594 1310 745 1374 Apol.
769 1326 860 1375 pro
884 1312 1061 1376 Resp.]
1087 1328 1136 1377 p.
1163 1316 1274 1364 155.
1302 1314 1441 1378 [Op.,
1461 1319 1588 1364 tom.
1605 1316 1694 1365 vii.
1720 1318 1813 1367 eol.
1841 1317 1951 1369 791.
1975 1317 2068 1381 D.]

374 1406 551 1473 Quid
590 1430 740 1474 vero
781 1411 1125 1474 soliditatis
1171 1411 1391 1490 habet,
1433 1421 1509 1476 ut
1554 1420 1696 1477 tota
1733 1416 2021 1479 narratio
2061 1416 2238 1499 prior
2284 1420 2370 1482 sit
2411 1419 2490 1484 de
2517 1433 2764 1497 [Quinam

279 1510 596 1592 Ecclesia,
630 1513 1039 1595 (Antichristi
1060 1517 1397 1599 tempore,)
1426 1516 1496 1580 in
1516 1519 1757 1580 coeteris
1784 1519 1945 1597 istis,
1972 1518 2052 1582 de
2078 1520 2207 1583 illis
2238 1529 2485 1605 agatur,
2511 1500 2649 1615 {pud
2695 1564 2766 1613 ix.

279 1614 398 1697 qui
441 1614 605 1678 nihi]
652 1616 734 1678 ad
770 1616 1251 1680 Antichristum
1267 1619 1297 1680 1³
1384 1619 1592 1683 Mitto
1642 1620 1834 1702 quod,
1878 1621 2001 1684 etsi
2042 1629 2336 1688 auctores
2380 1625 2486 1690 hic
2512 1577 2784 1677 Dssf'n‘ionae

278 1738 417 1781 non
454 1740 712 1802 paucos,
758 1720 932 1783 intra
974 1741 1170 1785 armos
1213 1726 1433 1785 tamen
1478 1724 1844 1805 quingentos
1892 1724 2146 1788 nullum
2190 1729 2481 1810 protulit.
2505 1692 2788 1820 ffigffitur]

277 1820 440 1902 Egit
479 1821 649 1903 quod
692 1803 1017 1905 agenduin
1053 1823 1120 1886 S.
1142 1824 1185 1886 J
1188 1844 1450 1888 oannes.
1540 1824 1729 1888 Nihil
1760 1833 1979 1891 autem
2018 1827 2140 1892 hoo
2184 1830 2266 1892 ad
2308 1830 2482 1896 illius

276 1922 678 2002 institutum,
727 1924 885 2007 quid
935 1926 1221 2006 Payam‘s
1278 1926 1483 2005 fieret,
1539 1927 1771 2010 quibus
1830 1950 2024 1993 nemo
2074 1932 2281 1995 nescit
2328 1934 2486 2015 quid

275 2023 571 2089 futurum
605 2027 709 2090 sit.
798 2028 1150 2110 Agendum
1184 2028 1283 2091 illi
1320 2037 1460 2092 erat
1495 2030 1575 2094 de
1605 2029 1996 2094 Antichristi
2041 2034 2482 2115 sectatoribus,

274 2148 411 2191 non
463 2128 543 2192 de
588 2135 730 2193 toto
775 2129 1063 2194 humano
1109 2152 1380 2214 genere;
1427 2139 1492 2196 et
1547 2132 1706 2216 quid
1750 2134 2129 2197 Christianis
2164 2136 2300 2215 fiat,
2346 2159 2481 2202 non

275 2231 582 2313 Payam's.
652 2234 744 2295 At
775 2254 917 2317 quae
944 2233 1083 2297 haec
1113 2233 1547 2299 cohaerentia?
1593 2244 1669 2299 ut
1700 2235 1781 2300 ab
1797 2238 2181 2301 Antichristi
2203 2241 2481 2305 Asseclis

274 2334 603 2405 dilabatur
642 2337 858 2401 subito
903 2338 986 2400 ad
1036 2344 1248 2401 totum
1299 2337 1658 2403 humanum
1706 2341 1961 2427 genus?
2052 2342 2226 2407 Quid
2263 2343 2378 2421 illi,
2412 2351 2478 2407 et

273 2438 561 2512 humano
591 2439 859 2524 generi?
946 2441 1292 2526 Numquid
1319 2462 1455 2506 non
1487 2442 1567 2506 de
1597 2441 1698 2518 iis,
1733 2462 1877 2524 quae
1906 2442 2209 2507 Ecclesiae
2239 2443 2474 2510 obven-

272 2549 441 2626 tura,
475 2542 587 2606 sed
622 2543 842 2625 generi
886 2544 1192 2621 humano,
1224 2544 1644 2629 Apocalypsis
1674 2544 1828 2606 data
1858 2546 2002 2608 est?
2086 2547 2298 2608 Tertia
2314 2567 2477 2627 pars
2588 2545 2714 2608 281

272 2647 586 2709 hominum
609 2648 859 2711 illorum
880 2648 1257 2727 occidetur¹²‚
1278 2647 1525 2712 dictum
1556 2648 1758 2730 prius.
1807 2649 2051 2728 Caeteri,
2071 2649 2140 2712 id
2162 2656 2278 2729 est,
2311 2650 2477 2732 (duae

270 2748 537 2832 reliquae
566 2749 910 2834 impiorum
941 2752 1180 2833 partes)
1214 2771 1338 2813 non
1368 2751 1745 2830 occidentur,
1777 2751 2226 2833 poenitentiam
2256 2741 2477 2818 tamen

269 2872 407 2915 non
454 2858 668 2935 agent.
757 2853 915 2916 Non
962 2859 1158 2936 agent
1198 2854 1651 2936 poenitentiam
1697 2853 1912 2936 impiae
1962 2853 2130 2931 vitae,
2169 2871 2361 2935 quam
2399 2877 2477 2919 ex

266 2953 470 3040 impia
496 2955 883 3019 Antichristi
920 2955 1213 3019 doctrina
1252 2956 1620 3020 hauserant.
1714 2956 1967 3028 Priores
2010 2956 2128 3034 illi,
2174 2963 2371 3038 atque
2408 2957 2476 3020 hi

275 3059 518 3136 Coeten',
549 3057 778 3122 iisdem
810 3058 1055 3122 artibus
1086 3058 1359 3143 decepti,
1391 3059 1618 3123 eodem
1648 3059 1830 3123 fumo
1859 3058 2102 3138 eaecati‚
2136 3059 2217 3123 ab
2247 3058 2476 3123 iisdem

265 3160 532 3225 locustis
575 3162 803 3239 vexati,
844 3161 1073 3224 iisdem
1115 3161 1305 3244 plane
1353 3162 1677 3226 erroribus
1718 3163 1799 3227 ab
1836 3161 2244 3226 Antichristo
2290 3162 2476 3226 fasci-

265 3264 444 3341 nati3
509 3263 622 3326 sed
671 3262 913 3345 priores
958 3263 1055 3327 ini
1100 3263 1291 3327 occisi
1333 3265 1788 3347 poenitentiam
1837 3286 2028 3349 agere
2069 3286 2205 3328 non
2248 3272 2476 3348 potue-

264 3373 459 3443 runt3
513 3366 736 3429 C'aeteri
776 3367 864 3443 hi,
920 3365 1040 3428 etsi
1087 3386 1221 3429 non
1265 3367 1478 3446 occisi,
1519 3368 1973 3450 poenitentiam
2017 3375 2240 3431 tamen
2285 3365 2476 3452 agere

261 3469 636 3532 noluerunt.
728 3467 960 3531 Mittat
995 3468 1414 3551 interpretes:
1462 3490 1736 3552 quorum
1765 3471 1837 3532 in
1866 3469 2112 3545 multis,
2146 3470 2476 3533 novissimi

261 3577 625 3653 sequuntur
651 3569 914 3654 primos.
1003 3570 1346 3653 Expendat
1375 3591 1751 3653 responsum
1784 3592 1973 3634 suum
1996 3570 2358 3634 cardinalis
2390 3571 2472 3634 ad

259 3679 636 3737 contextum
666 3672 913 3756 ipsum3
960 3672 1343 3755 impeditum
1375 3672 1632 3736 sentiet.

319 3797 588 3858 Quomodo
608 3801 777 3861 potest
795 3797 922 3854 fieri,
947 3801 1007 3847 ut
1027 3797 1259 3847 doctrina
1272 3797 1581 3848 Antichristi
1604 3798 1674 3847 sit
1695 3797 1855 3847 oolere
1879 3796 2165 3856 Doemonen,
2182 3801 2235 3847 et
2256 3797 2408 3860 idola,
2424 3835 2438 3849 .
2455 3835 2469 3848 .

385 3916 402 3929 .
425 3915 439 3928 .
463 3893 579 3928 eum
602 3877 665 3928 de
691 3877 783 3928 illo
815 3878 1001 3929 scribat
1026 3878 1209 3928 Daniel
1240 3894 1280 3928 e.
1303 3879 1373 3928 xi.
1444 3881 1459 3905 ⁸
1476 3877 1853 3927 Antichristum
1875 3878 2112 3927 advorsus
2132 3892 2307 3928 omnes
2336 3877 2471 3930 Deo·

384 3959 764 4025 pugnaturum,’
807 3963 868 4008 ut
898 3959 1007 4023 ipse
1049 3960 1184 4009 soIns
1231 3959 1404 4023 (Deus)
1444 3957 1944 4021 lammari—[Bell.
1978 3958 2131 4022 Apol.
2165 3973 2257 4023 pro
2290 3956 2466 4023 Resp.]

384 4056 435 4105 p.
460 4043 572 4091 155.
613 4039 748 4105 [Op.,
777 4043 901 4089 tom.
923 4039 1011 4090 vii.
1033 4040 1125 4090 ool.
1150 4039 1178 4091 7
1183 4042 1261 4090 92.
1286 4037 1373 4104 A.]

340 4140 489 4203 Non
513 4144 726 4220 potest
769 4141 899 4202 laec
926 4139 1310 4202 Antichristi
1359 4140 1646 4203 doctrina
1677 4160 1826 4215 esse,
1861 4138 1951 4203 ait
1980 4137 2360 4215 CardinaIiS,
2390 4145 2462 4200 ut
2485 4153 2696 4218 [Utrum

250 4245 605 4307 Daemonem
634 4243 792 4323 quis,
824 4247 895 4303 ut
916 4242 1087 4305 idola
1117 4242 1299 4304 colat.
1392 4243 1775 4306 Daemonem
1806 4242 1983 4305 enim
2011 4240 2148 4323 ipse
2177 4241 2278 4305 vel
2308 4241 2458 4304 Ido-
2482 4219 2766 4333 ssxgtiiggsss-

246 4350 387 4412 lum
419 4345 712 4409 culturus
743 4366 876 4408 non
906 4350 1024 4408 est.
1086 4345 1263 4425 Lege
1292 4345 1415 4408 hoe
1445 4345 1544 4408 vel
1575 4344 1748 4427 apud
1779 4344 2137 4421 Danielem,
2161 4344 2458 4407 adversus
2480 4349 2551 4396 sit
2571 4348 2727 4396 cultu·

246 4470 457 4515 omnes
497 4449 668 4512 Deos
705 4449 1038 4530 puqnabit.
1134 4448 1382 4514 Quodsi
1432 4447 1574 4531 quis
1624 4446 1952 4512 Cardinali
2002 4468 2135 4510 non
2184 4447 2455 4527 dederit,
2479 4413 2607 4475 rus]

1016 4574 1057 4635 ‚¹-
1093 4566 1375 4631 [Apoe.]0.
1402 4568 1573 4618 ix.15.
1602 4569 1680 4617 18.
