3165 4959
438 1343 565 1406 137

346 2886 502 2952 [Non
525 2891 594 2939 ta-

346 2968 467 3003 men
483 2968 565 3003 eas
583 2952 647 3004 ad

346 3018 578 3080 profanos

667 357 798 418 180
1294 367 1383 414 AD
1424 367 1808 416 omnmms
1851 366 2249 416 Bmmm1

755 524 1087 590 cardinali
1127 544 1297 602 vem,
1331 524 1623 587 omnium
1669 522 1961 598 minime,
1993 523 2086 586 sic
2130 521 2490 586 arrodenda
2521 521 2649 585 fuit
2681 524 2880 606 Regis

668 628 1050 704 methodus;
1105 629 1309 712 eujuS,
1365 628 1422 690 si
1474 627 1714 710 scripta
1765 628 1904 709 quis
1951 641 2201 709 ‘nupera
2250 626 2334 689 ad
2384 626 2586 690 severi
2635 626 2883 689 ordinis

670 730 882 813 legem
926 731 1161 814 exigat,
1195 753 1387 813 quam
1418 753 1567 794 vero
1608 731 1679 793 in
1723 731 1802 793 iis
1833 730 2041 792 multa
2075 737 2298 812 peccat
2336 729 2407 792 in
2450 729 2832 794 methodum
2851 732 2881 792 ’.Ρ

674 833 922 915 quoties
949 834 1144 897 iterat
1173 834 1445 897 eandem
1475 854 1614 897 rem
1630 834 1660 895 ⁰?
1709 833 1960 915 quoties
1984 831 2101 896 uni
2122 833 2456 917 eidemque
2478 835 2574 896 rei
2595 856 2729 897 non
2750 854 2884 896 uno

670 936 814 1000 loco
855 936 1183 1000 reddenda
1222 936 1552 1019 responsio
1569 936 1600 999 ⁶?
1644 957 1839 1019 quam
1880 957 2032 999 vero
2079 936 2320 1000 crebrae
2366 934 2788 1017 ταῦτολαγίαι
2817 945 2884 1001 et

669 1036 1194 1124 περισσολσγίαι,
1209 1039 1458 1121 quibus,
1477 1060 1708 1122 parum
1724 1038 1995 1116 laborat,
2015 1038 2068 1102 si
2085 1038 2312 1102 lectori
2331 1060 2639 1103 nauseam
2657 1039 2884 1103 faciat?

676 1143 774 1206 Ut
803 1141 1043 1225 duplici
1071 1142 1177 1205 hic
1205 1142 1470 1206 nomine
1491 1142 1852 1206 Cal-dinalis
1881 1142 2040 1224 (tam
2074 1142 2151 1205 de
2180 1142 2460 1225 peccatis
2487 1142 2560 1204 in
2590 1142 2884 1205 ordinem

677 1245 828 1324 suis,
861 1265 1054 1327 quam
1085 1244 1165 1308 de
1200 1245 1429 1329 jejuna
1455 1246 1577 1332 hae
1607 1245 1680 1308 in
1708 1267 1929 1329 regem
1966 1244 2308 1325 calumnia)
2346 1243 2418 1307 in
2459 1244 2754 1308 ordinem
2782 1265 2884 1308 re-

679 1347 995 1431 digendus
1027 1348 1129 1411 sit.
1209 1349 1339 1411 Vix
1366 1348 1666 1432 reperias,
1701 1348 1811 1431 qui
1840 1355 2092 1430 separet
2123 1346 2252 1410 duo
2281 1347 2438 1425 haec,
2458 1368 2785 1428 personas,
2818 1356 2885 1412 et

678 1451 836 1513 bona
872 1451 1268 1528 Clericorum,
1300 1451 1394 1514 ita
1431 1472 1656 1515 omnes
1693 1451 1807 1513 illa
1845 1453 2148 1513 colioerere
2175 1456 2411 1534 putant
2440 1451 2777 1532 aptissime,
2812 1459 2887 1515 ut

677 1555 787 1637 qui
818 1561 962 1636 apte
991 1577 1069 1620 ea
1097 1558 1401 1618 cohaerere
1428 1563 1645 1638 neget,
1674 1556 1780 1618 vix
1814 1556 1949 1639 ipse
1992 1555 2116 1619 sibi
2154 1557 2478 1618 cohaereat.
2565 1555 2887 1638 Occupari

677 1665 895 1722 autem
927 1680 966 1722 a
996 1658 1283 1735 Clerieis,
1325 1659 1481 1741 (non
1513 1660 1769 1740 Regum
1801 1660 1962 1741 jam,
1993 1658 2106 1722 sed
2147 1658 2536 1721 Pontificum
2580 1656 2880 1735 subditis)

676 1765 928 1824 tertiam
1007 1763 1319 1845 cujusque
1377 1763 1580 1845 Reyni
1657 1768 1928 1842 partem,
1990 1761 2242 1825 nihilne
2299 1760 2425 1824 hoe
2482 1759 2566 1822 ad
2625 1760 2884 1842 Reges?

680 1866 946 1930 Habent
991 1866 1063 1929 in
1110 1864 1257 1928 sinu
1299 1866 1610 1949 populum
1659 1887 1794 1930 non
1839 1887 2030 1929 suum
2079 1867 2310 1948 Reges,
2356 1865 2697 1928 Laicorum
2744 1865 2886 1948 jam

672 1966 869 2031 modo
900 1968 1134 2050 RegeS,
1165 1989 1299 2031 non
1336 1969 1506 2031 Cleri
1527 1996 1547 2030 .-
1595 1989 1715 2032 nec
1753 1990 2029 2051 regnum
2059 1970 2198 2052 jam
2226 1969 2299 2031 in
2330 1967 2606 2032 solidum
2635 1976 2884 2047 tenent,

675 2072 835 2133 duas
877 2077 1138 2134 tantum
1165 2072 1352 2153 regni
1382 2074 1604 2136 tertias
1632 2072 1887 2135 relictas
1915 2072 2180 2150 habent,
2217 2074 2604 2155 (periculosae
2631 2075 2888 2153 plenum

676 2195 829 2256 opus
866 2173 1070 2257 aleoei)
1106 2196 1228 2239 1100
1267 2196 1385 2258 pro
1422 2175 1630 2239 nihilo
1674 2176 2067 2240 habendum.
2158 2177 2247 2240 Et
2286 2176 2455 2240 male
2500 2184 2723 2240 tamen
2762 2178 2886 2241 1100

678 2279 1088 2342 cardinalem
1117 2278 1334 2356 habet,
1367 2278 1538 2361 quod
1573 2278 1862 2361 Regibus
1893 2279 2033 2343 haee
2060 2279 2132 2342 in
2163 2287 2449 2343 mentem
2478 2289 2884 2346 revocentur.

742 2429 856 2481 Hoc
878 2431 1115 2483 videlicet
1136 2432 1285 2483 illum
1314 2433 1446 2483 male
1468 2432 1637 2493 habet,
1662 2431 1797 2496 quod
1818 2446 1923 2483 non
1955 2447 2131 2483 omnes
2148 2431 2409 2496 Principes
2430 2432 2722 2496 exemplum
2751 2431 2887 2483 Hen-

806 2514 901 2563 rici
918 2514 1063 2564 VIII.
1084 2516 1226 2579 sequi
1243 2516 1420 2575 velint,
1444 2516 1548 2579 qui,
1572 2530 1688 2565 cum
1705 2516 1929 2579 primum
1950 2530 1981 2564 a
2000 2514 2227 2565 Romano
2244 2515 2492 2565 Pontifice
2508 2515 2708 2571 defecit,
2735 2531 2887 2578 seque

803 2598 956 2659 eaput
973 2596 1210 2646 Ecclesiae
1233 2596 1523 2655 declaravit,
1537 2596 1779 2646 continuo
1798 2595 2046 2646 Ecclesias
2066 2601 2119 2646 et
2133 2596 2444 2646 Monasteria
2461 2596 2637 2647 omnia
2651 2595 2888 2659 diripuit,

804 2680 858 2726 et
880 2676 1072 2726 reditus
1094 2677 1469 2727 Ecclesiasticus
1492 2677 1772 2728 Batonibus
1795 2678 1900 2727 suis
1920 2677 2391 2742 attribuit—[Bell.
2417 2677 2568 2742 Apol.
2593 2692 2686 2743 pro
2712 2676 2886 2744 Resp]

803 2772 853 2823 p.
872 2759 949 2812 57.
987 2759 1119 2824 [Op.‚
1143 2759 1368 2810 10111111
1391 2759 1484 2810 col.
1509 2760 1620 2813 736.
1646 2758 1724 2823 C.]

760 2878 854 2943 At
899 2878 1025 2942 alia
1069 2878 1208 2962 ejus
1257 2878 1670 2941 inverecunda
1716 2878 2028 2939 calumnia
2074 2882 2186 2956 est,
2223 2876 2405 2959 quasi
2435 2878 2682 2960 Regem
2725 2879 2888 2941 male

676 2983 926 3058 habeat,
961 2983 1127 3063 quod
1153 2983 1482 3062 Principes
1509 2980 1809 3043 Ecclesiae
1853 2980 2010 3042 bona
2049 3001 2171 3043 non
2212 2981 2538 3061 diripiant,
2573 2981 2740 3062 quod
2763 3002 2887 3044 non

347 3097 465 3130 1111118
488 3082 598 3131 vult,
673 3087 742 3147 in
800 3105 868 3147 eo
927 3090 1266 3166 sequantur
1316 3085 1670 3164 exemplum*
1708 3083 1974 3146 Hem-ici
2038 3083 2239 3159 VIII„
2294 3085 2400 3164 qui
2434 3091 2585 3164 post
2634 3085 2886 3148 sublata

346 3145 587 3196 collocan-

345 3209 470 3274 das]

674 3189 1089 3267 Mona-steria,
1120 3188 1360 3250 reditus
1400 3207 1609 3250 eorum
1653 3187 1867 3249 divisit
1911 3188 2077 3250 inter
2105 3187 2428 3264 Procere3‚
2460 3209 2535 3251 ae
2565 3187 2883 3271 postinde,

673 3313 859 3375 gazas
889 3313 1036 3354 suas
1067 3312 1144 3353 ex
1172 3290 1252 3353 iis
1282 3290 1488 3355 nihilo
1520 3289 1784 3354 ditiores
1815 3289 2065 3353 habuit.
2112 3289 2535 3354 Inverecunda
2565 3292 2880 3376 (inquam)

671 3397 1003 3475 calumnia,
1034 3404 1103 3459 et
1131 3396 1468 3458 insensata.
1557 3395 1901 3478 Numquid
1944 3395 2120 3458 enim
2167 3396 2306 3459 Rex
2349 3395 2485 3479 ipse
2523 3397 2886 3480 exemplum

671 3503 795 3566 hoc
826 3501 1167 3585 sequitur?
1258 3498 1601 3582 Numquid
1643 3498 1948 3563 Ecclesiae
1992 3519 2109 3581 per
2147 3497 2333 3561 illum
2377 3498 2626 3562 reditus
2671 3498 2885 3562 immi-

671 3606 868 3670 nuti?
958 3606 1202 3670 Annon
1256 3604 1327 3668 id
1385 3604 1569 3668 illum
1622 3602 1838 3687 potius
1886 3601 2055 3665 male
2107 3601 2325 3679 habet,
2381 3601 2556 3684 quod
2604 3624 2748 3686 quae
2796 3603 2887 3668 sic

675 3712 904 3775 devota
948 3712 1092 3774 Deo
1137 3716 1340 3787 erant,
1383 3709 1525 3791 (etsi
1571 3708 1640 3769 in
1685 3713 1829 3769 vota
1875 3706 2110 3787 inquiri
2155 3704 2322 3768 forte
2365 3708 2605 3789 posset)
2654 3716 2889 3789 praeter

673 3812 1045 3877 voventium
1075 3817 1325 3874 mentes
1356 3808 1654 3887 alienata,
1687 3815 1754 3872 et
1784 3829 1937 3886 non,
1962 3806 2084 3870 etsi
2112 3807 2183 3870 in
2212 3807 2387 3886 alios,
2421 3829 2635 3874 sacros
2664 3817 2889 3874 tamen

676 3938 830 3980 usus
861 3915 1171 3981 collocata
1198 3913 1484 3978 fuerint?
1575 3913 1734 3977 Non
1779 3910 1952 3994 quod
1993 3910 2178 3974 nefas
2219 3911 2303 3974 sit
2347 3917 2589 3991 tamen,
2620 3912 2887 3976 111111111-

677 4041 901 4084 mensa
929 4040 1126 4102 opum
1154 4017 1266 4095 vis,
1300 4023 1366 4081 et
1397 4015 1479 4079 ad
1521 4014 1747 4078 luxum
1777 4036 1981 4098 usque
2011 4014 2383 4079 redundans
2417 4016 2601 4099 eopia
2624 4016 2718 4098 (et
2747 4023 2890 4078 erat

676 4144 754 4186 ea
781 4123 852 4185 in
874 4120 1288 4186 Monasteriis
1318 4119 1519 4203 eopia,
1544 4126 1611 4182 et
1642 4118 1922 4182 excrevit
1950 4118 2020 4180 in
2048 4118 2491 4200 immensum),
2517 4118 2775 4182 demere
2806 4118 2888 4182 de

677 4247 903 4291 acervo
949 4225 1209 4309 aliquid,
1257 4231 1395 4288 tam
1443 4230 1750 4306 congesto
1796 4230 1863 4286 et
1911 4223 2258 4288 cumulato.
2372 4224 2550 4287 Dum
2593 4244 2679 4288 ne
2721 4223 2889 4287 desit

677 4330 1003 4410 Ecclesiae,
1037 4328 1209 4414 quod
1237 4327 1420 4392 decet
1449 4327 1823 4405 Ecclesiam,
1857 4326 1969 4391 sed
1996 4330 2054 4392 ei
2084 4334 2235 4392 ante
2265 4329 2483 4393 omnia
2512 4328 2891 4393 consulatur

678 4435 758 4497 de
806 4434 986 4497 suis:
1062 4434 1241 4496 Dum
1295 4452 1520 4495 eorum
1572 4429 1779 4494 menti
1842 4451 1927 4494 ne
1985 4431 2100 4495 fiat
2149 4431 2347 4512 fraus,
2395 4431 2504 4515 qui
2556 4432 2696 4497 Deo
2749 4432 2890 4496 haee

1437 4581 1448 4612 ¹
1486 4582 1687 4644 [Horat.
1713 4582 1879 4635 Oai-m.
1905 4582 1972 4632 11.
1997 4585 2042 4633 1.
2067 4582 2135 4647 6.]
