3165 4959
421 1721 601 1771 Paulus

429 1787 528 1835 aud

391 1858 589 1900 coaetus

393 1916 640 1964 Caesarem

390 1981 602 2041 appella-

392 2044 503 2106 vit.]

718 295 849 355 424
1347 308 1433 354 An
1477 307 1860 355 emmam
1902 302 2299 355 Bnnmm1

720 463 1187 527 conveniendus
1234 465 1312 528 de
1372 485 1448 528 eo
1493 464 1562 526 in
1615 464 1780 527 Rota
1830 470 1895 525 et
1950 461 2378 539 muletandus,
2432 459 2604 544 quod
2663 461 2746 525 ad
2796 482 2930 527 non

716 568 1001 629 Iudicem
1032 568 1384 651 appellarit.

806 671 1077 734 Interim
1112 672 1471 754 percontari
1512 671 1690 750 libet,
1726 672 1903 737 Quot
1938 692 2140 734 annos
2175 677 2471 734 numeret
2499 670 2640 734 haee
2670 670 2926 754 glossa?

719 775 1153 858 quampridem
1185 783 1300 854 est,
1332 797 1480 839 cum
1509 797 1653 838 eam
1684 777 2006 839 commenti
2035 775 2231 838 estis?
2310 775 2472 841 Quis
2501 776 2562 838 ei
2592 775 2674 838 de
2707 775 2928 837 Patri-

719 877 829 939 bus
858 876 1026 939 favet
1042 879 1072 939 ¹?
1161 878 1337 941 Ante
1367 898 1624 942 eausam
1647 876 1965 940 Venetam
1996 877 2137 960 quis
2166 877 2361 941 fando
2389 877 2633 941 audivit
2659 878 2926 939 Paulam·

718 980 806 1041 ad
839 980 1139 1043 Tribunal
1171 979 1438 1043 Caesaris
1464 986 1750 1058 stantem,
1783 1001 1913 1043 non
1942 979 2032 1043 ibi
2056 980 2323 1059 stetisse,
2353 981 2460 1042 ubi
2487 1002 2624 1042 eum
2655 982 2926 1061 oportuit

699 1082 1019 1163 judicari.
1012 1084 1040 1130 2
1097 1104 1236 1163 nee,
1287 1091 1362 1146 ut
1409 1083 1490 1146 ad
1531 1083 1799 1145 Caesavis
1842 1083 2249 1164 cognitionem
2291 1089 2670 1161 servaretur,
2714 1090 2928 1165 petere

716 1186 1030 1268 potuisse:
1102 1187 1170 1249 in
1223 1208 1424 1271 eoque
1467 1185 1948 1270 praevaricatum
1993 1206 2148 1248 esse.
2245 1186 2511 1248 Coesaris
2559 1187 2736 1249 enim
2792 1187 2926 1247 Tn-

717 1289 929 1351 bunali
987 1290 1347 1375 subjeetum
1405 1311 1536 1353 non
1601 1289 1813 1369 fuisse,
1863 1288 1976 1352 sed
2034 1291 2450 1370 eoeceptionem
2508 1290 2659 1353 Fori
2683 1291 2923 1374 justam

718 1391 1038 1456 habuisse.

785 1521 1026 1571 Coactum
1048 1521 1199 1572 fuisse
1215 1520 1426 1572 Paulum
1445 1521 1698 1586 appellare
1714 1521 1958 1573 Coesarem
1966 1557 2126 1583 .....
2149 1526 2208 1572 ut
2229 1523 2447 1586 eriperet
2467 1536 2582 1572 eum
2600 1521 2665 1572 de
2687 1521 2924 1572 manibus

847 1603 880 1651 J
884 1601 1374 1667 manorum—[Bell.
1398 1603 1546 1668 Apol.
1571 1619 1664 1667 pro
1687 1603 1863 1669 Resp.]
1899 1619 1949 1668 p.
1976 1604 2035 1655 17
2041 1604 2086 1652 2.
2114 1603 2246 1669 [Op.‚
2267 1607 2389 1653 tom.
2405 1604 2492 1652 vii.
2514 1603 2607 1652 eol.
2624 1605 2739 1653 801.
2760 1602 2819 1652 Β.
2835 1601 2917 1665 0.]

808 1702 1173 1765 Ridiculum
1205 1711 1439 1781 autem,
1473 1703 1644 1785 quod
1672 1703 1763 1765 ait
1792 1704 2136 1784 appellasse
2172 1703 2494 1780 Caesarem,
2525 1722 2649 1764 non
2676 1708 2750 1763 ut
2779 1722 2920 1765 cw-

715 1827 850 1867 sam
861 1807 1206 1886 judicaret,
1237 1806 1353 1868 sed
1374 1812 1444 1868 ut
1474 1809 1739 1887 eriperet
1768 1827 1908 1869 eum
1935 1807 2012 1870 de
2040 1806 2324 1869 manibus
2351 1806 2731 1868 Judoemwn.
2800 1807 2920 1868 Ee-

716 1930 841 1990 qua
869 1909 1041 1971 enim
1064 1916 1160 1971 est
1189 1931 1459 1990 usquam
1486 1910 1833 1973 illiusmodi
1851 1911 2228 1991 AppellatiO,
2252 1916 2328 1971 ut
2345 1910 2655 1989 eripiatur
2676 1909 2921 1991 aliquis,

715 2033 844 2074 non
871 2013 1200 2093 judicetur
1235 2020 1450 2074 autem
1495 2034 1534 2075 a
1565 2014 1811 2094 Jndice,
1855 2013 1934 2076 ad
1983 2034 2172 2094 quem
2208 2014 2559 2093 appellatur
2580 2014 2614 2073 Ρ
2703 2013 2925 2077 Quan-

715 2135 926 2196 quam,
961 2121 1024 2175 et
1055 2113 1164 2176 hie
1194 2136 1465 2197 quoque,
1497 2116 1770 2179 incurrit
1814 2116 1884 2178 in
1930 2115 2123 2178 verba
2164 2122 2520 2178 contextus.
2615 2115 2724 2178 Sic
2754 2117 2926 2178 enim

716 2218 942 2280 Festus
986 2217 1307 2300 Agrippae.
1406 2220 1610 2281 Paulo
1664 2226 1869 2281 autem
1917 2220 2286 2300 appellante,
2324 2224 2393 2280 ut
2439 2225 2801 2281 servaretur
2848 2220 2935 2280 ad

713 2320 773 2381 A
781 2321 986 2401 uyusti
1009 2322 1468 2403 cognitionem&
1532 2322 1902 2405 Cognitioni
1924 2322 2123 2404 igitur
2141 2319 2419 2404 Augusti
2440 2326 2690 2382 servata
2715 2341 2925 2384 causa.

716 2424 905 2486 Festo
936 2424 1108 2487 enim
1140 2424 1456 2488 eredimus
1484 2425 1698 2509 potius
1722 2446 1914 2508 quam
1934 2423 2276 2503 Cardinali‚
2299 2445 2336 2487 a
2366 2444 2492 2507 quo
2522 2444 2671 2487 eum
2689 2425 2929 2506 Appel-

714 2529 935 2590 latiom'
966 2528 1247 2591 delatum
1279 2537 1393 2608 est,
1426 2531 1654 2593 melius
1683 2529 1853 2591 illius
1882 2529 2012 2591 vim
2042 2550 2299 2592 omnem
2339 2528 2658 2611 cognovit,
2691 2531 2928 2592 melius

714 2631 947 2694 referre
978 2640 1226 2714 poterat
1250 2634 1407 2711 haee,
1430 2633 1788 2697 Cardinale.
1855 2632 2046 2699 Quod
2068 2632 2121 2695 si
2145 2634 2427 2714 coynoeci
2459 2631 2680 2696 debuit
2710 2633 2790 2695 de
2809 2634 2930 2696 Re-

714 2737 1095 2798 surrectione
1119 2737 1353 2799 Christi
1383 2737 1742 2819 (praecipua,
1772 2736 1870 2798 uti
1896 2735 2223 2799 Cardinali
2252 2735 2480 2818 placet,
2514 2736 2921 2818 quzoetionez)

717 2845 929 2916 testes,
962 2860 1076 2921 per
1113 2861 1270 2921 quos
1310 2842 1447 2903 fieri
1493 2840 1571 2903 de
1613 2861 1688 2902 ea
1729 2838 1886 2901 fides
1918 2845 2151 2922 posset,
2181 2839 2253 2901 in
2282 2838 2511 2902 Judaea
2538 2847 2724 2902 erant
2764 2842 2932 2923 (pars

719 2963 947 3024 nempe
997 2963 1233 3024 magna
1266 2942 1555 3024 fratrum
1601 2945 1752 3023 plus
1801 2944 2289 3024 quinyentorum,
2332 2964 2492 3024 quos
2536 2943 2735 3005 etiam
2789 2955 2929 3006 tum

718 3066 1041 3126 superesse
1082 3046 1243 3107 dixit
1280 3044 1720 3128 Apostolusf),
1752 3046 1821 3108 in
1855 3046 1892 3108 J
1900 3045 2424 3136 ndaea¹(inquam)
2466 3053 2670 3125 erant,
2704 3048 2932 3112 Romae

718 3166 850 3208 non
897 3154 1098 3222 erant,
1144 3155 1217 3208 ut
1268 3148 1489 3210 frivole
1540 3148 1806 3231 proinde
1858 3169 1934 3212 eo
1983 3149 2362 3229 appellatum
2407 3148 2509 3211 sit.
2603 3150 2929 3213 Frivolum

719 3248 890 3310 enim
937 3249 1252 3329 appellare
1289 3248 1458 3328 inde,
1489 3252 1603 3315 ubi
1650 3252 1930 3334 suppetit
1968 3252 2279 3334 probatiO,
2312 3273 2406 3329 ee,
2438 3251 2553 3315 ubi
2596 3252 2666 3314 in
2699 3253 2929 3336 proba-

720 3351 895 3413 tione
948 3352 1107 3415 seias
1157 3355 1510 3418 necessario
1563 3355 1684 3418 tibi
1732 3354 2176 3418 deficiendum.
2268 3354 2566 3437 Denique
2617 3363 2684 3418 et
2734 3356 2808 3418 in
2855 3378 2932 3420 eo

720 3456 1166 3538 praevaricatus
1218 3465 1335 3536 est,
1386 3458 1554 3540 quod
1604 3480 1752 3522 eum
1806 3459 2146 3540 leyitimum
2180 3458 2464 3539 judicem
2510 3457 2803 3538 haberet,
2852 3459 2930 3522 ad

722 3580 911 3642 quem
944 3569 1117 3623 reeta
1145 3560 1247 3623 via
1276 3563 1591 3642 appellare
1618 3569 1848 3645 posset,
1882 3561 1962 3623 ad
2001 3581 2190 3644 quem
2235 3561 2420 3643 proin
2448 3561 2597 3643 jure
2627 3562 2688 3624 ei
2720 3564 2927 3643 appel·

723 3663 974 3724 landum
1007 3663 1231 3741 fuerat,
1276 3665 1350 3738 (is
1375 3672 1610 3727 autem
1652 3673 1789 3728 erat
1819 3666 1895 3728 B.
1919 3665 2146 3727 Petrus
2176 3685 2251 3728 ex
2284 3664 2642 3728 Cardinalis
2673 3674 2927 3728 senten-

722 3762 831 3842 tia,
865 3765 1033 3828 solus
1062 3766 1132 3827 in
1166 3765 1286 3829 hac
1316 3768 1660 3848 Reliyionis
1694 3769 2023 3848 quoestione
2043 3768 2254 3830 Judeoe
2281 3769 2647 3848 competem)
2673 3776 2932 3851 propter

724 3868 935 3931 neseio
967 3890 1155 3950 quem
1187 3876 1432 3931 metum
1456 3871 1568 3953 (ne
1597 3872 1793 3932 risum
1829 3870 2142 3934 subselliis
2172 3877 2591 3949 commoveret,
2614 3871 2810 3935 Petro
2834 3872 2929 3934 vel

725 3970 1054 4034 nominato
1079 3972 1347 4051 leqz'timo
1377 3993 1490 4035 suo
1508 3973 1733 4036 Iudice
1751 3975 1799 4054 8)
1833 3973 2001 4036 viam
2029 3981 2269 4038 rectam
2298 3973 2645 4055 reliquisse,
2666 3982 2733 4036 et
2754 3975 2930 4058 quasi

790 4140 958 4191 em
985 4156 1102 4192 xxv.
1122 4143 1199 4192 21.
1874 4144 2153 4203 vicarium,
2176 4148 2227 4192 et
2247 4142 2544 4192 Judaeorum
2575 4143 2736 4192 risum
2798 4158 2929 4193 rovo-

794 4204 809 4235 ‘
842 4209 864 4253 1
894 4206 1003 4255 Cot.
1027 4222 1107 4255 xv.
1134 4205 1224 4272 [6.]
1873 4213 2048 4269 easset,
2061 4225 2093 4258 a
2114 4208 2296 4271 quibus
2316 4207 2655 4266 accusabatur,
2678 4213 2732 4257 et
2803 4208 2929 4256 thni-

793 4271 901 4335 ⁸[“
915 4270 987 4320 Ea
1009 4272 1147 4320 enim
1173 4277 1468 4336 tempestate
1489 4287 1651 4336 neque
1664 4274 1788 4322 satis
1873 4287 2063 4332 eorum,
2085 4288 2116 4322 a
2137 4273 2357 4336 quibusJ
2346 4271 2689 4320 indicabatur.
2692 4271 2930 4334 ·.]—13011

728 4339 862 4393 nota,
897 4349 1059 4396 neque
1094 4336 1287 4386 eredita
1322 4337 1371 4386 S.
1390 4337 1527 4387 Petri
1564 4344 1786 4400 potestas
1875 4339 1931 4386 in
1955 4337 2116 4400 Respo
2116 4352 2192 4386 ns.
2217 4335 2281 4386 ad
2317 4335 2520 4385 Doetor.
2542 4335 2719 4385 Theoi.
2757 4337 2932 4401 [aliter

729 4403 848 4452 erat.
873 4403 1023 4460 atque
1046 4401 1133 4459 ita,
1159 4402 1202 4449 si
1230 4401 1411 4450 Paulus
1434 4401 1649 4451 dixisset
1670 4402 1785 4451 nul·
1871 4401 2111 4466 Respons.
2166 4400 2230 4450 ad
2276 4401 2426 4449 Anon
2595 4399 2758 4463 Epist.
2820 4400 2927 4463 Op„

729 4460 833 4508 lum
853 4461 947 4509 ω]
956 4463 1150 4512 udicem
1176 4480 1455 4526 agnoscere,
1480 4466 1786 4515 nisiChristi
1872 4472 1995 4516 tom.
2019 4467 2108 4516 vii.
2131 4466 2222 4515 eol.
2250 4467 2392 4514 1051.
2417 4414 2532 4512 (ξω
2498 4463 2589 4525 D]
