3165 4959
455 1297 583 1360 319

377 2493 517 2558 [Hoc
540 2496 630 2544 eri-

372 2574 491 2608 mcn
514 2560 578 2609 iis

372 2633 487 2673 vere
520 2624 677 2688 objec.

372 2689 523 2754 tum]

680 306 813 366 440
1308 318 1392 365 AD
1437 316 1822 365 effluimus
1864 313 2265 363 Bmanmm

682 478 845 549 sent,
866 471 965 534 vel
988 471 1337 554 Nigrianos
1354 482 1414 534 ⁸:
1445 493 1577 535 non
1601 469 1923 534 immerito
1953 468 2156 532 arceri
2186 474 2501 550 poterant,
2526 473 2593 528 et
2616 465 2904 527 circum-

684 574 895 652 scribi,
945 595 1028 637 ne
1064 574 1156 637 ita
1205 575 1437 657 passim
1476 574 1820 637 miscerent
1864 593 1930 635 se
1974 571 2245 655 popu103
2314 591 2388 634 ac
2430 570 2527 631 illi
2571 590 2710 632 sese
2754 576 2904 629 tum

697 677 930 761 (credo)
970 698 1104 741 non
1133 678 1320 741 inviti
1350 677 1837 741 continuissent.
1925 677 2017 739 At
2046 675 2161 753 illi,
2193 683 2268 737 ut
2307 675 2377 737 in
2409 673 2743 738 Christum
2772 670 2904 734 fide

685 800 956 857 summa,
998 779 1090 841 ita
1125 786 1191 843 et
1241 780 1313 842 in
1360 781 1641 844 Caesares
1680 779 2007 856 fidelitate,
2049 799 2365 860 nusquam
2409 785 2522 839 aut
2567 775 2905 839 seditionis

687 881 800 958 rei,
832 888 906 942 ut
938 881 1281 945 Mortonus
1296 880 1324 920 b
1351 908 1365 945 :
1413 889 1525 945 aut
1554 881 1920 959 invasioniS,
1951 889 2027 943 ut
2071 880 2394 944 sanderus
2414 889 2437 918 ⁰
2464 905 2478 943 z
2526 886 2641 941 aut
2686 878 2901 960 dispo-

691 984 939 1048 sitionis
991 984 1072 1047 ad
1116 985 1530 1064 invasionem,
1578 993 1655 1048 ut
1707 985 2095 1068 Campianus
2152 984 2260 1047 hic
2315 990 2523 1047 vester
2539 980 2588 1045 ¹¹.
2678 981 2907 1045 Vestri

693 1095 909 1150 autem
956 1088 1172 1169 quales
1211 1088 1282 1150 in
1333 1089 1567 1167 Deum,
1615 1109 1750 1151 non
1785 1087 1946 1150 libet
1996 1086 2254 1150 referre.
2369 1086 2561 1148 Stent
2610 1085 2757 1147 Deo
2801 1082 2908 1145 vel

693 1190 944 1254 cadant.
990 1192 1174 1255 Tales
1195 1213 1342 1255 vero
1371 1192 1442 1254 in
1473 1191 1800 1273 Principes
1829 1190 2226 1273 patriamque
2262 1209 2461 1266 suam,
2492 1195 2568 1249 ut
2597 1186 2908 1269 opinione

696 1294 987 1357 omnium
1030 1295 1449 1377 justissimam
1494 1293 1890 1358 occasionem
1939 1293 2251 1370 dederint,
2292 1313 2432 1373 quae
2478 1290 2627 1353 latae
2676 1296 2908 1352 contra

697 1419 804 1461 eos
848 1405 1017 1476 sunt,
1046 1399 1218 1481 leges
1261 1397 1526 1461 ferendi.
1616 1398 1704 1460 Et
1743 1397 1859 1460 hos
1892 1404 2111 1458 tamen
2142 1395 2468 1475 Martyres
2506 1392 2712 1455 invita
2753 1391 2910 1455 reli-

696 1501 886 1584 gione
932 1502 1141 1564 cluere
1187 1508 1456 1584 oportet,
1504 1509 1569 1563 et
1620 1500 1693 1563 in
1741 1501 1964 1562 Fastos
2015 1497 2275 1562 referri:
2320 1496 2543 1560 referri
2590 1502 2816 1558 autem
2868 1516 2909 1556 a

695 1604 1002 1683 SanderO,
1046 1605 1178 1687 (qui
1221 1605 1292 1668 in
1335 1604 1580 1667 rabiem
1626 1603 1833 1686 primo
1877 1622 2113 1679 versus,
2161 1599 2331 1682 quod
2377 1599 2609 1662 seditio
2654 1599 2717 1661 ei
2770 1620 2906 1661 non

695 1710 1078 1789 succederet,
1128 1732 1324 1774 caesus
1382 1710 1515 1793 ipse
1557 1708 1821 1772 tandem
1880 1714 1976 1771 est
2034 1706 2106 1768 in
2153 1712 2302 1768 actu
2346 1703 2808 1787 perduellionis
2826 1705 2903 1783 ⁸).

697 1813 948 1895 Dignos
977 1835 1124 1877 vero
1156 1815 1478 1897 Martyres
1508 1811 1715 1875 scriba
1742 1811 1899 1874 hoc:
1947 1809 2217 1891 dignum
2265 1808 2539 1871 scribam
2582 1807 2760 1869 hunc
2804 1807 2908 1870 his

700 1916 1118 1999 Martyribus.

763 2042 847 2091 Sic
880 2043 1033 2093 etiam
1064 2043 1251 2106 Pagani
1282 2045 1552 2108 principes,
1588 2042 1829 2106 quicquid
1862 2042 2062 2092 sceleris
2094 2040 2294 2105 publice
2315 2039 2572 2102 agebatur,
2597 2038 2910 2089 Christianis

828 2122 1161 2186 imputabant.
1183 2160 1195 2173 .
1223 2159 1236 2172 .
1260 2160 1272 2173 .
1300 2124 1474 2187 [Certe
1496 2124 1795 2187 pulverarioe
1812 2122 2174 2186 conjurationis
2197 2121 2372 2171 odium
2395 2121 2450 2169 in
2466 2119 2501 2169 J
2502 2120 2691 2169 esuitas
2707 2135 2911 2170 conver-

825 2218 936 2252 sum
958 2204 1076 2268 est,]
1102 2220 1217 2254 cum
1241 2220 1401 2268 neque
1416 2204 1446 2253 J
1451 2206 1644 2265 esuitae,
1668 2219 1829 2266 neque
1851 2204 1985 2253 ullus
2008 2202 2246 2253 Sacerdos
2279 2202 2390 2266 [leq.
2414 2217 2479 2251 ex
2501 2216 2715 2251 numero
2743 2203 2912 2251 Sacer-

826 2285 1025 2350 dotum]
1047 2288 1294 2351 particeps
1315 2287 1423 2349 ejus
1444 2286 1807 2350 conjurationis
1827 2284 2211 2348 suerit—[Bell.
2236 2284 2381 2348 Apol.
2407 2298 2498 2347 pro
2521 2282 2701 2346 Resp.]
2728 2298 2777 2347 p.
2796 2285 2909 2333 180.

827 2367 959 2432 [Op.‚
992 2373 1115 2418 tom.
1138 2369 1224 2417 vii.
1247 2369 1359 2418 coll.
1383 2371 1493 2418 805.
1518 2367 1579 2417 D.
1600 2371 1709 2418 806.
1738 2365 1820 2431 A.]

785 2460 930 2524 Nec
970 2482 1087 2544 par
1131 2468 1246 2539 est,
1294 2461 1698 2543 Paganorum
1742 2458 1897 2523 olim
1947 2458 2019 2521 in
2067 2452 2484 2536 ChristianOS,
2527 2465 2592 2521 et
2642 2478 2787 2540 quse
2833 2456 2908 2519 in

698 2572 938 2628 vestros
972 2566 1109 2648 jam
1139 2564 1429 2628 homines
1458 2563 1746 2641 incurrit,
1780 2562 2140 2643 imputatio.
2236 2562 2343 2624 Ne
2373 2561 2612 2644 species
2642 2560 2909 2643 quidem

700 2668 768 2730 in
831 2667 1242 2732 Christianis·
1285 2666 1617 2730 seditionis
1668 2666 1819 2744 ulla,
1880 2664 2183 2727 immanis
2241 2663 2448 2727 solum
2499 2664 2572 2726 in
2624 2664 2907 2745 Paganis

700 2771 900 2834 libido
931 2771 1153 2834 saevien
1163 2770 1246 2848 di,
1279 2770 1501 2833 noxios
1539 2769 1711 2832 fecit.
1802 2769 1894 2832 At
1923 2768 2117 2831 vestri
2163 2766 2317 2850 quid
2356 2766 2600 2830 habent
2639 2767 2851 2830 simile
2871 2768 2903 2828 Ρ

702 2874 800 2936 Ut
830 2873 1144 2952 omittam,
1171 2872 1281 2955 qui
1307 2872 1377 2936 in
1409 2872 1678 2954 Reginae
1706 2870 1973 2933 exitium
2004 2870 2196 2947 toties
2226 2869 2691 2951 conspirarunt,
2715 2868 2907 2931 wat-

702 2997 894 3039 sonus
923 2984 990 3040 et
1008 2976 1266 3040 Clercus
1295 2996 1499 3057 nuper
1527 2974 1599 3038 in
1627 2974 1764 3057 ipso
1793 2973 2026 3036 scelere
2048 2972 2444 3056 deprehensi,
2466 2972 2617 3054 quia
2636 2973 2679 3033 J
2682 2972 2906 3035 esuitae

698 3073 834 3140 non
904 3084 1105 3155 erant,
1159 3077 1311 3159 quia
1360 3078 1402 3138 J
1406 3076 1625 3140 esuitis
1682 3075 1983 3139 nonnihil
2031 3075 2269 3154 infesti,
2314 3083 2586 3158 patrono
2659 3083 2903 3138 carent.
2944 3089 2951 3096 ·

699 3179 1051 3242 Pulverarii
1081 3179 1334 3243 sceleris
1363 3186 1672 3257 auctores,
1703 3178 1854 3262 quia
1898 3179 1941 3242 J
1943 3179 2164 3243 esuitae
2207 3178 2546 3262 participes
2591 3178 2903 3257 criminis,

697 3304 831 3345 non
890 3289 1128 3346 carent.
1218 3282 1571 3347 Pulverarii
1620 3303 1770 3347 vero
1829 3281 2081 3345 sceleris
2137 3289 2382 3365 partem
2442 3303 2625 3346 suam
2676 3302 2905 3364 capere

700 3391 971 3466 oportet,
1017 3392 1250 3467 praeter
1277 3384 1437 3449 duos
1467 3384 1607 3448 illos
1625 3382 1662 3462 f,
1697 3385 1928 3467 quibus
1979 3384 2250 3467 contigit
2295 3405 2431 3448 esse
2476 3384 2902 3468 Martyribus,

679 3488 1175 3573 ‘Greenwellum
1210 3490 1422 3572 (caput
1451 3488 1522 3552 in
1553 3495 1693 3552 tota
1721 3487 2216 3571 procuratione),
2242 3487 2604 3551 Gerardum
2625 3508 2901 3571 quoque,

700 3591 897 3655 etiam
925 3592 1322 3671 Personium,
1355 3590 1763 3675 quantumvis
1791 3611 1929 3654 rem
1958 3590 2270 3654 detrectet
2301 3590 2686 3654 cardinalis.

765 3708 844 3757 Ex
882 3709 1103 3760 Sandero
1127 3747 1139 3759 .
1164 3746 1176 3759 .
1201 3747 1213 3758 .
1238 3715 1291 3759 et
1315 3709 1624 3773 philopatre,
1650 3745 1662 3758 .
1687 3745 1701 3758 .
1725 3745 1737 3758 .
1760 3712 1958 3758 constat
1979 3744 1993 3758 .
2017 3743 2030 3756 .
2055 3745 2066 3757 .
2091 3708 2351 3771 plurimos,
2375 3712 2488 3758 tum
2513 3709 2751 3769 Clericus,
2786 3713 2902 3758 tum

830 3790 1022 3852 Laicos,
1057 3792 1212 3841 solius
1254 3792 1514 3854 religionis
1547 3789 1865 3856 [Catholicae]
1898 3805 2047 3840 causa
2077 3794 2279 3840 necatos
2310 3791 2480 3850 fuisse,
2513 3795 2573 3840 ut
2605 3790 2797 3840 mirum
2832 3793 2905 3841 sit

764 3950 785 3971 ¹
818 3939 973 4005 [Vide
1017 3939 1149 3989 Tert-
1196 3938 1260 3989 ad
1299 3938 1442 4003 Scap.
1481 3955 1589 4004 cap.
1613 3940 1666 3990 ii.
1691 3944 1751 3988 ut
1834 3939 1924 3988 the
1946 3940 2205 3989 undutifnl
2228 3939 2329 3988 and
2364 3939 2632 3989 traiterous
2665 3939 2905 3990 affection

697 4006 836 4056 citat.
861 4019 1025 4067 supra,
1046 4019 1095 4067 p.
1121 4006 1230 4054 420.
1256 4009 1360 4053 not.
1378 4003 1439 4068 ¹¹.]
1836 4004 1991 4053 borne
2014 4005 2214 4066 against
2236 4004 2327 4052 her
2345 4003 2563 4067 Majesty
2583 4004 2653 4066 by
2673 4003 2732 4052 E.
2757 4004 2905 4054 Cam·

762 4067 784 4100 b
824 4069 921 4133 [De
944 4069 1167 4118 Mortoni
1191 4069 1246 4116 in
1265 4069 1506 4130 Angliam
1528 4068 1750 4118 adventu
1837 4070 1991 4131 pion‚’
2015 4069 2101 4118 &a
2129 4071 2270 4118 1582.
2294 4069 2426 4131 sign.
2452 4068 2509 4116 B.
2529 4068 2615 4132 iv.]

698 4133 815 4183 vide
858 4133 1034 4182 Justit.
1062 4132 1187 4182 Brit.
1223 4147 1272 4195 p.
1298 4134 1374 4183 25.
1416 4132 1575 4183 Lond.
1604 4134 1746 4183 1584.
1902 4141 1923 4165 ⁶
1982 4132 2136 4182 Fame
2165 4133 2334 4195 periit,
2357 4137 2416 4180 ut
2437 4132 2593 4181 habet
2615 4130 2905 4183 camdenus

700 4195 1013 4249 et'Camdeni
1035 4196 1222 4247 Annal.
1245 4196 1306 4246 ad
1332 4212 1448 4247 ann.
1477 4200 1621 4247 1569.
1644 4211 1750 4260 par.
1838 4211 1937 4261 spu
1997 4197 2182 4247 Annal.
2207 4197 2271 4247 ad
2291 4211 2409 4246 anu.
2437 4199 2579 4247 1583.
2614 4211 2722 4260 par.
2742 4199 2820 4247 iii.
2852 4213 2902 4262 p.

696 4278 730 4311 ¹⁸
759 4261 973 4391 οράῑδίἓέ
1004 4326 1247 4376 camdeni
1293 4326 1476 4376 Annal.
1522 4324 1588 4375 ad
1634 4340 1750 4375 aun.
1841 4263 1951 4357 3⁷3·
1984 4325 2303 4384 Gamettnm,
2357 4339 2424 4374 sc.
2467 4329 2522 4374 et
2566 4324 2900 4376 Oldcornum.

699 4394 839 4441 1579.
866 4406 970 4453 par.
990 4392 1042 4440 ii.
1067 4407 1114 4453 p.
1133 4391 1266 4455 302]
1842 4389 1975 4440 Vide
2006 4390 2185 4440 Ribad.
2212 4389 2370 4440 Catal.
2406 4390 2588 4453 Seript.
2628 4389 2739 4440 Soc.
2761 4390 2903 4451 Jesu,

760 4455 780 4484 ‘¹
820 4453 981 4516 [Vide
1020 4454 1264 4511 libellum,
1310 4455 1391 4503 cui
1429 4455 1626 4515 titulus,
1676 4455 1747 4503 ‘A
1838 4469 1886 4517 p.
1912 4455 2023 4506 377.
2049 4456 2204 4504 Antv.
2230 4454 2400 4518 1613.]

694 4518 967 4578 particular
990 4518 1294 4566 declaration
1317 4534 1374 4567 or
1394 4520 1669 4581 testimony
1702 4519 1758 4568 of
