3165 4959
983 323 1352 373 Aromoun
1393 309 1762 374 nrsPoNsm.
2353 307 2479 370 155

265 483 333 541 et
383 476 847 542 Mantuanus‘.
936 479 1047 556 Et,
1084 479 1288 543 Niobe
1331 481 1462 544 haec
1505 480 1712 543 Niobe
1761 500 1885 544 non
1932 480 2129 543 distat
2177 479 2255 542 ab
2301 479 2414 540 illa
2433 487 2480 541 ⁸.

268 580 588 662 Denique,
662 579 777 644 ubi
848 580 1139 664 regimen
1209 581 1420 666 ipsum
1486 585 1778 664 tyrannis
1850 588 1968 661 est,
2044 603 2120 646 ac
2193 581 2483 664 tyrannis

262 682 503 766 pejoris
565 692 760 761 notae,
823 682 1090 747 violenti
1156 686 1419 765 scilicet,
1481 692 1548 749 et
1608 685 1780 769 parti
1837 706 1953 769 per
2016 684 2220 749 malas
2284 690 2525 761 arteS,.

263 784 656 848 dominatus.
749 785 925 849 Nam
970 788 1330 868 Principem
1387 787 1481 851 ibi
1520 790 1781 870 ¹Papam
1836 809 1974 852 non
2034 787 2303 851 damus:
2355 806 2478 850 nec

260 908 555 969 unquam
582 887 678 950 ita
707 888 946 964 erimus
975 888 1046 951 in
1064 890 1385 953 Caesarem
1404 890 1645 974 injurii,
1676 912 1811 955 non
1840 891 2260 955 Romanorum
2275 891 2477 971 Impe-

262 995 542 1052 ratorem
589 996 657 1053 et
703 990 1085 1070 Dominum,
1133 992 1260 1056 nisi
1298 1000 1364 1057 et
1401 994 1625 1057 Romae.
1718 993 1857 1057 Scit
1885 1015 2036 1057 vero
2063 1015 2286 1057 verum
2332 994 2476 1072 hoc,

262 1103 479 1156 vester
497 1091 642 1171 Ille,
672 1092 1019 1174 (Caesarem
1050 1094 1313 1159 ditionis
1342 1095 1697 1160 Dominum
1729 1118 1953 1160 verum
1973 1097 2018 1179 3)
2054 1096 2272 1174 Proin,
2304 1117 2477 1158 sum-

263 1203 484 1258 movet
536 1201 852 1278 quantum
899 1203 1135 1279 potest,
1168 1204 1348 1261 trans
1376 1199 1578 1282 Alpes
1618 1200 1862 1282 procul,
1914 1219 2036 1262 nec
2080 1197 2362 1262 libenter
2407 1198 2481 1261 in

273 1297 456 1375 Urbe,
507 1319 642 1362 non
693 1300 798 1362 vel
858 1300 1011 1363 Urbi
1062 1301 1497 1385 propinquum
1543 1300 1741 1380 videt,
1772 1322 1998 1364 verum
2039 1301 2223 1364 Urbis
2251 1301 2478 1365 Domi-

263 1424 448 1481 num,
491 1410 558 1465 et
604 1404 819 1467 Suum.
910 1404 1157 1469 Pacisci
1205 1413 1423 1470 autem
1476 1405 1651 1489 cogit
1701 1405 2229 1490 Neapolitanum,
2262 1406 2479 1469 Caesar

262 1529 351 1571 ne
400 1508 516 1571 fiat
567 1530 877 1591 unquam,
926 1531 1088 1573 neve
1137 1510 1404 1594 Imperii
1466 1532 1667 1594 capax
1719 1510 1842 1574 sit:
1914 1510 2095 1593 quasi
2135 1509 2303 1572 male
2355 1508 2479 1573 sibi

265 1611 582 1689 conscius,
637 1612 775 1695 (qui
826 1613 1014 1677 malae
1065 1613 1215 1676 fidei
1263 1635 1596 1696 possessor
1642 1612 1725 1676 sit
1746 1613 1786 1695 z)
1839 1618 1977 1676 tam
2023 1611 2306 1675 vicinum
2356 1611 2478 1676 sibi

265 1717 586 1780 Caesarem
623 1737 761 1781 non
812 1715 1129 1781 sustinet:
1178 1724 1242 1781 et
1294 1716 1571 1800 Neapoli
1607 1718 1745 1800 jam
1795 1716 2003 1780 Roma
2041 1715 2359 1793 imminet,
2391 1736 2475 1778 ne

266 1820 494 1883 Romae
523 1819 851 1902 Neapolis.
948 1819 1084 1883 Sub
1132 1818 1254 1884 hoc
1300 1828 1438 1883 tam
1480 1819 1772 1882 insolenti
1804 1817 2012 1899 fastu,
2044 1818 2158 1881 sub
2187 1819 2307 1881 hac
2337 1818 2475 1880 ani-

263 1944 525 2002 morum,
550 1942 896 2005 coquorum,
920 1924 1214 1988 bonorum
1243 1930 1373 1987 tam
1395 1931 1562 1988 tetra
1592 1923 1945 2005 tyrannide,
1975 1923 2087 1986 sub
2115 1924 2479 1988 illicitorum

265 2030 615 2093 licitatione
643 2035 706 2092 et
736 2030 990 2093 licentia
1021 2036 1221 2108 tanta,
1261 2036 1562 2113 potestne
1592 2028 1891 2113 cuiquam
1920 2050 2054 2093 non
2084 2029 2313 2092 misera
2342 2048 2479 2093 esse

262 2134 515 2197 vivendi
561 2134 836 2197 conditio
857 2134 890 2197 ?
982 2134 1111 2197 Hic
1143 2132 1402 2216 quidem
1447 2133 1663 2197 nullos
1709 2131 2005 2216 reperiet,
2039 2131 2149 2215 qui
2179 2132 2478 2213 injuriam

261 2239 386 2303 sibi
414 2239 571 2321 fieri
628 2259 752 2302 non
784 2239 1096 2319 judicent,
1145 2236 1200 2299 si
1246 2237 1328 2301 ad
1378 2243 1650 2300 vestrum
1692 2238 2033 2318 exemplum
2080 2236 2382 2317 componi,
2420 2235 2476 2300 si

261 2345 465 2408 vitam
493 2350 775 2408 vestram
806 2342 1056 2407 discant
1084 2344 1307 2406 vivere.

329 2498 672 2549 Bellarmnius
701 2512 805 2547 non
834 2496 1025 2547 sciebat
1047 2510 1100 2545 se
1122 2494 1361 2545 adversus
1384 2492 1576 2555 Regem
1602 2491 1836 2555 scribere,
1859 2490 2002 2554 cujus
2024 2505 2211 2541 nomen
2231 2491 2288 2540 in
2309 2489 2477 2540 fronte

396 2579 521 2628 libri
542 2593 645 2628 non
666 2576 889 2638 viderat-5
924 2582 978 2628 et
998 2575 1152 2626 fidem
1186 2575 1432 2625 habuerat
1455 2575 1536 2635 iis,
1567 2574 1657 2637 qui
1690 2573 2057 2622 nuntiaverunt
2089 2572 2279 2621 librum
2315 2608 2326 2619 .
2361 2605 2375 2620 .
2411 2607 2423 2620 .
2459 2606 2473 2620 .

394 2674 504 2710 esse
525 2659 694 2709 nescio
711 2657 854 2722 cujus
876 2658 1068 2708 Deeani
1091 2656 1277 2709 Sacelli
1296 2654 1680 2720 Regia—[Bell.
1700 2652 1850 2717 Apol.
1868 2667 1960 2717 pro
1983 2652 2152 2717 Resp.]
2174 2667 2223 2715 p.
2241 2653 2319 2700 44.
2343 2651 2478 2716 [Op.,

396 2746 521 2793 tom.
545 2742 632 2792 vii.
655 2741 748 2792 col.
767 2741 875 2794 729.
895 2740 980 2805 D.]

2590 906 2718 970 118

354 2862 448 2923 At
477 2859 695 2937 etiam,
727 2859 1038 2923 nesciebat
1078 2878 1121 2919 a
1158 2858 1326 2939 Reye
1365 2855 1594 2919 librum
1626 2857 1803 2916 esse!
1845 2872 1968 2915 non
1989 2851 2149 2914 vidit
2177 2850 2246 2913 in
2257 2847 2477 2931 fronte
2503 2859 2784 2926 [Bellarmi-

214 3046 233 3057 .
265 2984 485 3027 nomen
506 2990 525 3024 .·
576 2962 774 3044 fidem
831 2963 1046 3026 habuit
1091 2961 1350 3043 fabellae
1402 2959 1478 3022 de
1522 2959 1778 3022 Decano
1832 2956 2081 3019 Sacelli.
2175 2953 2471 3017 Scilicet!

269 3068 402 3151 qui,
436 3066 607 3150 quod
653 3066 1057 3149 exploratum
1103 3064 1212 3129 hic
1239 3072 1341 3128 tot
1367 3063 1629 3144 Iaeyatia
1657 3062 2046 3125 Exterorum
2079 3059 2474 3141 Principum,

268 3173 527 3256 quique,
558 3192 694 3234 non
723 3170 973 3234 nemini
1001 3170 1263 3233 illorum
1295 3168 1501 3251 Regio
1529 3166 1795 3231 nomine
1825 3164 2134 3242 oblatum,
2166 3170 2476 3247 tanquam

271 3278 502 3352 Suum,
551 3276 789 3338 nescire
834 3295 966 3338 non
1014 3280 1288 3356 poterat.
1380 3271 1569 3338 Quod
1600 3270 1672 3334 in
1705 3291 1817 3334 ore
1854 3269 1962 3333 hic
2001 3268 2178 3333 omni
2218 3268 2475 3351 popu10,

267 3379 337 3443 id
368 3379 744 3456 nesciebant,
777 3378 887 3461 qui
917 3375 1246 3442 cardinali
1277 3395 1379 3438 res
1419 3382 1674 3438 nostras
1720 3371 2133 3437 referebant?
2226 3370 2477 3434 Sciebat

266 3504 454 3560 vero3
489 3481 602 3546 sed
633 3504 702 3545 se
730 3483 894 3545 scire
913 3479 1277 3558 simulabat,
1309 3486 1383 3542 ut
1412 3477 1875 3560 Praefationem,
1901 3482 1975 3539 ut
2004 3475 2478 3556 Typoyraphum

266 3608 460 3651 suum
510 3585 945 3663 dissimulare;
991 3592 1069 3647 ut
1100 3583 1218 3647 sub
1254 3583 1554 3646 affectata
1588 3582 1709 3644 hac
1740 3580 2120 3662 ignorantia,
2171 3577 2290 3640 sub
2335 3597 2479 3659 per-

266 3713 426 3756 sona
455 3690 638 3755 'Porti
667 3690 928 3754 liberius
959 3688 1234 3772 grassari
1264 3694 1482 3772 posset
1509 3687 1581 3750 in
1600 3687 1959 3761 Auctorem,
1984 3689 2051 3746 et
2080 3682 2405 3745 mendacia
2427 3678 2477 3759 ¹¹,

266 3796 615 3859 calumnias
631 3793 666 3873 ἰ,
696 3795 968 3876 ineptias
984 3792 1031 3871 k,
1070 3800 1135 3856 et
1166 3813 1288 3855 non
1324 3790 1670 3853 Christiani
1691 3786 1726 3867 ¹,
1757 3788 1891 3851 imo
1937 3785 2135 3850 etiam
2166 3785 2413 3848 Juliani
2436 3793 2492 3863 ¹¹¹·

264 3900 577 3984 probrum
607 3898 979 3982 petulanter
1007 3895 1383 3980 impingere.

332 4029 582 4088 Primum,
604 4025 827 4077 breviter
857 4030 911 4075 et
946 4024 1190 4075 distincte
1216 4023 1449 4081 scribere,
1484 4035 1590 4071 non
1611 4022 1782 4085 potest
1801 4017 2067 4082 superbiae,
2082 4017 2162 4067 vel
2179 4016 2481 4078 arrogantiae

332 4229 350 4261 ¹
381 4228 540 4295 [Vide
571 4226 605 4277 J
608 4241 719 4277 oan.
749 4226 896 4291 Bapt.
932 4225 1197 4275 Mantuan.
1224 4224 1329 4273 ‘De
1484 4221 1497 4253 ¹
1543 4220 1697 4286 [Ibid.
1721 4234 1770 4284 p.
1796 4219 1891 4278 64„
1915 4220 1968 4268 et
1986 4217 2079 4266 col.
2103 4215 2215 4266 667.
2240 4214 2300 4264 Ι).

269 4294 504 4345 Calamit.
520 4293 710 4356 'remp’
768 4306 862 4341 ass.
888 4289 1000 4356 Op„
1018 4295 1140 4340 tom.
1160 4290 1194 4340 i.
1217 4304 1268 4353 p.
1284 4292 1330 4338 1.
1482 4286 1505 4317 ¹¹
1564 4285 1695 4334 Ibid.
1721 4301 1771 4350 p.
1792 4287 1884 4342 42„
1910 4291 1963 4332 et,
1984 4282 2077 4332 col.
2097 4283 2208 4332 657.
2237 4280 2293 4329 Β.

268 4376 372 4423 seq.
404 4360 562 4408 Antv.
580 4358 723 4408 1579.
1491 4350 1505 4382 ¹
1569 4351 1697 4399 [bid.
1722 4365 1769 4413 p.
1794 4351 1892 4408 67„
1910 4352 1961 4397 et
1982 4347 2074 4396 col.
2100 4349 2211 4397 683.
2237 4345 2288 4396 C.

336 4434 361 4465 ε
419 4423 554 4473 Vide
572 4421 721 4472 Ovid.
748 4420 958 4471 Metam.
979 4420 1046 4469 vi.
1067 4418 1203 4483 273]
1484 4424 1517 4447 ¹¹¹
1541 4415 1697 4545 &Ibia
1723 4430 1806 4480 pp.
1834 4415 2163 4473 96—101.,0t
2185 4411 2297 4461 coll.
2318 4411 2482 4461 683-

336 4488 361 4521 '1
418 4488 660 4553 Respons.
707 4486 867 4545 Torti,
911 4499 962 4549 p.
998 4488 1077 4545 28,
1115 4490 1171 4536 et
1207 4483 1334 4536 Bell.
1422 4483 1536 4533 685.

271 4555 385 4620 Op„
412 4558 537 4603 tom.
562 4553 652 4602 vii.
677 4551 771 4602 col.
798 4553 910 4602 650.
936 4550 1022 4614 A.]

2500 2942 2598 2975 nus
2613 2926 2766 2988 Regis

2501 3006 2605 3041 esse
2616 2992 2804 3041 librum

2500 3055 2797 3119 nesciebat]
