3165 4959
958 345 1322 396 APoLomAM
1367 346 1730 396 ansrousm.
2322 336 2451 399 317

256 542 269 547 -
326 498 476 563 Erit
505 498 895 565 Antichristi
924 502 1237 565 adventus
1265 504 1334 564 in
1360 504 1560 585 siquis
1588 498 2036 565 mendacibus
2076 503 2287 585 qualia
2315 511 2449 566 tam
2478 515 2658 593 [Signa
2684 517 2780 591 fin-

241 603 453 666 multa
480 603 550 667 in
580 605 856 685 Papatu,
887 613 963 668 ut
1003 613 1154 669 eant
1184 607 1255 668 in
1282 606 1480 670 libros
1515 606 1703 670 molis
1745 627 2016 688 magnae.
2108 607 2451 669 Mendacia
2477 581 2780 707 gzffiffiffi]

239 706 476 769 merito
522 707 703 784 dixit,
750 728 981 792 nempe
1032 730 1193 792 quae,
1241 710 1342 772 vel
1386 711 1674 791 Papatus
1717 709 1914 793 ipsius
1963 710 2260 773 doctrinae
2306 731 2450 773 con-

241 810 471 887 traria,
527 818 602 873 ut
652 810 763 888 ita,
809 811 912 874 vel
959 812 1026 873 in
1070 813 1287 894 siqui-3,
1342 812 1506 895 (quae
1559 812 1679 895 ipsi
1726 814 2015 894 narrant)
2065 814 2453 875 mendacium

242 913 575 996 deprecari
603 924 944 996 nequeant.
1026 916 1194 977 Sunt
1227 915 1353 978 alia
1380 915 1741 980 innumera.
1819 915 2045 978 Unum
2077 916 2259 998 ponit
2292 917 2449 993 Rex,

243 1016 327 1079 de
358 1018 544 1098 Equa
587 1017 860 1100 quadam
907 1017 1077 1101 apud
1124 1016 1629 1081 Bellarminum¹
1676 1017 1926 1096 devota,
1960 1024 2027 1081 et
2074 1040 2222 1081 cum
2259 1020 2448 1101 (Gar-
2487 1038 2494 1045 ·

244 1128 430 1183 netto
461 1120 707 1184 doctior
723 1121 786 1202 ¹¹¹)
827 1122 1053 1184 scisset
1088 1121 1387 1184 Hostiam
1419 1121 1542 1184 rite
1579 1128 2035 1200 consecra-tam,
2067 1131 2242 1186 certo
2273 1129 2448 1185 tran-

239 1222 747 1301 substantiatam,
781 1223 860 1286 de
892 1223 1201 1306 geniculis
1232 1224 1558 1287 adorante.

311 1357 553 1415 Quamvis
587 1393 600 1406 .
633 1393 647 1407 .
680 1372 786 1408 non
827 1359 897 1408 sit
942 1359 1239 1408 institutum
1284 1395 1297 1407 .
1334 1395 1348 1408 .
1384 1394 1397 1408 .
1445 1358 1842 1420 Sacramentum,
1886 1362 1947 1410 ut
1996 1361 2061 1410 ab
2105 1362 2453 1412 animantibus

375 1439 584 1488 rationis
624 1440 918 1503 expertibus
954 1440 1202 1497 adoretur,
1230 1439 1444 1504 [tamen]
1475 1455 1591 1489 cum
1627 1441 1682 1490 id
1716 1440 1792 1502 fit,
1819 1441 1925 1491 Deo
1949 1478 1961 1491 .
1999 1479 2010 1490 .
2049 1480 2059 1492 .
2084 1443 2313 1494 membra
2340 1445 2451 1493 ani-

374 1520 587 1569 malium
610 1520 814 1569 illorum
837 1527 1086 1582 movente,
1105 1526 1163 1570 ut
1186 1521 1564 1571 Sacramentum
1582 1522 1786 1572 adorare
1803 1523 2086 1584 videantur,
2107 1562 2120 1573 .
2161 1562 2172 1574 .
2204 1562 2216 1573 .
2241 1539 2454 1587 praesen·

376 1601 500 1649 tiam
525 1599 734 1650 Domini
759 1602 813 1651 in
837 1602 1161 1652 sacramento
1182 1603 1353 1652 adesse
1375 1602 1602 1653 adoratio
1626 1604 1716 1653 illa
1735 1604 2283 1670 demonstrat—[Bell.
2302 1606 2451 1670 Apol.

375 1695 468 1744 pro
489 1680 658 1745 Resp.]
681 1696 729 1745 p.
749 1685 861 1732 132.
909 1682 1045 1746 [Op.,
1066 1688 1188 1732 tom.
1212 1684 1299 1732 vii.
1324 1683 1416 1732 col.
1443 1682 1553 1735 779.
1580 1683 1659 1748 0.]

328 1781 474 1845 Nec
520 1780 642 1846 hoc
688 1782 789 1846 vel
840 1804 919 1846 ex
965 1783 1258 1847 doctrina
1298 1790 1509 1847 vestra
1552 1805 1776 1849 verum
1820 1793 1936 1864 est,
1982 1787 2451 1851 Sacramentum
2476 1795 2558 1909 Eut
2585 1795 2714 1845 illud

240 1887 384 1948 ideo
434 1886 805 1965 institutum,
852 1895 928 1950 ut
973 1887 1134 1951 illud
1170 1909 1406 1969 pecora
1459 1891 1682 1970 campi,
1728 1890 1829 1953 vel
1889 1899 2296 1973 cognoscant,
2350 1892 2452 1956 vel
2476 1876 2694 1975 hgsffauss

243 1989 525 2066 adorent,
577 1990 680 2053 vel
732 1990 1098 2053 commercii
1145 2012 1289 2055 cum
1344 2012 1420 2054 eo
1474 1992 1815 2075 quicquam
1863 1992 2168 2057 habeant.
2259 1996 2450 2058 Certe
2475 1989 2781 2055 venerante]

241 2114 460 2155 mures
521 2113 687 2175 saepe
745 2114 877 2155 non
937 2091 1103 2155 bene
1163 2091 1487 2155 obseratas
1547 2094 1793 2156 hostias
1853 2095 2244 2177 epulantur:
2317 2118 2451 2160 non

241 2195 483 2278 legitur
524 2204 746 2259 tamen
783 2197 1122 2259 Trooeartes
1157 2196 1300 2278 quis
1346 2218 1423 2259 ex
1467 2217 1545 2259 ea
1579 2205 1792 2278 gente,
1828 2198 1937 2280 qui
1981 2203 2232 2262 tantam
2276 2220 2450 2263 reve·

242 2299 520 2362 rentiam
573 2306 974 2362 sacramento
1023 2298 1403 2376 exhibuerit,
1454 2307 1763 2382 quantam
1816 2301 2004 2383 Eqaa
2050 2302 2208 2365 haec.
2321 2304 2451 2366 Hic

244 2401 627 2479 CardinaIiS,
675 2423 807 2465 non
853 2402 1150 2464 adorasse
1196 2402 1457 2486 quidem
1509 2404 1762 2488 Equam
1815 2425 2018 2483 suam,
2074 2406 2254 2489 (puta
2302 2426 2452 2469 vera

242 2503 464 2590 latria)
492 2511 662 2568 mota
691 2513 914 2569 tamen
945 2507 1118 2568 illius
1161 2507 1452 2584 membra,
1485 2515 1579 2585 ut,
1614 2507 1735 2569 etsi
1764 2529 1900 2571 non
1935 2508 2249 2587 adoraret,
2281 2510 2453 2571 vide-

241 2615 420 2671 retur
448 2617 671 2672 tamen
700 2610 986 2672 adorare.
1074 2611 1294 2692 Atque
1324 2610 1487 2673 illud
1526 2610 1735 2692 ipsum
1771 2611 1971 2672 videri
2003 2612 2157 2674 satis
2186 2633 2345 2689 esse,
2377 2618 2451 2675 ut

245 2712 579 2777 Christum
622 2712 732 2791 ibi,
770 2733 893 2775 non
934 2712 1153 2790 videri,
1186 2712 1298 2775 sed
1344 2733 1474 2775 esse
1517 2734 1744 2776 omnes
1790 2713 1929 2776 sine
1975 2714 2170 2777 dubio
2213 2715 2451 2777 intelli-

244 2822 432 2898 gunt.
521 2817 614 2879 At
671 2816 874 2897 magis
932 2836 1191 2898 aequum
1241 2823 1399 2895 erat,
1447 2837 1664 2879 mures
1726 2816 2050 2894 Hostiam,
2103 2825 2453 2901 antequam

246 2918 609 2997 comedant,
640 2919 950 2995 venerari,
983 2926 1096 2983 aut
1135 2925 1210 2982 ut
1240 2925 1442 2982 motas
1484 2920 1556 2982 in
1599 2919 1728 2982 illis
1774 2920 2002 3003 aliquis
2047 2921 2453 2983 membrorum

246 3021 432 3095 foret,
466 3022 750 3104 proxime
791 3021 1097 3085 accedens
1134 3023 1214 3086 ad
1244 3024 1520 3088 latriam.
1613 3025 1842 3088 Mures
1882 3025 2139 3108 quidem
2178 3026 2451 3089 mandu-

245 3133 489 3204 cantes,
523 3146 713 3208 quam
746 3127 998 3209 Equam
1028 3126 1409 3191 famelicam.

333 3216 541 3293 Addi't
584 3229 834 3307 deinde,
866 3251 945 3293 ex
989 3231 1182 3294 sacris
1227 3232 1430 3295 literis
1463 3220 1787 3316 quaedam,
1821 3243 1887 3297 et
1928 3234 2262 3318 conjungit
2302 3256 2450 3298 cum
2480 3254 2657 3318 [Nihil

244 3335 451 3417 Equa,
470 3335 735 3414 Vaccas,
767 3335 914 3407 Quae
938 3336 1176 3398 Arcam
1189 3334 1474 3416 serentes
1500 3358 1624 3400 non.
1652 3336 2028 3400 aberrabant
2046 3347 2074 3376 ¹¹
2089 3365 2109 3400 .·
2158 3340 2448 3420 Asinam,
2475 3321 2783 3448 gffliigerip-

246 3460 381 3522 φησι
424 3442 696 3503 humana
739 3461 884 3504 voce
928 3441 1332 3522 loquebatur⁰
1353 3469 1372 3503 .·
1430 3443 1685 3520 Cetum,
1720 3445 1825 3524 qui
1854 3444 2082 3507 Jonam
2122 3445 2341 3525 rejecit
2385 3448 2452 3508 in
2476 3449 2659 3511 tuma]

247 3545 471 3606 littus?
492 3571 511 3605 .-
563 3544 822 3621 Corvos,
866 3545 973 3625 qui
1004 3544 1221 3606 Eliam
1261 3545 1535 3625 quotidie
1564 3546 1991 3625 pascebants:
2040 3547 2313 3625 LeoneS,
2346 3550 2453 3628 qui
2541 3573 2550 3578 ·

246 3648 575 3710 Danielem
614 3648 681 3710 in
728 3649 1021 3729 spelunca
1070 3668 1192 3709 non
1239 3647 1627 3728 attinyebant
1643 3657 1685 3710 ¹.
1780 3648 1929 3725 Sed,
1969 3649 2284 3732 inaequale
2330 3651 2453 3713 hoc

238 3752 472 3834 jugum
534 3759 670 3815 est:
718 3752 932 3833 aliqua
978 3757 1198 3813 tamen
1234 3771 1313 3814 ex
1359 3757 1540 3833 parte
1584 3750 1829 3833 aequale
1859 3751 2105 3830 fuisset,
2140 3753 2196 3814 si
2238 3753 2454 3816 Vacca?

246 3855 486 3918 Arcam
527 3856 776 3938 (utpote
809 3854 1156 3917 Scabellum
1187 3854 1452 3918 Domini
1468 3856 1513 3936 ⁸)
1549 3854 1936 3917 adorassent.
2026 3855 2118 3918 At
2148 3877 2356 3938 neque
2385 3856 2454 3918 in

260 3956 501 4033 Vaccis,
533 3977 654 4019 nec
684 3956 908 4034 Asina,
941 3977 1077 4019 non‘
1104 3956 1172 4018 in
1210 3956 1376 4034 Cela,
1409 3977 1529 4019 nec
1558 3957 1659 4019 vel
1695 3958 1929 4032 Corvi-3,
1962 3956 2062 4020 vel
2105 3956 2451 4029 Leonibus,-

246 4081 566 4143 nusquam
625 4059 730 4123 hic
782 4061 1073 4123 adoratio
1133 4067 1251 4138 est,
1304 4082 1441 4124 non
1491 4060 1593 4124 vel
1645 4059 1836 4123 duliae
1896 4060 2138 4143 species
2198 4060 2451 4143 aliqua:

244 4149 511 4239 nedum,
545 4163 655 4247 qui
695 4164 768 4226 in
818 4165 1007 4246 Eqaa
1050 4163 1194 4242 fuit,
1228 4163 1582 4227 devotionis
1623 4163 1830 4228 ardor.
1923 4163 2244 4227 Ardorem
2288 4163 2451 4242 dico,

243 4398 352 4447 cap.
401 4386 444 4433 8.
482 4389 505 4441 §
545 4383 794 4442 ‘Quinta'
830 4384 943 4448 Op„
989 4389 1111 4434 tom.
1148 4383 1222 4433 iii.
1257 4399 1306 4448 p.
1461 4393 1483 4424 Ρ
1546 4381 1663 4432 Jon.
1686 4384 1741 4431 ii.
1771 4382 1866 4447 10.]
2015 4448 2048 4460 ..

246 4452 357 4544 142⁵
384 4447 711 4577 algisium&
732 4529 781 4577 p.
810 4512 879 4577 9.]
1461 4468 1484 4539 3
1545 4447 1919 4578 1έέ1..νὲζ)21ἑᾝὲ.
1943 4463 2066 4498 nm·
2091 4447 2159 4513 6.]

311 4317 325 4349 ¹
365 4316 521 4383 [Vide
545 4316 671 4368 Bell.
697 4317 760 4367 de
783 4317 916 4368 Sacr.
944 4316 1100 4367 Euch.
1123 4318 1211 4367 lib.
1234 4317 1306 4368 iii.
1462 4328 1485 4351 ⁰
1597 4332 1698 4367 um.
1721 4318 1849 4367 xxii.
1875 4317 1975 4381 28.]

314 4586 336 4608 ¹¹
397 4580 421 4626 1
444 4578 576 4628 Sam.
604 4580 669 4628 vi.
697 4582 773 4628 10.
799 4578 924 4641 seq]
1466 4587 1482 4607 ⁸
1515 4317 1619 4642 [gs
1647 4580 1778 4626 xvix.
1807 4578 1995 4638 (xcviii.
2023 4578 2197 4641 Vulg.)
2224 4579 2290 4643 5.]
