3165 4959
634 357 761 420 122
1260 371 1345 418 An
1389 370 1773 418 csnmmms
1814 368 2211 416 summum

699 527 863 586 Quare
887 526 937 576 S.
953 527 1265 588 Ambrosius,
1291 541 1407 577 cum
1424 527 1734 577 Theodosius
1757 525 2039 588 Imperator
2059 525 2115 573 in
2138 524 2457 586 Presbyterio
2479 523 2651 573 sedere
2673 523 2841 585 vellet,

753 609 911 672 jussit
943 624 1060 658 eum
1092 611 1266 669 arceri,
1299 610 1487 669 dicens,
1524 609 1782 672 ‘Purpura
1815 608 2148 670 Imperatores
2170 607 2304 665 facit,
2327 621 2429 656 non
2453 605 2841 656 Sacerdote&—

765 689 912 753 [Bell.
936 690 1084 753 Apol.
1109 705 1200 753 pro
1224 689 1391 755 Resp.]
1425 705 1473 754 p.
1500 692 1577 740 32.
1616 690 1749 755 [Op.,
1773 693 1893 737 tom.
1920 689 2004 737 vii
2029 689 2122 737 col.
2148 688 2176 739 7
2181 690 2259 737 23.
2285 686 2370 751 A.]

310 796 570 872 [Testimtr
724 788 825 851 De
875 787 1232 851 Theodosio
1288 789 1382 851 ita
1441 809 1507 851 se
1565 809 1670 850 res
1731 786 1979 850 habuit.
2071 785 2432 849 Mediolani
2483 792 2629 848 tum
2677 790 2839 862 erat,

308 859 611 988 ffissgi'fm'
637 889 960 954 oblatione
989 898 1248 974 peracta
1278 889 1568 954 substitit
1611 891 1783 952 intra
1815 888 2172 968 0011001108,
2203 888 2304 950 uti
2333 909 2585 971 semper
2614 887 2842 951 solitus

636 991 708 1054 in
739 993 1025 1071 Oriente,
1058 993 1171 1056 ubi
1206 993 1447 1057 scilicet
1485 993 1660 1056 intra
1691 992 2026 1056 Cancellos
2057 991 2444 1074 Imperatori
2482 991 2680 1054 locus.
2772 990 2840 1053 Is

637 1094 994 1159 Mediolani
1038 1116 1178 1158 mos
1227 1117 1361 1159 non
1406 1102 1563 1158 erat.
1656 1094 1858 1158 Nulla
1901 1093 2074 1157 enim
2116 1092 2208 1156 ibi
2249 1092 2450 1170 sedes,
2496 1092 2624 1155 nisi
2656 1092 2841 1155 Pres-

636 1197 896 1281 byteriS.
988 1199 1252 1261 Monuit
1282 1199 1750 1280 Imperatorem
1792 1218 1869 1259 ea
1909 1196 1989 1260 de
2026 1217 2098 1259 re
2129 1195 2530 1260 Ambrosius.
2618 1195 2837 1278 Impe-

417 1306 505 1368 94
635 1308 811 1365 rator
839 1301 1124 1364 monitus
1153 1322 1230 1365 eo
1264 1323 1331 1364 se
1353 1300 1614 1383 recepit,
1641 1300 1752 1363 ubi
1782 1299 1990 1363 locata
2017 1298 2114 1361 ini
2145 1298 2327 1361 sedes
2339 1310 2387 1360 P.
2433 1296 2842 1377 Imperatoris

628 1425 922 1485 purpurae
958 1404 1103 1485 (etsi
1131 1402 1542 1469 Sacerdotem
1572 1424 1724 1466 eum
1753 1424 2037 1486 purpura
2058 1423 2191 1464 non
2221 1399 2493 1484 faceret)
2518 1401 2838 1464 Constan-

633 1507 904 1591 tinopoli
954 1515 1174 1571 tamen
1220 1507 1291 1569 in
1340 1507 1749 1589 Presbyterio
1808 1506 2023 1570 locus:
2086 1504 2444 1568 Mediolani
2491 1525 2626 1568 non
2677 1511 2835 1568 erat.

635 1610 912 1693 Regioni
958 1611 1199 1674 scilicet
1230 1610 1458 1692 cuique
1505 1631 1644 1673 mos
1690 1630 1845 1672 suus
1893 1608 2248 1691 peculiaria.
2349 1609 2476 1672 Pro
2528 1607 2836 1690 Regionis

634 1733 813 1776 more
859 1712 1209 1776 sedendum
1256 1713 1349 1776 ibi
1385 1721 1578 1796 atque
1618 1712 2066 1775 incedendum.
2158 1712 2264 1775 Ne
2310 1711 2550 1774 assistit
2579 1710 2840 1794 quidem

632 1816 850 1876 Altam?
872 1816 1271 1898 Imperator:
1322 1816 1622 1878 Etiamne
1651 1814 1825 1896 infra
1846 1815 2270 1877 Subdiaconos
2299 1814 2692 1891 amandabit,
2727 1815 2836 1897 qui

633 1917 992 1980 assistunt?
1080 1918 1226 1981 Nec
1277 1917 1643 1982 Ambonem
1691 1917 2097 1981 conscendit:
2169 1917 2471 1981 Etiamne
2531 1924 2596 1980 et
2657 1916 2835 1998 infra

632 2021 925 2084 Lectores
954 2021 1333 2104 Imperator,
1369 2022 1479 2104 qui
1508 2020 1912 2085 ascendunt?
2003 2022 2218 2088 Quam
2246 2022 2386 2085 haec
2415 2021 2627 2085 levia?
2673 2028 2748 2084 ut
2776 2021 2833 2084 is

636 2125 839 2208 major
885 2124 970 2186 sit
1019 2145 1289 2206 semper,
1345 2123 1454 2207 qui
1499 2125 1642 2188 loco
1691 2124 1909 2188 sedeat
1957 2124 2057 2187 vel
2105 2131 2252 2201 stet,
2315 2145 2443 2208 quo
2494 2124 2658 2187 alter
2706 2145 2841 2188 non

633 2232 845 2307 potest
866 2227 896 2288 ?
987 2227 1109 2289 Est
1139 2233 1204 2288 et
1234 2225 1414 2290 locus
1452 2226 1689 2308 (credo)
1727 2226 2309 2309 Constantinopoli,
2342 2226 2455 2290 ubi
2486 2228 2661 2309 Papa
2702 2227 2838 2309 ipse

632 2350 767 2392 non
813 2329 1068 2393 sedeat:
1119 2329 1173 2392 si
1227 2329 1469 2406 sedeat,
1520 2329 2038 2393 summovendus.
2128 2330 2392 2393 Poterat
2432 2337 2652 2393 tamen
2683 2330 2842 2394 Car-

634 2431 864 2494 dinalis
898 2454 937 2496 a
966 2430 1160 2497 verbo
1191 2433 1449 2496 arcendi
1478 2432 1821 2496 abstinere.
1906 2431 2204 2496 Monitus
2232 2431 2425 2496 modo
2456 2439 2589 2498 est:
2644 2431 2840 2496 verbo

635 2542 852 2599 autem
899 2535 1020 2600 hoc
1079 2536 1339 2600 arcendi
1382 2536 1587 2600 lector
1631 2535 1953 2618 intelliget
2003 2534 2189 2614 forte,
2241 2535 2422 2617 quasi
2467 2535 2562 2598 vis
2605 2536 2841 2600 Caesari

635 2639 805 2702 facta
832 2649 995 2717 tum,
1029 2639 1211 2722 quasi
1242 2639 1480 2703 Caesari
1501 2640 1642 2724 jam
1671 2639 1800 2700 vim
1829 2637 1969 2701 fieri
1997 2637 2212 2713 vellet,
2244 2639 2366 2702 hoc
2396 2638 2706 2721 exemp10.

703 2773 833 2823 Cum
846 2811 858 2823 .
878 2810 889 2822 .
908 2811 919 2822 .
936 2775 1240 2823 narravisset
1258 2773 1509 2838 Sulpitius
1532 2772 1580 2823 S.
1599 2773 1881 2823 Martinam
1897 2770 2169 2835 aliquando
2180 2770 2243 2821 ad
2269 2772 2557 2822 convivium
2572 2771 2845 2835 Imperato-

766 2856 837 2904 ris
855 2855 1072 2904 Maximi
1093 2869 1208 2904 cum
1234 2870 1335 2905 uno
1357 2870 1423 2905 ex
1444 2855 1749 2919 presbyteris
1770 2856 1873 2903 suis
1895 2858 2127 2915 rogatum
2149 2855 2426 2915 accessisse,
2451 2854 2525 2903 ita
2545 2854 2842 2917 subjunxit;

768 2939 781 2961 ‘
809 2935 1047 2985 Convivae
1086 2972 1097 2983 .
1140 2972 1151 2984 .
1191 2971 1202 2983 .
1242 2972 1253 2984 .
1290 2935 1502 2985 aderant
1536 2936 1677 2984 velut
1726 2934 1791 2985 ad
1828 2935 1965 2984 diem
1994 2935 2177 2984 festum
2200 2935 2409 2996 evocati,
2449 2936 2655 2994 summi,
2690 2939 2842 2999 atque

769 3016 991 3064 illustres
1023 3016 1138 3076 viri,
1176 3016 1441 3078 praefectus
1476 3015 1714 3078 idemque
1747 3016 1918 3064 consul
1948 3014 2168 3065 Evodius
2189 3052 2201 3064 .
2227 3053 2238 3063 .
2265 3052 2275 3063 .
2296 3053 2307 3063 .
2334 3015 2557 3065 Comites
2591 3015 2691 3065 duo
2713 3051 2725 3064 .
2751 3052 2762 3065 .
2792 3052 2803 3064 .
2829 3053 2839 3065 .

768 3097 945 3145 Frater
967 3095 1120 3157 Regis
1139 3100 1192 3145 et
1215 3095 1443 3145 Patruus.
1505 3095 1709 3144 Medius
1731 3095 1867 3144 inter
1887 3095 1979 3145 hos
1996 3095 2209 3144 Martini
2235 3095 2499 3159 Presbyter
2520 3096 2843 3146 accubuerat:

768 3177 881 3239 Ipse
901 3179 1072 3225 autem
1094 3175 1275 3225 sellula
1294 3175 1449 3238 juxta
1471 3175 1660 3238 Regem
1688 3177 1852 3238 posits
1873 3176 2176 3227 consederat.
2246 3176 2329 3227 Ad
2353 3176 2580 3227 medium
2602 3177 2705 3227 sere
2727 3193 2841 3228 con-

764 3258 973 3317 vivium,
995 3261 1054 3304 ut
1076 3256 1233 3305 moris
1250 3260 1340 3312 est,
1365 3261 1592 3319 pateram
1609 3257 1736 3320 Regi
1759 3258 1995 3307 minister
2015 3258 2217 3318 obtulit,
2249 3259 2336 3308 ille
2360 3258 2543 3308 Sancto
2564 3258 2842 3309 admodum

763 3338 1010 3401 Episcopo
1034 3335 1145 3385 dari
1168 3337 1337 3400 potius
1359 3336 1526 3400 jubet,
1559 3343 1833 3401 expectans
1868 3342 2020 3401 atque
2053 3339 2296 3395 ambiens,
2321 3343 2380 3387 ut
2410 3339 2474 3387 ab
2498 3339 2639 3388 illius
2661 3339 2844 3390 dextra

763 3419 1000 3482 poculum
1033 3420 1265 3467 sumeret.
1337 3417 1437 3467 Sed
1460 3418 1713 3468 Martinus
1745 3418 1830 3467 ubi
1857 3418 2034 3479 ebibit,
2058 3424 2286 3482 pateram
2312 3419 2612 3483 Presbytero
2635 3436 2724 3470 suo
2748 3425 2844 3470 tre-

763 3498 915 3559 didit,
944 3498 1145 3548 nullum
1175 3498 1372 3547 scilicet
1401 3494 1702 3549 existimans
1736 3499 2039 3561 digniorem,
2064 3500 2150 3563 qui
2178 3503 2295 3564 post
2328 3515 2380 3549 se
2409 3499 2586 3564 (prior)
2610 3501 2840 3552 biberet:

763 3595 854 3629 nec
888 3578 1144 3642 integrum
1175 3579 1273 3628 sibi
1304 3578 1423 3641 fore,
1454 3581 1499 3630 si
1527 3586 1616 3630 aut
1642 3580 1829 3642 Regem
1855 3580 2080 3645 [ipsum],
2115 3585 2204 3630 aut
2235 3596 2319 3631 eos
2350 3583 2439 3644 qui
2472 3596 2504 3630 a.
2536 3583 2671 3646 Rege
2700 3587 2845 3633 erant

763 3661 1002 3724 proximi,
1041 3661 1338 3723 Presbytero
1376 3662 1684 3724 praetulisset
1697 3661 1951 3725 ι1.-[Βο11.
1997 3661 2145 3724 Apol.
2187 3676 2279 3725 pro
2315 3662 2485 3726 Resp]
2520 3677 2568 3726 p.
2593 3667 2672 3713 33.
2708 3664 2843 3729 [Op.,

764 3749 885 3793 tom.
911 3744 997 3793 vii.
1030 3743 1122 3793 col.
1150 3744 1264 3794 723.
1287 3743 1349 3792 A.
1373 3742 1451 3806 Β.]
1578 3742 1582 3747 ’

312 3856 457 3984 512²]
484 3856 613 3907 Mar-
728 3842 1030 3924 Sequitur
1057 3847 1513 3924 argumentum
1546 3862 1584 3903 a
1612 3841 1884 3919 Poe-ulie,
1918 3862 2038 3905 nec
2074 3862 2248 3919 sane,
2288 3842 2417 3905 nisi
2458 3843 2530 3905 in
2558 3844 2839 3906 Martini

393 3937 421 3969 1.

703 4020 725 4051 Ρ
758 4012 1119 4076 [Προσενε-γκὼν
1149 4010 1218 4071 δὲ,
1246 4013 1405 4073 ὥσπερ
1426 4008 1591 4071 εἰώθει,
1634 4010 1701 4058 ἔν·
1782 4013 2000 4070 βασιλεῦ,
2032 4010 2193 4071 μόνοις
2223 4014 2331 4063 ἐστὶ
2356 4013 2557 4076 ἱερεῦσιν
2577 4012 2722 4070 βατά·
2742 4017 2842 4065 τοῖς

638 4081 722 4126 δον
740 4079 865 4141 παρὰ
886 4078 976 4127 τὰς
999 4078 1247 4137 κιγκλίδας
1266 4075 1544 4136 μεμένηκεν·
1565 4072 1699 4124 ἀλλὰ
1783 4076 1834 4124 δὲ
1855 4074 2023 4126 ἄλλοις
2045 4075 2237 4137 ἅπασιν,
2253 4076 2400 4127 ὅδυτό
2417 4097 2491 4138 τε,
2507 4079 2584 4126 καὶ
2606 4079 2843 4138 arama·

638 4139 786 4192 πόλιν
808 4144 833 4189 ό
854 4142 1005 4203 μέγας
1026 4140 1086 4189 ’A
1219 4158 1321 4191 σιος
1344 4142 1429 4190 οὐκ
1453 4140 1698 4201 ἐσίγησεν,
1785 4139 1894 4201 ἔξιθι
1930 4141 2104 4199 τοίνυν,
2150 4143 2229 4191 καὶ
2264 4144 2364 4192 τοῖς
2415 4141 2587 4193 ἄλλοις
2637 4145 2844 4193 κοινώνει

636 4208 751 4255 ἀλλ’
784 4208 1087 4269 ἐξεπαίδευσε
1114 4225 1144 4253 τ
1180 4225 1207 4254 ν
1236 4207 1330 4254 τὸν
1350 4203 1511 4254 τόπων
1532 4208 1697 4265 διαφο-
1783 4207 1869 4263 τῆς
1906 4203 2139 4256 στάσεως·
2181 4209 2303 4255 ἀλου
2366 4207 2406 4256 is
2453 4207 2549 4269 ’γὰρ
2590 4208 2840 4269 βασιλέας,

636 4269 740 4333 polu·
759 4272 835 4320 καὶ
856 4272 1041 4333 πρῶτον
1060 4268 1149 4331 μὲν
1164 4272 1304 4334 ἤρετο
1320 4268 1363 4319 εἴ
1377 4288 1506 4319 τινος
1520 4270 1689 4318 δέοιτο·
1776 4269 1868 4329 οὐχ
1908 4269 2058 4333 ἱερέας
2094 4272 2299 4319 τοιεί-
2346 4271 2487 4320 heod.
2525 4271 2662 4322 Hist.
2704 4272 2838 4323 Eccl.

635 4338 724 4382 τοῦ
743 4336 794 4383 δὲ
815 4334 1052 4391 βασιλέως
1075 4333 1331 4398 εἰρηκότος,
1354 4336 1415 4384 ὥς
1435 4331 1693 4397 προσμένει
1776 4333 1863 4381 lib.
1887 4349 1932 4383 v.
1956 4350 2064 4398 esp.
2090 4337 2168 4383 18.
2191 4350 2240 4397 p.
2253 4337 2362 4385 218.

633 4399 729 4456 τὴν
780 4402 876 4447 τῶν
919 4400 1054 4448 θείων
1095 4400 1363 4462 μυστηρίων
1404 4397 1691 4461 μετάληψιν,
1843 4406 1863 4436 q
1905 4399 2063 4464 [Sulp.
2111 4399 2223 4448 Sev.
2269 4399 2331 4448 de
2400 4400 2493 4448 'ita
2524 4399 2582 4448 B.
2609 4400 2839 4461 Martini,

628 4462 891 4522 ἐδήλωσεν,
944 4466 1158 4524 tironem&
1210 4466 1280 4524 τᾷ
1320 4466 1418 4511 τῶν
1466 4463 1696 4513 διακόνων
1780 4478 1884 4526 cap.
1909 4479 1994 4512 xx.
2031 4464 2142 4527 Op„
2166 4478 2248 4527 pp.
2269 4467 2380 4525 339,
2403 4464 2537 4529 340]

631 4526 873 4586 ἡγουμένῳ
912 4528 1224 4588 χρησάμενος,
1264 4527 1338 4575 ὅτι
1370 4532 1433 4576 τὰ
1472 4527 1619 4586 ἔνδον,
1660 4528 1695 4576 ὦ
