3165 4959
1016 350 1382 399 Aromemm
1425 352 1792 401 assmnsm.
2382 341 2511 403 239

304 511 580 590 (mutata
607 506 799 570 litera
828 511 894 570 et
926 505 1208 591 spiritu),
1242 512 1386 590 post
1417 507 1719 572 accedere
1752 508 1812 571 ei
1844 532 1881 570 v
1899 497 2184 587 literam,
2211 515 2372 586 tum,
2402 510 2514 593 qui

294 612 489 675 modo
525 612 665 694 jam
699 611 1064 688 advenerat,
1099 610 1407 674 decedere
1438 610 1738 694 spiritum
1770 611 2004 689 denuo,
2036 617 2112 675 ut
2144 609 2336 675 οὐσία
2365 633 2514 694 pro-

295 715 571 779 ducatur
586 723 635 778 ¹¹.
729 714 941 780 Quam
972 713 1110 777 haec
1139 715 1367 777 misera
1392 716 1589 779 sunt?
1639 737 1831 798 quam
1863 736 2099 798 magno
2129 715 2241 779 illo
2272 722 2337 779 et
2361 736 2513 779 vero

293 820 613 902 indigna?
705 819 795 881 Et
855 817 1184 881 Cardinali
1241 826 1484 897 tamen,
1545 819 1685 884 haec
1744 827 1895 883 sunt
1954 819 2333 883 Athanasii:
2400 819 2512 883 sed

294 924 512 986 miseri
540 928 605 986 et
634 918 1064 1006 ψευδωνύμου
1080 948 1099 1000 3
1145 943 1280 986 non
1308 924 1440 987 veri
1469 923 1660 1002 illius,
1692 932 1758 988 et
1788 924 2009 1007 magni
2039 923 2385 987 Athanasii
2403 935 2449 986 ⁰.

367 1069 418 1119 S.
436 1068 820 1131 Chrysostomus
837 1103 848 1116 .
865 1104 877 1116 .
896 1104 909 1115 .
925 1067 981 1115 in
996 1067 1229 1130 Liturgia
1253 1104 1264 1117 .
1290 1105 1301 1116 .
1323 1072 1366 1116 .‘
1382 1068 1744 1119 Intercessione
1769 1106 1781 1118 .
1806 1107 1817 1118 .
1843 1106 1854 1119 .
1882 1069 2181 1132 B.Virginis
2206 1107 2217 1119 .
2236 1105 2248 1118 .
2265 1107 2276 1119 .
2293 1069 2509 1132 dignum
2627 1051 2754 1114 177

430 1166 514 1201 me
535 1152 612 1201 sac
625 1151 677 1200 λ’
699 1149 1015 1214 δια-[13611.
1039 1151 1186 1214 Apol.
1210 1166 1302 1215 pro
1320 1150 1490 1216 Resp]
1513 1167 1561 1215 p.
1578 1153 1655 1202 94.
1692 1152 1825 1217 [Op.‚
1850 1157 1973 1202 tom.
1988 1153 2075 1201 vii.
2098 1152 2191 1202 col.
2212 1153 2324 1204 757.
2354 1150 2432 1216 0.]

389 1254 515 1315 Par
537 1260 635 1315 est
664 1258 882 1314 autem
912 1251 1077 1314 ratio
1108 1251 1187 1314 de
1219 1252 1662 1336 Chrysostomi
1690 1252 1974 1335 liturgia.
2063 1254 2297 1335 Neque
2329 1252 2504 1316 enim
2540 1259 2616 1322 [S.
2644 1257 2796 1321 chry-

301 1356 415 1418 illa
459 1376 498 1418 a
536 1355 744 1419 doctis
789 1354 1065 1417 habetur
1107 1376 1224 1438 pro
1267 1375 1435 1433 vera,
1466 1376 1678 1437 neque
1708 1376 1859 1418 vero
1897 1361 2115 1438 potest
2144 1376 2280 1418 non
2309 1355 2511 1418 videri
2537 1324 2685 1388 ΜΕ]

302 1458 642 1536 recentior,
685 1458 755 1520 in
801 1479 928 1540 qua
954 1457 1172 1520 Alexii
1202 1458 1619 1541 Imperatoris
1667 1458 1929 1536 menti0,
1962 1458 2280 1521 sexcentis
2320 1458 2512 1520 mini-

303 1584 486 1624 mum
527 1561 713 1623 annis
758 1561 1217 1644 Chrysostomo
1256 1561 1647 1643 posterioriS.
1738 1562 1926 1637 Tum,
1975 1562 2030 1624 si
2075 1568 2245 1624 esset
2289 1568 2512 1624 tamen

304 1687 455 1729 vera
471 1692 490 1743 ;
538 1672 605 1728 at
653 1665 831 1728 Deus
874 1663 966 1726 ibi
1009 1664 1363 1742 invocatur,
1409 1686 1543 1729 non
1590 1665 1664 1728 B.
1683 1665 1908 1746 Virgo.
1955 1665 2230 1746 Diqmcm
2259 1686 2355 1726 me
2371 1663 2510 1744 fac,

310 1767 625 1849 Confirma
655 1788 750 1830 me
777 1769 846 1829 in
880 1768 1100 1830 timore
1135 1774 1239 1830 tuo
1259 1778 1307 1845 q,
1340 1768 1481 1831 Deo
1522 1767 1777 1846 dicitur,
1809 1789 1944 1831 non
1973 1766 2250 1849 Virgini.
2345 1767 2512 1848 Sup-

304 1871 505 1954 plicat
555 1871 647 1934 ibi
697 1870 857 1954 ipsa,
910 1892 1044 1933 non
1098 1870 1494 1953 supplicatur
1539 1870 1703 1954 ipsi:
1770 1866 1958 1957 εὐχαὶ
2006 1867 2115 1932 καὶ
2162 1866 2515 1953 πρεσβείαι

307 1971 523 2054 αὐτῆς,
561 1995 699 2038 non
746 1971 907 2058 πρὸς·
951 1970 1184 2053 ati-miv:
1231 1973 1575 2056 utrobique
1622 1981 1860 2053 autem,
1893 1979 1958 2037 et
2002 1974 2073 2036 in
2116 1972 2315 2051 eoelis,
2348 1972 2513 2036 etin

306 2078 520 2154 terriS,
547 2076 910 2154 intercedit,
942 2076 1053 2160 qui
1075 2077 1212 2159 ipse
1242 2098 1376 2139 non
1406 2085 1506 2140 est
1535 2076 1953 2140 invocanduS.

375 2221 637 2285 Nyssenns
660 2259 671 2270 .
698 2258 710 2270 .
733 2258 745 2271 .
773 2258 784 2270 .
807 2222 986 2271 scribit
1010 2259 1020 2269 .
1047 2259 1059 2271 .
1085 2259 1096 2271 .
1123 2258 1135 2271 .
1163 2221 1404 2284 Gregorio
1431 2221 1847 2286 (Thaumaturgo)
1884 2223 2175 2286 apparuisse
2210 2259 2221 2270 .
2248 2257 2261 2272 .
2285 2259 2295 2270 .
2327 2220 2386 2270 B.
2404 2221 2516 2269 Vir·

440 2304 613 2367 ginem
624 2302 884 2367 '.—[Bell.
908 2301 1055 2366 Apol.
1080 2318 1170 2367 pro
1193 2302 1364 2367 Resp.]
1391 2318 1440 2366 p.
1466 2306 1544 2354 95.
1586 2303 1719 2368 [Op.‚
1742 2308 1866 2353 tom.
1889 2304 1977 2353 vii.
2001 2303 2093 2353 col.
2119 2302 2229 2354 757.
2252 2301 2338 2366 D.]

399 2405 441 2466 J
445 2426 568 2483 am,
605 2402 775 2487 quod
805 2402 1000 2465 semel
1031 2401 1323 2486 apparuit
1353 2403 1432 2465 B.
1453 2402 1677 2485 Virg0,
1712 2403 2049 2488 Nyssenus
2078 2401 2297 2464 habet.
2367 2400 2513 2463 Nec
2541 2410 2639 2476 [De
2660 2409 2768 2474 ejus

310 2507 494 2572 abest
540 2515 762 2570 tamen
810 2506 1108 2588 suspicio.
1199 2507 1355 2569 Non
1410 2506 1489 2569 de
1524 2506 1688 2588 fidei
1711 2505 2016 2586 formula,
2060 2504 2138 2567 de
2185 2525 2311 2587 qua
2358 2502 2511 2566 satis
2538 2476 2732 2590 {zagabri-

309 2609 627 2686 convenit,
660 2609 773 2673 sed
802 2609 1097 2673 miranda
1123 2610 1245 2673 hac
1276 2608 1636 2694 apocalypsi
1665 2630 1781 2692 per
1809 2608 2275 2691 B.Virginem.
2311 2608 2514 2669 Euse-
2539 2604 2590 2719 }
2616 2604 2764 2667 Greg.

306 2714 454 2776 bius
467 2712 763 2794 sormuloe
791 2711 1109 2791 meminit,
1132 2720 1196 2776 et
1228 2711 1491 2776 ascribit
1521 2712 1864 2794 integram.
1946 2712 2106 2774 Non
2137 2709 2263 2772 alio
2292 2698 2514 2771 tamen
2593 2668 2729 2734 μ’]

308 2816 452 2879 loco
486 2814 697 2892 habet,
731 2837 925 2898 quam
955 2815 1403 2899 Metaphrasin
1429 2814 1728 2897 Gregorii
1756 2813 1825 2876 in
1855 2812 2310 2888 Ecclesiasten,
2343 2810 2516 2873 inter

309 2926 701 2982 monumenta
751 2919 984 3000 inqenii
1036 2939 1167 3000 φησι
1216 2919 1491 3000 reliquit.
1587 2916 1693 2980 Sic
1742 2916 1937 2994 enim,
1985 2915 2077 2979 ibi
2125 2920 2516 2977 monumenta

307 3023 545 3104 inqenii
567 3020 694 3085 duo
714 3022 852 3085 haec
875 3020 1082 3100 modo,
1108 3029 1424 3084 memorat
1443 3047 1462 3098 3
1494 3020 1582 3082 M
1580 3021 1964 3102 etaplzrasz'n,
1987 3024 2052 3081 et
2077 3019 2517 3099 expositionem

297 3124 462 3207 fidei
494 3125 761 3188 breviter
789 3126 1076 3188 editam⁸.
1166 3124 1430 3187 Editam
1475 3132 1689 3188 autem
1739 3123 1917 3202 dicit,
1949 3143 2083 3185 non
2115 3120 2425 3184 divinitus
2456 3120 2518 3184 ei

308 3228 680 3292 revelatam.
770 3228 872 3291 De
925 3229 1317 3309 apparitione
1360 3249 1443 3291 ne
1491 3227 1790 3292 meminit
1836 3226 2113 3311 quidem,
2154 3225 2299 3308 (etsi
2345 3224 2519 3287 varia

309 3332 404 3396 ibi
434 3333 571 3415 ejus
603 3328 898 3412 θαύματα
928 3340 1384 3395 commemorat
1410 3333 1459 3417 ε)
1511 3332 1566 3394 si
1611 3339 1803 3395 certae
1847 3337 1988 3394 tum
2020 3330 2206 3392 famae
2235 3328 2334 3392 vel
2367 3327 2518 3390 fidei

380 3541 404 3565 ¹¹
438 3531 561 3599 [Ὧν
590 3534 687 3597 ’γὰρ
717 3533 800 3591 ἴση
832 3531 907 3582 τίς
939 3534 1073 3581 ἐστιν
1105 3533 1259 3588 οὐσία,
1285 3536 1375 3581 δια·
1461 3533 1618 3586 τίμιον
1649 3533 1728 3581 καὶ
1764 3531 2003 3595 ἄχραντον
2030 3531 2164 3591 σῶμά
2191 3548 2280 3578 σου
2305 3528 2372 3577 εἷς
2390 3525 2520 3575 ἴασιν

313 3598 558 3662 φερόντων
580 3595 849 3657 ἰδιωμάτων.
874 3596 972 3647 ι’σία
984 3596 1203 3658 λέγεται,
1218 3598 1376 3660 ὥσπερ
1463 3599 1622 3657 ψυχῆς
1679 3597 1756 3645 καὶ
1815 3596 2049 3655 σώματος.
2073 3622 2138 3630 —
2163 3593 2213 3642 S.
2261 3592 2518 3653 Chrysost..

319 3666 398 3712 καὶ
418 3663 530 3713 ὁσία
558 3664 637 3713 καὶ
660 3662 758 3723 μία·
786 3662 865 3710 καὶ
888 3661 1079 3725 ἐπείπερ
1107 3660 1207 3712 ι’σίιι
1228 3660 1373 3722 λέγε·
1465 3659 1661 3721 Liturg.
1691 3659 1802 3722 Op..
1821 3663 1945 3708 tom.
1971 3659 2036 3706 vi.
2062 3673 2108 3720 p.
2131 3659 2275 3705 1002.
2298 3656 2389 3715 lin.
2415 3655 2516 3720 30]

313 3748 393 3777 ται
416 3729 521 3776 κατ’
550 3726 883 3788 δτνμολογίαν,
907 3729 1059 3791 τροπῇ
1093 3728 1182 3775 τοῦ
1204 3735 1222 3774 ἵ
1244 3726 1311 3776 εἷς
1333 3731 1376 3783 ὅ,
1530 3732 1553 3763 ‘¹
1584 3721 1959 3787 [Ὁρθοτόμησον
1980 3723 2112 3780 ἡμᾶν
2135 3722 2227 3779 τὴν
2254 3720 2380 3769 ὀδόν·
2404 3721 2515 3774 στή-

316 3794 398 3841 κιιὶ
431 3792 723 3853 πλεονασμῷ
758 3793 845 3839 τοῦ
883 3795 911 3839 ὕ
951 3789 1212 3852 στοιχείου,
1242 3788 1382 3838 οὐσία
1465 3793 1591 3852 ριξον
1609 3790 1733 3848 ἡμᾶς
1757 3789 1810 3836 ἐν
1824 3790 1894 3847 τῷ
1914 3784 2054 3848 φόβῳ
2076 3803 2167 3834 σου
2184 3785 2294 3834 τοὺ,
2316 3782 2517 3833 πάντας·

318 3856 775 3968 διιὲμηῐινίσῦεται-ς
801 3857 848 3904 3.
873 3853 996 3903 ibid.
1021 3870 1069 3917 p.
1087 3857 1197 3904 394.
1215 3854 1298 3917 C.]
1469 3852 1738 3975 Ξραύρηιὲοὲ
1774 3846 2521 3973 ’ἑξῶνττὴιὲὔζωῄνκέῗῗέὲᾆαὲ

321 3985 370 4034 S.
398 3920 1386 4047 Aghazgiiiaeggazngzxgaeffipgsgnfflllfg
1472 3935 1793 4042 ⁷352}ng
1845 3933 2182 4028 aeovffd'xouxzz
2219 3974 2523 4039 ἀιιπαρθένου

319 4050 508 4105 minus.
532 4049 608 4098 De
640 4049 879 4111 Scriptor.
910 4047 1044 4096 Eccl.
1075 4049 1151 4111 (in
1174 4048 1383 4109 Athan.)
1476 4044 1657 4108 Μαρίας
1693 4046 1769 4095 καὶ
1806 4046 1996 4093 πάντων
2032 4045 2130 4091 τῶν
2166 4042 2314 4103 ἁγίων
2352 4059 2522 4090 σου.-

323 4114 436 4177 Op„
472 4118 595 4163 tom.
626 4114 712 4162 vii.
761 4113 873 4161 coll.
912 4115 990 4162 50.
1016 4111 1096 4172 D„
1132 4115 1210 4161 51.
1239 4112 1302 4162 A.
1328 4111 1388 4161 B.
1478 4109 1610 4158 lbid.
1644 4124 1693 4172 p.
1713 4111 1853 4158 1003.
1889 4108 1978 4156 lin.
1999 4106 2101 4171 27.]

324 4178 457 4227 Vide
475 4190 671 4241 quoquc
689 4177 869 4227 Baton.
890 4179 1027 4225 Anu.
1044 4176 1177 4224 Ecel.
1193 4176 1256 4226 ad
1270 4190 1387 4225 ann.
1542 4183 1561 4207 ¹
1595 4173 1752 4238 [Vide
1791 4172 1839 4220 S.
1860 4171 2010 4235 Greg.
2036 4171 2185 4233 Nysa.
2222 4169 2286 4218 de
2310 4169 2435 4219 Vita
2468 4169 2517 4218 S.

280 4288 285 4291 .
320 4245 398 4357 43.
434 4242 588 4293 Num.
614 4244 721 4292 xix.
758 4256 862 4305 seq.
899 4247 1021 4291 tom.
1046 4240 1080 4290 i.
1121 4240 1234 4290 coll.
1268 4242 1379 4289 482.
1475 4238 1984 4354 grgggssmummr'
2031 4237 2141 4298 Op„
2166 4240 2288 4284 tom.
2324 4235 2398 4282 iii.
2438 4248 2521 4297 pp.

383 4380 406 4410 Ρ
435 4306 639 4435 luam
660 4389 740 4431 μοι
761 4368 1103 4434 συγχώρησον,
1121 4370 1181 4419 ὡς
1203 4368 1379 4430 ἀγαθὸς
1532 4375 1550 4398 ⁸
1585 4303 1763 4416 Euseti.
1813 4365 1946 4414 Hist.
1971 4364 2104 4414 Eccl.
2128 4362 2238 4427 lib.]
2260 4363 2348 4412 vii.
2375 4363 2499 4428 [cap.

318 4435 399 4485 καὶ
433 4435 775 4498 φιλάνθρωπος,
815 4438 923 4485 ταῖς
967 4434 1246 4498 πρεσβείαις
1290 4435 1378 4490 τῆς
1467 4432 1544 4483 25.
1596 4431 1678 4496 [ex
1718 4431 1781 4480 ad
1821 4432 1876 4479 it.
1920 4428 2124 4489 Ruffini,
2156 4496 2167 4505 ι
2205 4465 2217 4477 .
2246 4429 2354 4478 173.
2389 4443 2487 4490 apu

318 4500 659 4613 ἔκαναέκράνᾨου
671 4518 761 4549 σου
760 4497 1173 4625 διιεὶτῖειπαρθεὲἳὲυ
1183 4496 1377 4613 uari-pat),
1465 4497 1710 4546 Auctores
1733 4495 1870 4545 Hist.
1896 4493 2030 4543 Eccl.
2057 4444 2206 4544 BasX.
2233 4493 2402 4556 1528]

382 4584 444 4613 ατ
507 4582 583 4626 pu·
615 4582 643 4612 ν
675 4583 736 4626 με
791 4585 803 4612 ι
899 4581 1048 4628 pne-ov
1151 4581 1345 4613 ασαιτ
