3165 4959
421 489 557 551 leges
577 489 633 539 in

423 552 699 603 Romanen-

422 633 499 667 ιω
521 617 674 683 latoe,]

751 317 883 378 438
1365 331 1452 377 ιι)
1495 328 1880 377 alumnus
1922 326 2320 375 namnum

755 488 1175 550 calumniandi
1225 485 1477 549 nullum
1533 484 1847 548 faceretis.
1951 482 2306 547 Prohibent
2381 484 2665 546 forenses
2727 486 2950 567 Leges,

729 596 734 597 ⁷
752 589 919 672 apud
937 608 1073 667 nos,
1094 590 1356 671 hospitio
1376 590 1650 669 recipere
1665 585 1982 667 sacrificos
2001 593 2263 663 vestros,
2275 585 2609 666 prohibent
2629 586 2954 650 vobiscum

749 693 1159 771 reconciliari,
1192 692 1291 755 vel
1321 692 1539 754 Missoe
1578 693 1889 754 interesse.
1980 690 2135 753 Non
2166 689 2234 751 id
2263 687 2357 751 ita
2384 688 2644 770 quidem
2686 711 2951 773 semper.

749 799 852 860 An
861 817 978 860 nos
1006 797 1149 879 plus
1166 794 1399 879 viginti
1422 814 1710 858 accessus
1725 794 1854 856 huc
1870 790 2035 856 liber
2049 790 2355 872 sacrificis
2376 819 2394 852 :
2428 812 2550 855 nec
2570 813 2765 855 sacra
2785 814 2951 856 more

751 904 957 962 vestro
1000 919 1359 981 procurare,
1403 897 1516 975 ita,
1546 904 1624 960 ut
1661 898 1820 979 jam,
1863 894 2156 979 capitale.
2250 895 2370 958 Rei
2415 895 2554 978 ejus
2593 896 2766 960 ratio
2797 918 2953 979 saepe

746 1001 932 1065 nobis
974 1000 1243 1064 reddita.
1320 1000 1486 1063 Tum
1530 999 1814 1077 demum,
1847 1019 1994 1062 cum
2026 999 2455 1082 exploratores
2481 998 2589 1061 hic
2620 999 2954 1063 Pontifici:

747 1125 882 1168 esse
927 1111 1278 1187 coeperunt,
1303 1102 1465 1186 jussi
1497 1103 1727 1185 Regno
1756 1101 2078 1179 excedere,
2113 1121 2230 1163 nec
2276 1100 2573 1183 deinceps
2613 1101 2795 1165 intro
2835 1102 2954 1165 huc

747 1209 971 1290 pedem
1001 1207 1187 1271 ferre.
1281 1207 1409 1270 Sed
1440 1226 1649 1288 neque
1676 1206 2071 1268 reconciliari
2107 1204 2288 1267 vobis
2329 1204 2736 1287 permissum,
2782 1214 2955 1288 post-

746 1332 935 1394 quam
968 1318 1362 1394 compertum
1392 1309 1795 1372 reconciliare
1837 1307 1958 1371 hoc
2005 1316 2310 1386 vestrum,
2357 1306 2530 1370 haud
2573 1308 2754 1372 aliud
2801 1309 2949 1392 quid

745 1437 899 1495 esse,
949 1437 1139 1498 quam
1195 1422 1452 1501 partem,
1500 1413 1683 1477 vobis
1743 1414 1973 1491 facere,
2030 1411 2234 1495 Regia
2285 1411 2408 1475 fide
2456 1413 2720 1491 solvere,
2776 1414 2950 1477 vobis

745 1520 1058 1583 addicere.
1165 1520 1426 1582 Partem
1473 1516 1648 1603 dien,
1709 1537 1850 1599 quae
1909 1514 2170 1598 quidem
2229 1514 2469 1597 pacatis
2529 1514 2725 1578 rebus
2787 1516 2946 1580 nihil

744 1629 1029 1686 moveret
1053 1648 1072 1700 3
1116 1620 1230 1684 ubi
1259 1628 1481 1684 exorta
1514 1619 1764 1697 seditio,
1796 1617 1909 1681 ubi
1952 1616 2196 1680 bellum
2234 1624 2571 1680 externum
2601 1616 2950 1701 ingrueret,

743 1726 1160 1789 secessionem
1188 1723 1270 1787 ad
1298 1746 1408 1787 vos
1436 1722 1692 1801 faceret,
1712 1720 1923 1804 copias
1952 1741 2097 1782 suas
2126 1740 2271 1782 cum
2301 1718 2485 1782 hoste
2507 1721 2946 1804 conjungeret.

743 1829 1110 1910 Postquam,
1142 1848 1274 1890 uno
1313 1847 1482 1890 anno
1527 1825 1719 1908 (quod
1762 1832 1980 1887 tamen
2022 1823 2408 1904 Campianus
2454 1822 2728 1905 gloriose
2775 1845 2949 1888 men-

741 1931 917 2010 titus)
974 1930 1179 1992 decem
1222 1929 1421 1991 millia
1465 1928 1548 1991 ad
1592 1936 1801 2010 partes
1843 1932 2083 1989 vestras
2128 1931 2489 2007 aggregata.
2580 1924 2826 2003 Etiam,
2872 1925 2949 1988 ad

742 2034 981 2095 Missas
1036 2042 1276 2094 vestras
1334 2031 1669 2113 angulares
1728 2049 1964 2112 magna
2021 2027 2462 2105 conniventia,
2540 2028 2717 2106 dum,
2785 2029 2951 2111 quod

742 2134 1211 2197 Sacramentum
1257 2134 1521 2213 pietatis
1579 2153 1715 2195 esse
1767 2131 2060 2208 debebat,
2109 2130 2178 2193 id
2238 2151 2490 2213 quoque
2542 2141 2946 2213 compertum

738 2238 1047 2301 vinculum
1077 2237 1428 2318 iniquitatis
1458 2256 1614 2298 esse.
1679 2236 1836 2298 Non
1865 2253 2017 2316 ergo
2052 2234 2200 2315 (qua
2224 2233 2616 2313 Sacerdotes)
2655 2242 2953 2298 arcentur

737 2339 845 2402 hic
887 2341 1029 2422 lege
1067 2339 1200 2402 ulla
1243 2338 1524 2417 Curiata,
1558 2339 1669 2403 sed
1711 2339 1860 2420 (qua
1887 2338 2331 2419 exploratores)
2371 2345 2445 2399 ut
2475 2337 2584 2420 qui
2600 2336 2795 2418 faces
2825 2339 2953 2403 sint

739 2451 805 2508 et
836 2443 1096 2527 flabella
1127 2443 1215 2505 ad
1239 2443 1619 2521 seditionem,
1644 2440 1904 2505 interim
1935 2440 2092 2504 dum
2121 2448 2442 2524 pertusam
2476 2441 2638 2524 Regi
2668 2441 2955 2506 reddunt

740 2548 1144 2612 subditorum
1204 2547 1417 2626 fidem,
1480 2546 1636 2609 dum
1684 2546 1923 2608 alienos
1982 2544 2063 2608 ab
2123 2545 2250 2608 Illo
2307 2544 2603 2623 reddunt,
2660 2545 2953 2610 addictos

740 2652 1058 2716 Pontifici.
1149 2652 1324 2713 Nam
1355 2649 1557 2732 quid?
1601 2655 1937 2732 postquam
1962 2647 2259 2711 Boreales
2282 2647 2489 2711 turbae
2518 2648 2624 2710 hic
2656 2669 2695 2711 a
2723 2650 2850 2714 Pio
2868 2651 2948 2712 V.

658 2802 662 2806 .
737 2754 1090 2832 concitatae,
1141 2761 1548 2816 exauctorata
1609 2752 1827 2814 statim
1876 2751 2128 2833 Regina
2147 2761 2195 2830 5,
2242 2751 2419 2814 eccui
2477 2749 2751 2814 dubium
2817 2774 2950 2817 csse
3010 2781 3017 2787 ·

492 4290 622 4350 318

735 2864 1005 2939 poterat,
1037 2857 1254 2920 hostili
1299 2877 1410 2919 vos
1450 2855 1667 2918 animo
1706 2854 1778 2917 in
1812 2855 1995 2932 Eam,
2040 2854 2111 2916 in
2155 2875 2273 2918 nos
2319 2853 2506 2917 esse?
2597 2855 2949 2938 Postquam

736 2958 920 3042 signa
949 2959 1278 3023 Pontificis
1310 2966 1374 3022 et
1402 2958 1715 3041 manipuli
1744 2958 1814 3019 in
1841 2957 2222 3021 Hiberniam
2253 2956 2522 3040 expositi
2544 2967 2586 3035 ⁸,
2606 2967 2950 3042 postquam

735 3070 953 3143 aperto
985 3063 1200 3125 Marte
1223 3082 1325 3124 res
1354 3061 1446 3124 ibi
1477 3069 1675 3143 gesta,
1706 3060 1887 3123 ‘eccui
1916 3059 2185 3123 dubium
2214 3069 2357 3122 tum
2387 3059 2686 3142 quoque?
2763 3051 2951 3124 ⁸Pon-

732 3163 908 3241 tifex,
963 3164 1017 3226 si
1068 3165 1281 3242 hostis,
1338 3165 1425 3247 (et
1477 3166 1731 3242 hostem,
1771 3164 1879 3252 ,uti
1922 3164 2115 3242 vides,
2167 3184 2233 3226 se
2285 3163 2681 3246 argumentis
2726 3164 2953 3228 multis

732 3265 1029 3344 declarat,
1079 3267 1336 3329 interna
1378 3267 1747 3346 rebellione,
1798 3275 2062 3330 externa
2103 3267 2480 3347 invasione),
2519 3274 2585 3329 et
2626 3266 2745 3345 illi,
2792 3289 2953 3351 quos

731 3367 1079 3430 summittit
1124 3368 1272 3447 huc,
1314 3368 1629 3452 manipuli
1684 3368 2122 3448 Sacerdotum,
2175 3369 2489 3452 (homines
2539 3368 2634 3430 illi
2673 3367 2951 3434 devotis-

732 3470 920 3553 simi,)
979 3492 1194 3535 annon
1252 3473 1519 3534 hostium
1575 3472 1718 3535 loco
1765 3471 2095 3536 habendi?
2156 3472 2530 3555 praesertim,
2582 3472 2692 3555 qui
2735 3475 2951 3556 rogati

732 3594 915 3656 saepe,
948 3573 1002 3636 si
1034 3575 1384 3638 exercitum
1414 3574 1770 3639 Pontifex
1753 3597 1823 3636 ιιι
1856 3576 2099 3659 Regem
2141 3575 2422 3653 duceret,
2463 3576 2594 3638 utri
2633 3575 2947 3655 faverent,

730 3676 909 3758 Περὶ,
942 3698 1025 3738 an
1055 3677 1382 3757 Pontifici.
1375 3679 1403 3725 9
1448 3698 1596 3740 cum
1628 3679 1933 3761 Ponttfice
1961 3678 2208 3742 futuros
2240 3699 2326 3756 se,
2376 3678 2456 3742 ab
2487 3678 2598 3742 illo
2642 3686 2944 3758 staturos,
3038 3731 3043 3736 .

731 3778 1195 3861 responderint.
1285 3779 1523 3863 Ecquis
1565 3779 1829 3843 tandem
1874 3780 2032 3858 Rex,
2080 3781 2191 3863 qui
2228 3781 2581 3896 peregrinae
2638 3783 2949 3863 potestati

732 3881 1005 3960 faveant,
1037 3882 1169 3946 imo
1199 3882 1400 3946 dediti
1430 3903 1502 3945 ac
1529 3882 1718 3964 plane
1747 3882 1959 3946 devoti
1999 3892 2168 3961 sunt,
2203 3884 2314 3966 qui
2343 3883 2632 3946 subditos
2676 3905 2827 3947 suos
2872 3885 2945 3948 in

733 3993 943 4066 partes
991 3985 1374 4048 adversarias
1432 3985 1824 4068 pertrahant,
1879 3986 2047 4048 sinat
2091 3986 2163 4048 in
2211 3986 2356 4048 sinu
2402 4006 2518 4049 suo
2573 3984 2947 4051 nidificare:

731 4108 864 4150 non
913 4095 1128 4151 caveat
1157 4088 1409 4165 Edicto,
1440 4108 1524 4151 ne
1558 4087 1686 4151 illis
1726 4089 1807 4151 ad
1837 4088 2112 4152 ditiones
2142 4109 2286 4152 suas
2316 4088 2632 4166 accedere,
2665 4109 2750 4152 ne
2782 4089 2949 4154 inibi

732 4190 1040 4274 hospitari
1069 4191 1394 4275 integrum
1438 4191 1569 4254 sit?
1658 4193 2087 4256 Reconciliare
2115 4213 2282 4271 ver0,
2316 4191 2487 4275 quod
2516 4200 2632 4270 est,
2656 4191 2948 4257 hostium

733 4300 944 4373 partes
988 4315 1239 4378 augere,
1272 4315 1416 4358 suas
1443 4294 1843 4374 labefactare,
1868 4296 2038 4359 hosti
2068 4295 2306 4359 milites
2349 4295 2769 4373 conscribere,
2805 4298 2949 4380 quis

799 4472 817 4500 r
859 4461 1019 4522 [Vide
1054 4459 1297 4512 Camdeni
1334 4464 1519 4513 Annal.
1559 4463 1624 4513 ad
1664 4480 1780 4514 ann.
1941 4473 1959 4496 ⁸
1997 4463 2261 4528 [camdeni
2302 4465 2481 4515 Annal.
2523 4463 2587 4514 ad
2631 4479 2751 4514 ann.
2798 4467 2943 4516 1579.

734 4522 874 4570 1569.
899 4537 1003 4582 par.
1025 4527 1055 4573 i.
1081 4541 1127 4586 p.
1147 4526 1277 4586 166.]
1875 4543 1980 4591 par.
2009 4530 2063 4578 ii.
2087 4544 2134 4592 p.
2163 4529 2297 4591 802]
