3165 4959
325 1968 436 2033 [nec
460 1967 601 2030 quasi

320 2049 400 2082 res
423 2039 558 2081 certa

321 2103 466 2153 esset,
484 2103 537 2147 et
560 2096 624 2146 de

321 2162 433 2211 fide.
444 2161 465 2224 ]

648 335 733 395 56
1276 349 1360 397 AD
1404 348 1791 396 caum->faus
1835 346 2233 395 BELLARmNI

648 504 793 565 illos
826 510 891 565 et
934 503 1097 566 serio
1128 503 1503 566 invocarent
1529 502 1556 565 ?
1646 503 1733 565 Et
1765 501 1928 566 serio
1958 509 2179 565 tamen
2227 500 2585 564 afferuntur
2631 522 2669 563 a
2699 498 2858 563 Car-

650 606 880 685 dinalc,
914 613 979 670 et
1024 606 1218 670 fidem
1261 629 1296 669 e
1326 607 1561 688 fiyuris
1607 606 1898 683 exstruit,
1932 612 1998 668 et
2031 628 2106 668 ex
2139 605 2556 685 Apostrophis
2598 602 2861 666 invoca·

646 710 911 773 tionem.
991 710 1191 775 Quasi
1219 710 1384 788 ideo,
1417 711 1747 787 Pietatem,
1773 710 2044 786 Pascha,
2067 709 2313 789 Aquam
2344 707 2681 788 Baptismi,
2715 706 2862 787 quis

645 813 1065 876 invocandam
1114 821 1397 877 censeat:
1455 813 1647 896 quod,
1690 812 1925 875 alicubi
1957 811 2276 874 Eusebius
2296 821 2315 848 ²
2348 809 2685 886 Pietatem,
2719 810 2863 871 Na-

646 916 1023 979 zianzenusa
1054 917 1316 993 Pascha,
1348 912 1768 979 Ambrosiusb
1801 914 2062 997 Aquam
2097 913 2432 997 Baptismi,
2475 912 2858 994 alloquatur.

733 1020 877 1082 Nec
936 1040 1087 1101 crgo
1142 1019 1221 1082 cle
1269 1019 1394 1081 fide
1442 1017 1746 1081 Ecclesiae
1798 1017 1992 1080 fidem
2052 1017 2300 1079 faciunt
2357 1016 2540 1079 haec:
2608 1036 2748 1089 nec,
2801 1014 2862 1075 si

647 1124 983 1206 Nyssenus
1026 1122 1381 1200 Theodoro,
1426 1123 1586 1205 Coye
1622 1123 1874 1184 chorum
1919 1122 2319 1202 Martyrum⁰
2341 1146 2358 1180 .·
2406 1118 2864 1182 Nazianzenus

648 1228 988 1311 Cypriano,
1054 1228 1312 1309 Respice
1372 1227 1447 1288 de
1506 1223 1738 1289 coelod:
1819 1224 2255 1307 Hieronymus
2316 1223 2550 1300 Paulae,
2618 1222 2768 1283 Vale
2822 1243 2860 1282 ο

648 1333 930 1394 Paulae:
1003 1332 1330 1394 Maximus
1389 1329 1655 1413 Agneti,
1712 1329 1933 1409 Itaque
1980 1349 2015 1390 ο
2074 1328 2401 1409 splendida
2451 1324 2671 1408 viv-yos,
2712 1332 2857 1403 etc„

650 1435 997 1498 Oratorum
1052 1455 1250 1511 more,
1301 1454 1414 1516 per
1462 1434 1959 1514 prosopopoez'am
2018 1431 2293 1494 dixerint
2310 1458 2328 1508 ;
2404 1431 2471 1494 id
2531 1431 2655 1494 alio
2713 1432 2860 1494 loco

646 1539 1038 1617 habendum,
1074 1561 1266 1623 quam
1310 1537 1600 1602 Oratoris
1640 1537 1819 1611 illud,
1862 1537 1914 1597 Ο
1953 1537 2178 1599 Marce
2212 1538 2439 1614 Druse,
2488 1542 2547 1598 te
2591 1538 2856 1617 appella.

647 1644 811 1721 Nec,
846 1643 900 1705 si
934 1644 1242 1705 Paulinus
1284 1641 1536 1725 poetica
1564 1640 1828 1703 licentia
1870 1662 2026 1702 usus
2069 1648 2165 1702 est
2185 1665 2203 1714 ;
2249 1639 2318 1702 id
2358 1640 2543 1703 aliter
2589 1638 2860 1722 accipiat

650 1747 904 1822 Lector,
940 1767 1131 1828 quam
1172 1745 1332 1808 illud
1362 1745 1614 1807 Poctae:
1661 1743 1869 1805 Audis
1899 1745 2026 1804 lzaec
2067 1742 2451 1827 Amphiarae
2479 1742 2591 1805 sub
2622 1749 2861 1805 terram

651 1849 915 1911 abdite?

735 1952 931 2028 Nam,
974 1972 1094 2015 nec
1140 1952 1251 2015 Illi
1301 1952 1442 2035 ipsi,
1494 1952 1604 2034 qui
1652 1952 1745 2014 ita
1785 1951 2270 2035 compellarunt,
2302 1951 2489 2015 aliter
2524 1972 2592 2014 se
2629 1952 2860 2015 sinunt

648 2054 963 2137 intelligi:
1010 2055 1301 2119 fatentur
1342 2055 1515 2118 enim
1559 2054 1834 2118 subinde
1882 2053 2127 2118 nescire
2169 2076 2255 2133 se,
2288 2077 2371 2117 an
2411 2054 2548 2117 haec
2590 2056 2861 2119 audiant

649 2157 715 2236 ii,
751 2179 908 2242 quos
945 2158 1039 2220 ita
1068 2158 1475 2240 compellant.
1566 2157 1652 2220 In
1689 2180 1805 2220 sua
1834 2156 1915 2219 ad
1963 2158 2326 2221 Constantii
2367 2157 2650 2221 animam
2680 2160 2860 2243 Apo-

651 2262 930 2344 strophe,
985 2260 1436 2324 Nazianzenus
1487 2261 1843 2344 subjungit,
1876 2261 2069 2323 Audi
2117 2267 2203 2339 tu,
2266 2259 2326 2324 εἴ
2378 2286 2476 2329 τις
2522 2260 2858 2347 αἴσθησις,

650 2366 864 2446 Siquis
894 2365 1154 2427 istorum
1184 2365 1297 2426 tibi
1327 2385 1539 2426 sensus
1568 2365 1652 2426 sit
1664 2375 1710 2425 g.
1804 2365 1915 2426 An
1951 2370 2118 2428 esset
2165 2385 2337 2447 erg0,
2369 2364 2615 2428 nescire
2646 2366 2819 2428 visus
2844 2393 2859 2430 :

654 2467 889 2531 dubius
921 2467 1171 2545 saltem,
1203 2488 1325 2531 nec
1354 2467 1488 2530 ulla
1517 2467 1576 2531 ei
1608 2489 1683 2531 ea
1712 2465 1790 2530 de
1821 2490 1891 2530 re
1923 2468 2110 2550 fidesu
2203 2468 2368 2530 Tum
2408 2468 2478 2531 in
2512 2468 2862 2552 Gorgoniae

655 2573 887 2635 sororis
941 2570 1197 2634 funebri
1250 2568 1308 2633 εἰ
1364 2572 1490 2634 τῶν
1547 2567 1852 2634 τοιούτων
1902 2567 2442 2647 ἐπαισθάνεσθαι,
2496 2572 2554 2634 si
2615 2573 2866 2636 Sancta?

653 2678 873 2738 animae
903 2677 1031 2737 Izoec
1061 2676 1217 2736 talia
1246 2672 1768 2756 persentiscunth.
1830 2674 2098 2752 Quodsi,
2132 2674 2207 2736 de
2231 2674 2366 2754 fide
2394 2675 2560 2738 foret
2590 2675 2732 2754 hoe,
2765 2678 2865 2740 vel

653 2781 791 2863 ipse
845 2779 925 2842 de
984 2801 1060 2842 eo
1127 2787 1361 2857 certus»,
1420 2800 1754 2862 nunquam
1815 2775 1907 2840 sic
1964 2778 2334 2861 loqueretur
2385 2776 2863 2844 Nazianzenus.

658 2883 837 2944 Scias
883 2902 1056 2966 crgo,
1087 2882 1159 2944 in
1194 2881 1274 2944 iis
1319 2879 1655 2963 indulgere
1692 2880 1985 2943 affectui:
2036 2880 2385 2943 Rhetorem
2427 2903 2613 2964 agere
2657 2884 2866 2967 magis

657 3007 850 3067 quam
894 2984 1287 3066 theologum.
1379 2985 1663 3060 Etenim,
1715 2984 1769 3047 si
1817 2985 1980 3047 serio
2029 2983 2141 3061 ibi,
2198 2983 2507 3067 (quisquis
2553 2984 2865 3050 orationis

656 3070 828 3148 illius
872 3094 1094 3149 auctor
1132 3086 1277 3169 fuit.)
1330 3087 1383 3149 si
1427 3087 1780 3150 Rhetorem
1829 3110 1961 3149 non
2009 3094 2245 3170 ageret,
2290 3109 2373 3150 an
2420 3088 2580 3171 quiS,
2629 3090 2725 3172 (ut
2772 3090 2869 3153 ibi

721 3283 740 3305 ¹
789 3273 1247 3360 [ast‘b'f'kfssfl‘i‘
1278 3277 1356 3324 καὶ
1376 3274 1715 3352 ,φιλανθρωπία

657 3340 1430 3468 saz?⁹zoe.f‘2zz‘3¹¹aa{3¹
1466 3340 1716 3453 {aaa

657 3471 918 3520 Constant.
950 3469 1038 3518 lib.
1064 3484 1112 3517 v.
1142 3468 1275 3582 Scap.
1302 3472 1380 3517 21.
1416 3484 1467 3531 p.
1490 3468 1629 3531 708]

723 3543 744 3566 ⁸
779 3532 873 3648 E'n
904 3534 1079 3595 πάσχα
1111 3553 1140 3582 τ
1192 3532 1322 3595 μέγα
1356 3536 1437 3583 καὶ
1473 3534 1613 3597 ἱερὸν,
1639 3534 1715 3582 καὶ

654 3618 779 3649 rav-r
808 3618 831 3649 ς
867 3600 955 3648 τοῦ
1000 3599 1182 3659 κόσμου
1199 3601 1481 3662 ’καθάρσιοψ
1526 3599 1586 3648 ὥς
1621 3599 1718 3662 ’γὰρ

656 3663 856 3727 ἐμψύχῳ
873 3683 949 3715 σοι
972 3664 1380 3724 &naitonum—S.
1397 3663 1545 3721 Greg.
1566 3618 1718 3726 Naz.]

656 3729 791 3779 Orat.
812 3729 972 3858 {xlii}
1002 3730 1075 3792 (in
1092 3729 1267 3779 Pasch.
1280 3730 1355 3792 ii.)
1376 3728 1508 3793 [()p.,
1536 3733 1658 3776 tom.
1681 3729 1711 3775 i.

653 3798 840 3923 p.g39[(};
860 3795 1080 3922 (atqua,
1116 3873 1228 3922 quoe
1266 3857 1489 3907 humano
1516 3857 1713 3920 adsper-

654 3938 765 3971 sum
789 3925 1048 3985 sanguine,
1072 3930 1131 3972 ut
1154 3924 1481 3986 praesentium
1505 3923 1714 3971 lavacro-

655 4003 767 4037 rum
804 3987 965 4050 figura
1004 3988 1322 4051 praecederet,
1358 3987 1529 4037 orbem
1567 3991 1716 4035 terra-

655 4067 767 4101 rum
792 4053 994 4108 lavisti;
1034 4055 1075 4100 O
1107 4067 1251 4114 aqua,
1292 4067 1404 4114 quae
1442 4066 1716 4101 sacramen-

653 4124 763 4165 tum
798 4117 987 4166 Christi
1021 4132 1125 4166 esse
1157 4119 1404 4176 meruisti,
1440 4132 1552 4178 qum
1582 4117 1718 4165 lavas

653 4183 838 4241 omnia,
893 4198 985 4231 nec
1024 4183 1247 4241 lavaris,”
1289 4183 1500 4230 etc-S.
1534 4180 1713 4243 Amb.]

655 4248 709 4294 iu
735 4247 852 4296 Luc.
876 4247 964 4296 lib.
996 4262 1045 4294 x.
1082 4262 1186 4309 cap.
1217 4249 1293 4294 22.
1337 4247 1460 4310 [leg.
1489 4248 1566 4295 48.
1605 4248 1715 4309 Op„

651 4316 775 4359 tom.
802 4313 833 4359 ἰ.
860 4311 951 4360 col.
978 4313 1118 4360 1514.
1156 4313 1216 4359 A.
1238 4310 1321 4373 B.]

719 4375 900 4438 [“Αν
933 4376 1072 4438 χρεία
1111 4375 1313 4436 ’γένηται
1359 4378 1447 4434 τῆς
1493 4375 1714 4425 πλείονος

655 4439 903 4498 δυσωπίας,
936 4440 1155 4502 ἄθροισον
1186 4440 1273 4489 τὸν
1310 4442 1456 4503 χόρον
1488 4443 1582 4488 τῶι
1618 4444 1716 4490 σῶν

655 4504 874 4565 ἀδελφῶν
906 4504 1002 4551 τῶν
1033 4503 1293 4565 μαρτύρων,
1330 4507 1406 4568 agal
1442 4507 1569 4565 μετὰ
1602 4504 1714 4554 πείν-

654 4586 749 4614 των
796 4569 999 4627 δεήθητι.
1007 4567 1120 4615 —S.
1156 4568 1302 4629 Greg.
1352 4569 1499 4630 Νρεει.
1551 4569 1612 4618 de
1664 4571 1713 4618 S.

1805 3275 2079 3325 Theodoro.
2115 3279 2224 3340 Op„
2259 3280 2379 3327 tom
2417 3277 2489 3326 iii.
2527 3293 2574 3340 p.
2609 3280 2718 3328 536.
2755 3278 2847 3342 A.]

1868 3340 2088 3468 :gvide
2111 3356 2346 3404 suprmp.
2374 3346 2452 3392 54.
2476 3349 2628 3392 note⁸²
2633 3342 2667 3406 .]

2011 3407 2148 3465 Vale,
2173 3406 2214 3455 O
2252 3405 2422 3465 Paula,
2466 3414 2517 3456 et
2551 3408 2762 3457 cultoris
2788 3408 2867 3456 tui

1802 3456 2038 3519 ultimam
2057 3476 2364 3520 senectutem
2383 3472 2870 3535 orationibus-iuva?

1802 3535 1915 3584 ——S.
1946 3535 2085 3584 Hier.
2125 3536 2202 3598 Ep
2171 3552 2216 3598 p.
2251 3538 2386 3585 cviii.
2413 3536 2653 3599 Va11.(a1.
2680 3539 2865 3600 xxvii.)

1802 3598 1865 3647 ad
1892 3600 2124 3649 Eustoch.
2159 3600 2201 3650 E
2205 3600 2396 3663 pitaph.
2435 3600 2619 3661 Paulae,
2642 3607 2759 3650 sect.
2785 3606 2868 3652 33.

1804 3663 1913 3726 Op.
1935 3669 2055 3713 tom.
2080 3666 2115 3713 i.
2149 3666 2242 3714 col.
2275 3667 2387 3716 718.
2423 3665 2506 3728 C.]

1952 3729 2078 3778 Vide
2101 3745 2263 3793 supra,
2288 3745 2336 3793 Ρ.
2358 3732 2434 3784 54.
2461 3734 2578 3780 note
2594 3730 2665 3794 ¹⁵¹.]

1866 3801 1890 3832 ⁸
1970 3801 2122 3844 Ακουε
2163 3796 2240 3843 καὶ
2275 3796 2305 3854 ἢ
2349 3798 2438 3844 τοῦ
2480 3795 2699 3857 μεγάλου
2741 3803 2870 3845 Kam-

1791 3858 2027 3917 ffnwrlov
2063 3859 2213 3922 ψυχὴ,
2249 3862 2296 3907 εἴ
2321 3879 2395 3910 τις
2418 3861 2646 3920 αἴσθησις,
2680 3861 2787 3909 ὅσαι
2811 3881 2869 3911 τε

1801 3923 2101 4048 3ἶέὐῆἒῖ
2111 3930 2262 4038 '‘53‘3?
2264 3926 2351 4036 ‘13⁶2'
2359 3988 2379 4051 ]
2395 3924 2719 4038 ῗὲῗιόέἷῖἑζῖἶῖ
2725 3926 2870 4054 (6123,

1803 4057 1925 4122 tom.
1953 4053 1984 4101 i.
2010 4067 2057 4115 p.
2087 4057 2162 4103 50.
2200 4053 2291 4116 A.]

1868 4115 1892 4150 ¹²
1930 4116 2013 4180 [Εἴ
2029 4117 2079 4167 δέ
2103 4137 2175 4168 τις
2193 4120 2269 4167 σοὶ
2294 4119 2373 4168 καὶ
2389 4119 2487 4167 τόν
2507 4118 2748 4181 ἡμετέρων
2763 4122 2869 4168 ἔστι

1805 4191 1863 4230 λυ
1841 4181 1968 4243 ὀ,γος
2019 4184 2097 4232 καὶ
2143 4186 2287 4231 τοῖτο
2337 4186 2440 4232 ταῖς
2488 4184 2641 4234 ὁσίαις
2690 4188 2868 4246 ψυχαῖς

1803 4247 1860 4295 ἐκ
1910 4250 2032 4296 Θεοῦ
2084 4247 2230 4311 γέρας
2278 4249 2375 4295 τῶν
2433 4248 2659 4297 τοιούτων
2709 4251 2868 4299 grato·-

1802 4309 2037 4369 θάνεσθαι,
2058 4312 2223 4375 δέχοιο
2248 4314 2324 4362 καὶ
2347 4316 2435 4361 τὸν
2450 4314 2679 4376 ἡμέτερον
2699 4312 2868 4374 λόγον.

1800 4377 1913 4424 -S.
1952 4377 2098 4439 Greg.
2135 4377 2258 4426 Naz.
2294 4379 2432 4426 Orat.
2468 4379 2537 4427 xi.
2573 4380 2628 4427 in
2664 4378 2866 4427 laudem

1801 4442 1983 4492 sororis
2004 4458 2107 4491 suae
2131 4441 2412 4505 Gorgoniae.
2448 4442 2557 4506 Op„
2581 4448 2702 4493 tom.
2724 4443 2758 4492 i.
2781 4459 2866 4508 pp.

1804 4508 1911 4554 189.
1935 4506 1996 4556 Ι).
2023 4509 2131 4556 190.
2154 4508 2245 4571 A]
