3165 4959
724 321 855 382 428
1355 334 1439 380 AD
1483 332 1866 380 CARDINAms
1909 331 2308 379 Bmmmm

726 491 897 568 velit,
944 511 1067 554 nee
1109 489 1237 553 nisi
1271 490 1506 571 populo
1549 489 1877 551 mediante.
1969 488 2136 551 Tum
2171 486 2564 570 paradoxum
2610 485 2950 568 paradoxo

726 594 1033 657 cumulat.
1124 594 1213 655 Et
1273 591 1628 655 Matthiam
1687 592 1898 674 ipsum
1959 589 2341 672 Apostolum
2401 584 2577 667 dicit,
2633 609 2771 652 non
2821 610 2950 671 per

726 697 768 760 J
772 719 951 760 esum
983 696 1313 760 Christum
1360 695 1750 774 immediate,
1784 702 1849 758 et
1891 695 2093 756 Deum
2137 695 2417 771 Patrem,
2455 694 2562 775 qui
2599 694 2947 755 suscitavit

723 822 858 862 eum
899 821 938 862 a
977 800 1258 877 mortuis,
1290 798 1403 861 sed
1435 799 1514 860 ab
1542 798 1907 875 hominibus,
1939 805 2005 860 et
2040 818 2164 878 per
2191 799 2466 859 homines
2481 809 2532 875 q,
2564 797 2945 877 Apostolum

720 905 976 965 electum
997 930 1016 964 :
1050 902 1249 965 Proin
1277 923 1412 964 non
1440 902 1827 982 Apostolum,
1860 920 2008 963 eum
2037 898 2106 962 id
2135 900 2428 980 Apostoli
2456 899 2793 985 proprium
2824 899 2940 975 sit,

719 1003 976 1085 ἅμέσως
1006 1027 1045 1067 a
1074 1006 1217 1068 Deo
1247 1003 1589 1086 designari.
1682 1002 1835 1080 Ubi,

1256 1139 1449 1203 Populo
1470 1143 1529 1190 nt
1550 1139 1807 1204 placerent
1829 1154 1952 1203 quas
1975 1139 2172 1189 fecisset
2193 1138 2386 1203 fabulas
2395 1149 2429 1200 r,

723 1259 938 1323 neseio
989 1280 1148 1343 quas
1203 1258 1526 1321 electiones
1580 1265 1647 1321 et
1693 1258 2157 1338 praeelectiones
2207 1266 2669 1325 commemorat
2723 1260 2937 1337 nobie,

724 1364 857 1442 sed,
907 1363 986 1427 de
1032 1362 1284 1446 quibuS,
1337 1362 1408 1425 in
1465 1368 1793 1440 contextu,
1846 1360 2115 1425 verbum
2175 1361 2449 1424 nullum.
2546 1362 2718 1425 Vide
2763 1385 2938 1441 vero,

724 1489 917 1550 quam
947 1466 1054 1531 hie
1089 1465 1297 1528 multa
1340 1472 1579 1548 peccet.
1672 1465 1817 1528 Nec
1846 1464 2020 1527 enim
2051 1466 2286 1527 Petrus
2315 1464 2407 1528 ibi
2437 1464 2658 1529 docuit
2688 1487 2938 1528 necesse

723 1591 854 1633 esse
890 1570 1041 1653 eligi
1079 1590 1268 1632 unum
1293 1596 1312 1630 .-
1379 1568 1508 1632 Sed
1549 1574 1829 1649 oportere
1873 1572 2088 1630 testem
2125 1588 2313 1630 unum
2339 1570 2493 1650 fieri
2510 1578 2553 1630 ⁸.
2644 1568 2935 1653 (Iterum

727 1673 832 1737 hic
881 1673 1211 1756 Scriptura
1254 1672 1590 1753 mutatur),
1627 1671 1996 1733 Statum-unt
2040 1670 2214 1748 duos,
2245 1671 2468 1733 electos
2499 1692 2720 1735 annon
2752 1673 2939 1736 nulla

724 1776 819 1840 ibi
847 1776 1112 1839 mentio.

793 1910 1166 1973 Confugerunt.
1192 1947 1204 1959 .
1230 1946 1243 1959 .
1267 1911 1333 1960 ad
1366 1911 1635 1960 eonsilium
1674 1909 1904 1969 sortium,
1948 1924 2048 1973 quo
2093 1909 2150 1958 in
2193 1908 2342 1958 rebus
2375 1908 2548 1959 dubiis
2587 1911 2666 1959 uti
2701 1911 2941 1962 solebant

855 1993 888 2041 J
893 1992 1025 2041 udaei
1030 2027 1270 2042 .......
1293 1992 1506 2043 Orantes
1527 1992 1710 2052 Deum,
1733 1995 1792 2042 nt
1813 2027 1826 2042 .
1852 2026 1865 2040 .
1891 2029 1904 2042 .
1927 1989 2215 2042 ostenderet
2235 2005 2294 2041 eo
2315 1991 2479 2053 signo,
2501 2007 2648 2055 quem
2674 1994 2785 2057 ipse
2810 2010 2939 2058 ptae·

856 2073 1102 2135 elegisset.
1160 2072 1263 2122 Ubi
1285 2078 1456 2123 autem
1479 2072 1665 2123 cecidit
1685 2088 1791 2122 sors
1812 2088 1962 2136 super
1984 2071 2275 2132 Matthiam.
2298 2073 2398 2136 ipsi
2417 2088 2612 2137 quoque
2635 2090 2753 2124 eum
2776 2076 2939 2139 elege-

859 2158 979 2202 runt
1000 2189 1012 2201 .
1037 2190 1050 2203 .
1075 2191 1086 2202 .
1112 2154 1300 2217 partim
1335 2154 1534 2217 judicio
1577 2161 1632 2204 et
1669 2154 1880 2204 consilio
1913 2155 2132 2217 proprio,
2174 2154 2362 2217 partim
2406 2157 2618 2204 sortium
2657 2158 2942 2207 auxilio.-

861 2234 1008 2300 [Bell.
1031 2236 1180 2298 Apol.
1201 2249 1292 2298 pro
1308 2236 1485 2299 Resp]
1509 2251 1557 2299 p.
1578 2237 1688 2287 175.
1725 2236 1858 2300 [Op.‚
1877 2241 1997 2285 tom.
2023 2236 2110 2285 vii.
2133 2236 2246 2287 coll.
2270 2236 2381 2286 802.
2406 2236 2467 2285 D.
2492 2239 2602 2288 803.
2627 2237 2720 2301 Α]

437 2369 580 2445 sog-to
818 2353 961 2415 Nec
992 2352 1034 2415 J
1040 2351 1205 2415 udaei
1248 2353 1518 2415 sortibus
1560 2353 1657 2415 uti
1698 2353 1975 2416 solebant
2007 2354 2097 2416 ad
2123 2354 2465 2434 consilium,
2515 2355 2627 2419 sed
2665 2356 2747 2419 ad
2786 2379 2941 2422 sen·

458 2434 637 2498 ΝΜ]
730 2456 1024 2536 tentiam,
1054 2456 1312 2541 litisque
1341 2455 1731 2535 terminum3
1778 2478 2007 2540 neque,
2041 2457 2207 2521 datis
2239 2458 2535 2538 sortibus,
2567 2459 2838 2525 orabant
2868 2470 2942 2525 ut

730 2561 1092 2638 ostenderet,
1125 2581 1300 2641 quem
1328 2562 1460 2641 ipse
1475 2561 1917 2642 praeeleyisset.
1976 2562 2332 2645 (Proeeleqit
2360 2563 2528 2626 hanc
2559 2563 2679 2627 sibi
2709 2587 2938 2629 vocem

728 2664 887 2747 ipse)
946 2664 1092 2741 Sed,
1142 2671 1209 2726 tu
1255 2666 1519 2726 Domine
1577 2663 1844 2743 ostende,
1896 2685 2071 2745 quem
2118 2663 2429 2748 elegeris&
2518 2668 2753 2750 Neque
2799 2691 2939 2732 cum

731 2768 1051 2831 cecidisset
1107 2789 1293 2848 super
1343 2753 1687 2831 Matthiam
1729 2787 1885 2846 sors,
1946 2769 2069 2849 ipsi
2120 2789 2355 2850 quoque
2410 2791 2547 2833 eum
2599 2773 2937 2853 eleqerunt.

732 2872 966 2954 Neque
1001 2872 1342 2954 (quantum
1373 2872 1634 2955 quidem
1664 2893 1743 2935 ex
1772 2872 2089 2954 scriptura
2117 2874 2393 2955 constat)
2432 2874 2759 2958 quippiam
2791 2887 2939 2959 post

731 2975 1024 3038 fecerunt
1040 3001 1059 3051 ;
1107 2995 1325 3036 verum
1364 2981 1805 3038 annumeratus
1848 2977 2064 3038 statim
2108 2982 2200 3038 est
2230 2976 2549 3040 Matthias
2578 2999 2715 3040 cum
2745 2981 2939 3043 unde-

732 3078 851 3138 cim
863 3086 910 3140 ¹¹.
1006 3077 1238 3158 Neque
1269 3076 1547 3160 denique
1577 3078 1750 3140 Deus
1786 3080 1987 3159 eleqit,
2019 3085 2080 3142 et
2107 3080 2397 3160 Apostoli
2425 3081 2739 3163 eleyerunt
2778 3105 2938 3161 eum,

721 3179 961 3258 partim
985 3178 1235 3258 judicio
1267 3181 1552 3259 proprio,
1584 3181 1827 3260 partim
1865 3184 2125 3245 sortium
2164 3184 2420 3245 auxilia.
2514 3183 2677 3248 Haec
2716 3188 2942 3250 omnia

732 3303 773 3343 a
823 3280 1165 3344 Cardinale
1225 3287 1399 3344 sunt.
1492 3282 1706 3348 Quam
1772 3286 1963 3348 toties
2021 3285 2127 3349 hie
2184 3287 2420 3369 repetit
2468 3288 2740 3369 eligendi
2791 3312 2939 3365 vox,

735 3385 930 3447 semel
959 3383 1152 3447 modo
1180 3384 1251 3446 in
1284 3390 1590 3448 contextu
1630 3394 1771 3465 est3
1819 3408 1892 3450 ae
1937 3396 2077 3451 tum
2124 3389 2266 3452 Deo
2311 3389 2430 3452 soli
2476 3389 2743 3454 tributa.
2846 3394 2941 3455 Tu

735 3489 997 3551 Domine
1026 3489 1293 3566 ostende,
1328 3508 1502 3569 quem
1532 3490 1832 3571 eleyeris;
1882 3489 1992 3572 qui
2015 3490 2366 3553 Matthiam
2395 3490 2485 3554 ibi
2517 3492 2687 3556 solus
2717 3494 2939 3577 elegit.

800 3633 943 3692 Quod
968 3670 980 3683 .
1005 3670 1016 3682 .
1046 3671 1057 3683 .
1083 3649 1176 3684 nos
1215 3634 1433 3697 legimus
1470 3640 1831 3685 annumeratus
1865 3640 1943 3684 cst
1964 3671 1976 3684 .
2000 3672 2014 3685 .
2038 3668 2069 3692 .,
2094 3635 2151 3685 in
2187 3634 2364 3687 Groeoo
2387 3672 2400 3685 .
2423 3672 2436 3685 .
2462 3673 2474 3686 .
2499 3642 2592 3697 est,
2615 3637 2943 3703 [σηκατεψψ

863 3715 1029 3777 ‹pico-m
1050 3713 1102 3764 id
1126 3715 1243 3778 est,]
1264 3714 1515 3778 suffugiis
1535 3716 1723 3766 electus
1740 3719 1830 3776 est,
1849 3719 1908 3766 ut
1930 3717 2085 3766 etiam
2108 3716 2356 3780 interpres
2375 3716 2721 3781 chrysostomi
2742 3723 2947 3771 vertit'.

866 3796 991 3846 Bell.
1016 3798 1164 3861 Apol.
1190 3812 1280 3861 pro
1303 3796 1478 3861 Resp]
1501 3812 1549 3861 p.
1579 3798 1636 3848 17
1641 3800 1686 3848 5.
1726 3797 1861 3861 [Op.,
1885 3801 2008 3847 tom.
2032 3799 2121 3847 vii.
2142 3798 2254 3848 coll.
2279 3801 2392 3849 802.
2406 3798 2467 3849 D.
2493 3802 2604 3851 808.
2620 3800 2706 3865 A.]

409 3895 655 4023 {ggiffiss
820 3897 1017 3972 Nam,
1050 3895 1221 3980 quod
1249 3896 1508 3978 vapulat
1547 3895 1642 3958 illi
1675 3897 1813 3980 jam
1841 3902 2016 3958 vetus
2058 3898 2377 3978 Interpres
2414 3920 2588 3978 sune,
2619 3899 2767 3984 (qui
2798 3902 2944 3964 Tri-

735 3999 914 4063 denti
952 3999 1048 4062 ita
1087 3998 1296 4062 factus
1337 3999 1766 4077 authentiouS,
1804 4006 1879 4062 ut
1922 3999 2103 4083 rejici
2147 4000 2326 4064 nullo
2370 4002 2565 4066 modo
2603 4012 2822 4086 posset
2841 4015 2881 4042 ¹*
2895 4005 2945 4089 :)

796 4195 819 4227 ‘1
882 4186 1022 4236 Oonf.
1048 4184 1157 4235 Gal.
1181 4186 1214 4234 i.
1239 4188 1283 4233 1.
1876 4185 2129 4249 Chrysost.
2173 4186 2325 4238 Hom.
2365 4187 2461 4239 111.
2498 4189 2556 4238 in
2600 4189 2718 4239 Aet.
2758 4193 2941 4255 Apost.

798 4260 817 4281 ¹
886 4251 1082 4301 Terent.
1109 4250 1245 4300 And.
1311 4250 1400 4300 rol.
1417 4250 1491 4314 3.]
1876 4250 1991 4300 Dea.
2025 4252 2233 4301 Erasmo
2278 4253 2486 4316 interpr.
2522 4254 2634 4317 Op„
2669 4260 2795 4304 tom.
2819 4258 2855 4306 i.
2893 4273 2941 4321 p.

797 4323 814 4345 ⁸
876 4316 988 4364 Act.
1014 4316 1190 4378 Apost.
1215 4315 1248 4362 i.
1265 4313 1365 4378 22]
1878 4318 1986 4365 139.
2020 4315 2075 4365 Β.
2113 4316 2265 4366 Basil.
2290 4317 2477 4382 1530]

798 4381 815 4411 ‘
887 4379 1016 4428 Ibid.
1052 4394 1150 4429 ver.
1177 4379 1282 4442 24.J
1941 4367 1984 4411 ’9
2008 4380 2060 4407 “‘
2107 4380 2318 4446 Insuper
2389 4382 2563 4433 eadem
2622 4391 2943 4435 sacrosancta

797 4451 819 4473 ¹¹
889 4442 1017 4491 lbid.
1052 4458 1151 4492 ver.
1177 4444 1283 4507 26.]
1877 4459 2017 4506 syno«
2040 4461 2098 4494 us
2139 4483 2149 4494 .
2173 4482 2184 4494 .
2211 4484 2221 4494 .
2256 4448 2438 4496 statuit
2493 4452 2546 4496 et
2589 4446 2833 4508 declarat,
2886 4456 2944 4499 ut

797 4513 816 4532 '
896 4510 925 4533 “
952 4507 1215 4568 Suffragiis
1274 4507 1478 4558 additus
1536 4508 1721 4557 est.'’-
1736 4507 1785 4557 S.
1878 4509 1985 4559 haec
2022 4511 2132 4573 ipsa
2162 4516 2308 4561 vetus
2342 4516 2395 4561 et
2418 4512 2626 4575 vulgata
2657 4512 2821 4563 editio
2846 4550 2859 4562 .
2891 4555 2898 4562 .
2930 4550 2942 4563 .
