3165 4959
694 319 824 382 218
1323 331 1409 377 AD
1454 291 1835 376 nmmum
1876 324 2276 373 nmmum

371 507 667 571 [Ecclesiam
784 490 875 551 At
919 486 989 550 in
1033 486 1331 551 Articulo
1401 486 1478 548 de
1522 485 1815 548 Ecclesia
1867 483 2213 559 Catholica,
2269 481 2516 564 Regem
2590 483 2912 560 convenit,

369 573 587 701 {gffffu‘
697 591 903 673 magis
934 591 1069 673 ipse
1099 586 1595 653 conveniendus,
1689 587 1979 648 Ecclesia
2010 585 2204 662 enim,
2236 606 2423 666 quam
2452 585 2655 663 habet,
2688 607 2913 668 quam-

483 675 494 696 ’
699 715 823 777 que
865 694 1237 757 moderatur
1277 693 1436 770 Rex,
1468 691 1827 755 Britannice
1853 690 2020 770 fines
2071 710 2194 752 non
2223 690 2545 771 epi-editur
2574 698 2641 754 et
2674 691 2914 754 Hiber-

698 798 825 860 niae
842 822 860 873 3
909 805 975 859 at
1022 796 1223 858 credit
1268 803 1489 857 tamen
1531 794 1944 869 Catholicann
1980 813 2102 855 nec
2143 793 2530 855 Catholicam
2575 792 2733 857 dicit
2762 794 2916 856 Bri-

700 900 930 961 tannioe
982 897 1086 962 vel
1115 897 1357 979 finibus
1403 897 1505 959 vel
1543 896 1681 977 fide
1725 895 2276 977 circumscriptam
2306 902 2529 959 tamen
2548 922 2567 973 ς
2615 897 2726 960 sed
2769 904 2915 960 tum

701 1001 933 1079 verbiS,
989 1010 1135 1063 tum
1196 1021 1389 1062 sensu
1449 999 1856 1075 Catholicam,
1904 1017 2139 1079 nempe
2196 1004 2335 1060 toto
2388 1004 2710 1061 terrarum
2758 999 2917 1063 orbe

699 1103 1224 1186 proseminatam.
1318 1102 1407 1165 At
1457 1099 1816 1165 Cardinalis
1875 1099 2261 1162 Catholicam
2314 1121 2445 1163 non
2505 1100 2729 1180 credit,
2790 1102 2919 1164 nisi

702 1207 1050 1268 Romanam
1099 1205 1335 1274 addat:
1385 1204 1631 1267 diffisus
1677 1203 1918 1266 scilicet
1967 1204 2300 1264 Catholicoe
2330 1223 2443 1284 per
2473 1224 2560 1280 se,
2593 1211 2786 1287 atque
2825 1205 2920 1268 ita

701 1310 898 1392 hujus
928 1309 1207 1370 Articuli
1236 1328 1446 1389 neque
1477 1328 1736 1369 sensum
1767 1312 1967 1383 tenet,
1999 1326 2210 1388 neque
2230 1305 2441 1369 verba.
2490 1307 2689 1368 Roma
2721 1307 2918 1386 enim,

702 1434 850 1496 pars
908 1412 1254 1475 Universi:
1322 1412 1630 1489 Romana,
1679 1409 2083 1492 particularis
2148 1408 2218 1470 in
2287 1409 2669 1475 universali:
2740 1412 2921 1474 venit

704 1538 859 1599 ergo
884 1522 1111 1579 contra
1140 1523 1204 1579 et
1218 1515 1436 1597 fidena,
1470 1513 1581 1597 qui
1612 1514 1960 1575 Romanam
1998 1512 2334 1574 Catholicae
2363 1513 2677 1595 aequalem
2723 1513 2918 1578 facit:

704 1628 771 1682 et
800 1640 949 1682 vero
979 1619 1305 1695 rationem,
1341 1617 1450 1701 qui
1483 1622 1679 1679 totum
1698 1621 1891 1695 parte
1921 1635 2036 1676 sua
2067 1616 2274 1695 majus
2303 1636 2436 1678 non
2467 1615 2731 1680 fatetur.

770 1769 949 1833 Neque
972 1785 1140 1819 veram
1164 1773 1480 1832 peccatorum
1502 1768 1851 1818 remissionem
1875 1767 2075 1817 credere
2097 1771 2281 1831 potest,
2305 1769 2393 1830 qui
2422 1783 2540 1816 cum
2573 1768 2625 1817 N
2629 1770 2925 1820 emtoribus

837 1851 1008 1900 credat
1030 1855 1232 1914 peccata
1253 1865 1451 1913 semper
1471 1848 1662 1899 haerere
1684 1851 1742 1899 in
1764 1849 1986 1909 homine,
2009 1850 2337 1911 quantumvis
2359 1848 2655 1912 justificato,
2689 1852 2924 1913 quamvis

837 1947 938 1981 non
960 1931 1508 1996 imputentur.—[Bell.
1525 1932 1673 1994 Apol.
1698 1946 1790 1995 pro
1815 1929 1986 1994 Resp]
2009 1945 2058 1994 p.
2078 1932 2158 1980 84.
2182 1929 2316 1994 [Op.,
2337 1935 2459 1981 tom.
2479 1932 2563 1980 vii.
2590 1931 2686 1981 col.
2705 1933 2816 1984 752.
2835 1932 2925 1996 A]

383 2071 649 2136 [remissio-
798 2058 927 2121 Sed
956 2080 1186 2142 neque,
1220 2059 1297 2121 de
1319 2059 1680 2121 remissione
1696 2064 2103 2139 peccatorum
2133 2055 2327 2119 fidem
2358 2055 2543 2119 nobis
2570 2057 2882 2140 relinquit
2903 2085 2922 2137 ς

383 2150 686 2249 ffissgeffet
712 2160 902 2244 quod,
936 2164 1058 2225 etsi
1087 2162 1159 2225 in
1187 2183 1379 2225 carne
1409 2170 1636 2225 nostra
1664 2162 1908 2225 haerere
1938 2168 2275 2245 peccatum
2306 2158 2677 2239 sentiamus,
2703 2162 2926 2225 creda-

384 2265 598 2314 minime
712 2288 857 2329 mus
892 2273 1134 2344 tamen,
1173 2288 1296 2347 per
1354 2266 1592 2328 Christi
1635 2267 1918 2348 qratiam
1968 2287 2091 2329 non
2130 2265 2449 2346 imputari.
2542 2265 2698 2328 Non
2745 2287 2922 2348 erg0,

382 2328 578 2393 negat]
713 2390 862 2432 cum
905 2370 1220 2451 Apostolo
1239 2368 1275 2448 f,
1320 2370 1697 2447 Cardinalis,
1746 2378 1813 2432 et
1855 2369 2101 2432 Davide
2120 2377 2146 2417 8
2191 2368 2637 2430 beatitudinem
2681 2368 2925 2432 diceret

711 2473 997 2552 hominis,
1024 2474 1125 2536 cui
1153 2474 1326 2536 Dea-3
1350 2479 1603 2554 accepto
1630 2472 1772 2555 fert
1791 2473 2121 2554 justitiam
2149 2473 2285 2535 eine
2315 2472 2622 2553 operibus.
2713 2473 2923 2553 Beati,

711 2597 969 2657 quorum
998 2578 1272 2639 remissae
1300 2583 1444 2639 sunt
1476 2578 1862 2658 iniquitates,
1896 2582 1956 2637 et
1986 2597 2247 2658 quorum
2279 2582 2443 2638 tecta
2472 2583 2617 2638 sunt
2635 2584 2926 2657 peccata.

713 2681 957 2742 Beatus
978 2680 1095 2758 vir,
1118 2681 1219 2742 cui
1238 2702 1359 2743 non
1381 2681 1713 2761 imputavit
1733 2680 1904 2743 Deus
1915 2685 2263 2759 peccatum.
2314 2682 2569 2762 ‘Apage
2587 2701 2736 2743 vero
2757 2680 2926 2743 hanc

716 2782 1160 2845 beatitudinem
1206 2783 1472 2847 Davidis
1519 2790 1585 2846 et
1627 2783 1833 2860 Pauli,
1886 2789 1952 2845 et
2001 2781 2302 2858 Abrahae,
2368 2782 2480 2864 (ait
2514 2783 2916 2865 Cardinalis,)

717 2885 939 2965 Majus
986 2906 1140 2966 opus
1190 2907 1396 2949 moveo
1414 2884 1463 2949 ¹¹.
1556 2887 1644 2949 Et
1703 2884 1978 2969 proprie,
2025 2892 2093 2947 et
2143 2885 2213 2947 in
2261 2892 2496 2963 totum,
2548 2887 2736 2968 plene
2791 2889 2929 2949 tolli

718 2989 883 3063 volo,
914 3010 1048 3051 non
1079 2991 1205 3070 teyi
1228 3017 1246 3051 .·
1294 2995 1559 3072 peccata
1592 2997 1658 3052 et
1692 2990 2010 3069 amputari
2053 2989 2332 3071 penitus,
2364 3010 2499 3051 non
2536 2997 2753 3052 autem
2795 3012 2930 3054 non

720 3092 1041 3171 imputari.
1137 3092 1208 3155 Si
1250 3097 1419 3173 ἱεραί
1464 3092 1666 3168 Deus»,
1707 3092 1761 3154 si
1807 3112 1930 3154 non
1964 3092 2244 3171 imputet,
2291 3091 2421 3153 sint
2465 3100 2740 3174 oportet,
2788 3114 2932 3176 quae

720 3198 909 3273 ἱεραί,
943 3202 1008 3254 et
1046 3214 1169 3254 non
1214 3195 1490 3273 imputet.
1580 3194 1725 3275 Ego
1770 3194 1950 3256 nulla
1977 3194 2142 3271 volo,
2174 3213 2259 3255 ne
2300 3214 2438 3267 esse
2471 3194 2732 3277 quidem
2760 3197 2928 3275 volo,

721 3316 864 3376 quae
904 3295 974 3357 in
1011 3296 1325 3377 me'teyat
1348 3324 1366 3357 :
1418 3317 1559 3379 quae
1594 3296 1756 3358 mihi
1794 3297 1972 3359 Deus
2014 3302 2280 3379 peccata
2320 3317 2441 3359 non
2488 3298 2766 3377 imputet.
2862 3299 2934 3361 Si

721 3399 990 3461 remissa
1019 3407 1190 3477 sunt,
1218 3400 1471 3463 sublata
1501 3406 1673 3478 sunt,
1691 3400 1950 3482 penitus
1979 3400 2158 3463 nulla
2190 3408 2360 3479 sunt,
2395 3406 2737 3483 teyumento
2769 3423 2932 3485 opus

485 3498 611 3563 163
724 3523 859 3566 non
892 3503 1133 3566 habent
1165 3505 1340 3586 (nam
1372 3503 1544 3586 quod
1573 3525 1706 3567 non
1738 3511 1854 3581 cst,
1891 3504 2015 3585 teyi
2046 3525 2178 3565 non
2209 3505 2475 3586 potest):
2523 3504 2577 3567 si
2607 3511 2934 3588 amputata

727 3607 1003 3689 penitus,
1038 3609 1337 3688 imputari
1367 3609 1744 3691 nequeunt.’
1823 3607 2070 3670 Siccine
2101 3628 2251 3671 vcro
2279 3608 2699 3671 remissionem
2728 3610 2935 3672 credit

727 3711 1108 3790 CardinaliS,
1142 3721 1216 3775 ut
1250 3734 1382 3775 non
1420 3711 1640 3775 credat
1679 3733 1803 3773 non
1847 3711 2315 3792 imputationem
2342 3712 2373 3772 .?
2460 3712 2552 3773 At
2582 3733 2699 3775 nos
2730 3713 2939 3776 credi-

726 3837 871 3878 mus
914 3817 1351 3898 (quantumvis
1392 3818 1458 3878 in
1496 3837 1562 3878 se
1604 3815 1877 3896 confidat
1923 3821 2222 3895 tanquam
2242 3816 2444 3896 justo,
2477 3820 2538 3876 et
2568 3822 2939 3896 aspernetur

727 3918 1030 4001 coeterosi)
1061 3921 1302 3983 haerere
1335 3919 1529 3983 etiam
1561 3920 1632 3982 in
1662 3941 1738 3982 eo
1773 3927 2130 4001 peccatum,
2163 3926 2229 3981 et
2260 3918 2498 3981 sentire
2534 3918 2657 3982 hoc
2686 3941 2834 3983 eum
2863 3921 2938 3984 in

727 4043 956 4104 seipso.

795 4141 894 4191 Sed
917 4141 979 4191 de
996 4142 1077 4190 his
1099 4143 1263 4192 multa
1281 4143 1339 4192 in
1359 4143 1727 4193 controversiis
1749 4143 1993 4202 diximus,
2012 4158 2126 4204 quae
2149 4142 2423 4205 repetenda
2445 4157 2550 4192 non
2571 4142 2939 4206 sunt-[Bou

862 4225 1010 4286 Apol.
1036 4239 1128 4288 pro
1153 4224 1326 4289 Resp.]
1349 4241 1398 4289 p.
1423 4227 1500 4276 84.
1528 4226 1652 4290 [Op.
1692 4230 1816 4275 tom.
1837 4226 1924 4273 vii.
1948 4225 2041 4274 col.
2062 4226 2173 4275 ³752.
2191 4224 2278 4285 A]

801 4465 814 4496 ‘
862 4467 1003 4517 Rom.
1030 4471 1093 4517 iv.
1120 4474 1164 4518 6.
1945 4469 1965 4500 *¹
2001 4469 2171 4597 [virg.
2200 4468 2311 4517 AEn.
2335 4469 2421 4517 vii.
2443 4467 2545 4531 45.]

802 4539 824 4569 ⁸
858 4532 960 4593 [vs.
984 4534 1147 4581 xxxii.
1176 4536 1337 4592 (xxxi.
1360 4536 1534 4597 Vulg.)
1559 4535 1626 4598 1.]
1943 4535 1955 4565 ³
2031 4534 2146 4584 Luc.
2169 4535 2314 4584 xviii.
2339 4532 2407 4596 9.]
